2504 3425
716 135 1733 198 M.SA1„vxthO·rHo.
2167 174 2270 230 595

169 231 209 280 se
227 245 341 294 paene
363 225 648 274 internecione
673 226 909 289 amplissimi
929 229 1086 275 ordinis
1106 245 1294 293 expertus
1318 230 1388 278 est.
1459 235 1670 281 Placuerat
1692 249 1766 296 per
1788 235 2002 286 clamat-ios
2016 256 2123 287 arina
2140 259 2267 294 trans-

170 295 296 349 ferri,
326 291 568 353 remittique
593 289 780 336 navibuS.
848 292 911 337 Ea
928 309 1024 339 cum
1050 295 1094 339 in
1116 293 1252 341 castris
1274 294 1350 341 sub
1377 297 1544 343 ηοᾶεητ
1566 314 1877 360 promerentur,
1913 303 2074 351 insidias
2093 309 2259 366 quidam

164 357 355 419 suspicati
377 390 392 412 ,
425 353 654 400 tumultum
677 355 957 402 excitaverunt
983 374 993 401 ε
1038 374 1084 403 ac
1109 374 1277 421 repente
1299 376 1446 405 omnes
1465 395 1478 416 ‚
1522 363 1639 408 nullo
1658 379 1773 411 certo
1795 364 1900 410 duce
1926 402 1937 420 ‚
1974 371 2015 412 in
2057 371 2259 421 Palatium

166 433 458 474 cucurrerunt,
492 417 645 463 caedem
668 415 829 464 senatus
845 418 1100 484 flagitantes:
1135 422 1383 485 repulsisque
1406 424 1698 482 tribunorum,
1730 428 2008 492 quiinliibere
2023 433 2260 495 tentabant,

162 483 379 530 nonnullis
402 487 446 529 &
466 479 608 526 occifis
629 515 644 536 ,
676 479 778 527 ficut
803 498 919 529 erant
939 486 1098 530 cruenti
1120 518 1133 540 ‚
1169 486 1340 531 ubinam
1365 491 1596 548 Imperator
1619 489 1714 536 eflet
1737 494 1993 556 requirentes
2014 530 2028 550 ,
2062 513 2262 562 perrupe-

158 561 256 595 runt
275 547 319 592 in
339 545 568 593 triclinium
591 543 747 606 usque,
782 561 860 591 uec
883 546 960 592 nisi
983 545 1069 593 viso
1088 546 1343 593 destiterunt.
1411 551 1735 612 Expeditionem
1758 570 1894 601 autem
1917 559 2095 622 impigre
2127 578 2252 610 atoue

160 613 286 657 etiam
308 625 564 672 praepropere
584 608 830 654 inchoavit:
864 610 975 656 nulla
997 626 1049 655 ne
1069 611 1327 671 religionum
1354 614 1525 673 quidem
1551 632 1643 661 cura
1663 652 1676 671 ,
1721 617 1788 664 sed
1814 623 1858 665 ἅτ
1884 623 2008 668 motis
2041 640 2118 669 nec
2151 607 2250 675 dum

161 675 342 720 conditis
361 671 588 727 ancilibus,
622 671 737 733 quod
759 673 988 734 antiquitus
1018 670 1246 718 infaustum
1278 674 1525 720 haberetur:
1567 683 1610 724 δι
1638 681 1705 725 die
1729 717 1742 737 ‚
1783 700 1872 746 quo
1896 686 2073 733 cultores
2102 691 2250 737 Deum

159 739 299 784 matris
321 736 533 783 lamentari
556 738 602 780 &
624 735 820 796 plangere
834 736 1065 796 incipiunt:
1102 750 1289 796 praeterea
1312 736 1595 785 adverfiffimis
1617 741 1816 804 auspiciis
1881 750 1997 795 Nam
2022 754 2065 796 ὃ(
2081 754 2249 801 victima

158 803 257 848 Diti
282 803 382 863 patri
406 800 501 846 caesa
525 799 680 844 litavit:
715 814 812 843 cum
831 798 899 842 tali
919 797 1120 844 sacrificio
1147 801 1348 845 contraria
1372 799 1480 845 exsta
1503 805 1668 862 potiora
1694 806 1783 852 lint.
1848 811 1905 854 Et
1928 815 2064 872 primo
2089 817 2245 878 egressu

155 863 498 912 inundationibus
512 861 685 907 Tiberis
698 859 943 918 retardatus,
965 861 1014 907 ad
1028 877 1092 906 xx.
1117 862 1241 908 etiam
1260 862 1442 925 lapidem
1462 867 1580 912 ruina
1600 866 1870 916 aedificiorum
1882 876 2114 934 praeclusam
2136 882 2244 926 viam

1928 949 1931 952 ’
2107 942 2246 988 offen-

469 994 517 1035 ’Τ
540 1008 565 1032 o
595 1007 618 1032 R
649 1007 673 1037 n
702 1003 724 1030 Ε
754 1006 779 1031 N
811 1006 846 1032 τ.
1197 1020 1199 1024 v
1224 997 1412 1048 mophoria
1429 1000 1550 1037 Cereri
1567 999 1830 1041 celebrabantur
1847 1003 1989 1043 Athenis
2006 1006 2144 1044 summo
2164 1025 2244 1050 cum

204 1056 253 1087 Et
271 1047 487 1099 placuerum]
520 1045 641 1083 Melius
668 1056 748 1082 mss.
771 1048 808 1080 &
828 1044 907 1083 edit.
937 1045 1169 1089 Germanica,
1195 1025 1201 1090 l
1225 1047 1328 1086 luctu.
1380 1052 1438 1087 De
1454 1050 1578 1101 quibus
1592 1050 1762 1090 Plutarch.
1791 1053 1968 1092 Alcibiade
1987 1084 2001 1100 ,
2043 1060 2081 1094 &
2110 1060 2246 1099 Demo-

150 1101 353 1144 Placuerut,
383 1098 456 1136 fine
477 1094 552 1141 δ’,
573 1100 601 1131 Ρ
618 1094 818 1141 majuscula.

204 1155 267 1187 Per
285 1147 460 1197 claffi'arios
475 1158 576 1185 arma
603 1145 795 1191 transferri.
812 1145 829 1191 J
873 1143 1010 1182 Ostiam
1031 1144 1165 1185 scilicet.

148 1199 241 1237 Vide
263 1201 436 1238 Tacitum.
495 1199 553 1234 De
569 1195 738 1234 claffiariis
754 1208 893 1246 quoque
913 1197 987 1243 jam
997 1205 1076 1233 ante
1087 1195 1169 1233 dixi·

149 1263 228 1287 mus
247 1250 348 1288 Galb.
360 1262 436 1300 cap.
449 1261 491 1286 xx
504 1261 532 1285 1.

203 1305 244 1337 ln
261 1300 438 1337 Palatium
455 1295 710 1342 cucurrerunt.]
769 1295 849 1334 Lib.
889 1309 976 1333 unus
999 1309 1168 1335 concurre-

149 1360 232 1386 runt
246 1378 258 1394 ,
289 1364 365 1403 quae
385 1363 456 1389 vox
474 1348 554 1385 sane
570 1348 620 1383 rei
634 1357 737 1384 tantae
756 1347 869 1396 magis
887 1349 1062 1387 convenit.
1119 1349 1167 1385 si-

150 1399 244 1438 milis
263 1400 358 1438 locus
371 1401 442 1437 Tit.
465 1410 540 1449 cap.
564 1397 622 1433 ult.

202 1447 464 1500 Perruperunt.]
500 1452 584 1487 Duo
600 1445 701 1485 codd.
715 1454 939 1496 proruperunt
956 1475 969 1492 ‚
1005 1458 1041 1485 ut
1061 1451 1099 1485 ὃ(
1116 1448 1166 1487 in-

149 1510 324 1551 terpretes.
545 1517 548 1519 ·
893 1546 901 1554 ·

203 1551 332 1595 Motis,
361 1550 505 1587 necdum
521 1546 614 1587 cond.
636 1545 839 1595 σκῶψαι]
869 1549 967 1585 Sic&
979 1549 1090 1588 Tacit.
1104 1563 1164 1588 ex-

147 1610 261 1637 tremo
275 1600 332 1638 lib.
350 1615 377 1637 1.
410 1600 538 1638 Histor.
595 1603 745 1634 Fuerunt
773 1597 930 1648 (inquit)
953 1601 1012 1649 qui
1031 1601 1160 1649 profici-

138 1650 249 1697 flenti
265 1651 391 1687 Othoni
412 1662 544 1688 moram
569 1646 823 1696 religionemque
847 1650 998 1685 nondum
1020 1651 1165 1687 condito-

144 1712 223 1736 rum
240 1700 441 1737 anciliorum
454 1700 641 1746 adferrent.
698 1700 779 1734 Hoc
803 1698 884 1746 quid
899 1697 940 1735 sit
958 1727 970 1742 ,
1005 1702 1162 1739 Servium

144 1749 338 1787 audiamus.
365 1751 393 1787 is
406 1750 502 1786 enim
517 1749 576 1786 lib.
589 1761 696 1785 v111.
728 1748 863 1785 AEneid.
892 1749 927 1784 in
945 1749 1025 1786 illud
1045 1753 1162 1803 Virgi-

144 1799 200 1843 lii,
217 1805 329 1848 'utque
347 1799 481 1848 impulit
501 1810 622 1840 arma,
651 1795 698 1832 fic
721 1797 853 1834 scribit:
882 1799 957 1846 Qi
970 1799 1045 1836 belli
1059 1801 1163 1849 βμε-

134 1852 236 1896 pera't
251 1861 392 1893 curam,
411 1849 607 1897 fizcrarium
624 1846 754 1883 Martis
772 1847 926 1895 ingreffics
936 1850 1048 1896 primo
1067 1853 1162 1888 anci-

140 1899 190 1934 lia
213 1898 443 1936 commovebat
460 1927 472 1942 ,
501 1898 568 1946 post!
595 1895 728 1942 hastam
753 1895 931 1945 fimulaori
954 1897 1050 1947 {Iasius
1085 1902 1159 1946 dei,

142 1950 276 1993 dicens,
305 1954 408 1993 Murs
427 1948 546 1997 vigila.
604 1947 712 1984 Metis
730 1959 816 1997 ergo
832 1948 867 1983 in
892 1947 982 1985 hunc
1008 1950 1159 1989 modum

138 1998 324 2043 ancilibus,
351 1998 546 2050 priusquam
563 1995 607 2033 de
625 2010 727 2034 more
754 1997 1041 2043 reconderentur,
1060 2001 1160 2039 Otho

139 2049 186 2086 a'd
213 2049 342 2087 bellum
362 2048 536 2099 profectus
557 2046 614 2084 est.
672 2049 785 2098 Atque
809 2048 854 2084 ita
872 2046 984 2085 ferme
1001 2051 1156 2090 Turneb.

138 2099 317 2138 Adversar.
329 2112 363 2139 v.
382 2112 458 2150 cap.
483 2113 511 2137 1.
537 2096 723 2136 Beroaldus
741 2110 827 2136 vero
846 2126 857 2141 ,
882 2100 1049 2148 quoniam
1059 2115 1158 2139 men·

137 2150 170 2186 se
194 2151 319 2187 Martio
337 2150 535 2200 profectum
552 2148 738 2186 Othonem
755 2147 886 2185 constat
900 2177 910 2192 ‚
937 2162 1034 2186 mora
1045 2179 1057 2194 ,
1075 2165 1158 2190 nec-

140 2200 225 2237 dum
243 2200 380 2238 condita
402 2199 521 2237 ancilia
541 2197 717 2247 intelligit,
736 2211 812 2248 quae
827 2199 902 2235 Salii
922 2199 964 2236 ad
976 2200 1155 2241 solenne-m

138 2249 234 2287 illum
251 2249 372 2288 saltum
391 2250 597 2302 deprompta
615 2249 774 2286 nondum
794 2249 1025 2299 reposuerant.
1086 2257 1156 2290 Ve-

140 2313 216 2336 rum
237 2302 314 2349 quia
329 2303 480 2339 Sueton:
489 2314 534 2337 eo
560 2300 616 2338 die
633 2296 748 2336 abiisse
763 2311 847 2336 *eum
866 2299 998 2344 scribit,
1023 2315 1094 2352 quo
1111 2302 1158 2340 sa-

140 2349 298 2386 cerdotes
324 2352 442 2388 Matris
469 2350 575 2387 deum
616 2348 796 2386 lamentari
822 2361 863 2385 ac
886 2351 1048 2401 plano-ere
1074 2354 1155 2391 inci-

164 2400 298 2442 iebant,
331 2400 398 2436 hoc
412 2399 481 2443 est,
508 2399 741 2438 antev1.Cal.
769 2399 915 2454 Aprilis,
941 2384 991 2447 (si
1011 2404 1156 2440 Marcel-

111 2495 114 2498 ⁴
138 2413 210 2485 lino
228 2449 422 2496 credimus)
457 2450 576 2486 ancilia
589 2462 674 2486 vero
699 2450 830 2485 mensis
848 2452 961 2489 Martii
979 2454 1074 2489 initio
1092 2455 1154 2490 cir-

142 2499 420 2536 cumferebantur
439 2527 451 2542 ,
502 2498 594 2549 quod
620 2511 661 2534 ex
693 2499 811 2536 Ovidii
845 2501 947 2538 Fastis
972 2502 1150 2548 discimus,

140 2552 173 2585 T
177 2551 306 2587 urnebo
324 2550 436 2600 poxius
452 2549 668 2587 accedamus.

192 2601 296 2647 Qod
314 2601 504 2649 antiquitus
521 2598 705 2644 infaustum
723 2597 940 2645 haberetur]
983 2603 1152 2650 Antiqui-

139 2659 194 2685 tus
211 2677 222 2691 ‚
247 2658 321 2699 ‘pro
340 2650 384 2686 ab
405 2651 504 2686 omni
532 2648 635 2698 usque
653 2648 849 2697 antiquitate
867 2676 878 2690 ‚
914 2659 970 2685 aut
990 2652 1153 2699 opinione

140 2701 327 2744 majomm.
357 2703 444 2736 Sane
460 2700 818 2736 &matrimoniatunc
827 2699 1152 2738 contrastainfausta

139 2749 364 2787 habebantur.
392 2750 498 2788 ovid.
518 2749 576 2786 lib.
597 2762 673 2785 111.
695 2746 817 2785 Fastor.

195 2801 396 2837 Lamentari
419 2799 472 2842 Εἴ
485 2797 679 2847 plangere.]
728 2798 852 2835 Similis
871 2797 976 2835 luilus
996 2800 1032 2836 in
1054 2798 1152 2838 sacris

141 2850 349 2888 Leucotheae
365 2850 455 2900 apud
479 2848 697 2886 Aristotelem
715 2847 772 2885 lib.
801 2862 852 2885 ιι.
895 2849 1070 2888 Rhetoric.
1108 2852 1152 2889 ad

97 2907 100 2909 ’
135 2899 396 2944 ’Τὶῑεοάοεῖεω
419 2905 455 2937 ὃ(
476 2899 694 2936 Plutarchum
716 2899 867 2934 Camillo
884 2927 895 2941 ,
917 2900 951 2936 in
963 2899 1060 2937 sacris
1079 2903 1154 2938 Ari-

140 2951 239 2986 adnae
262 2951 351 3001 apud
372 2949 591 2987 Plutarchum
608 2947 747 2985 Theseo
763 2977 774 2992 ‚
801 2949 835 2984 in
852 2948 950 2986 sacris
968 2953 1002 2987 H

141 3001 229 3050 apud
247 3001 415 3038 Ovidium
443 2999 681 3049 Metamorph.
720 3001 756 3036 δὲ
778 2999 985 3037 Athenaeum
1023 3001 1069 3038 ib.
1102 3017 1152 3042 lv.

140 3050 237 3090 Adde
254 3052 348 3090 diem
366 3064 437 3103 quo
453 3051 622 3102 Plynteria
640 3050 828 3094 Minervae,
853 3053 938 3089 item
955 3064 1026 3102 quo
1045 3052 1153 3093 Thes-
1206 3053 1279 3092 dies
1304 3053 1430 3091 Hilaria
1455 3052 1585 3092 dicitur.

1223 1097 1351 1137 sthene.

1281 1150 1444 1186 Viaimas
1460 1151 1540 1188 Diti
1551 1151 1648 1199 patri
1665 1152 1755 1199 casas
1775 1153 1854 1202 lit.]
1899 1157 1968 1193 Pro
1986 1158 2138 1196 viHimis
2165 1162 2246 1197 Dim.

1224 1197 1303 1247 cafis
1321 1199 1455 1237 litavit,
1513 1200 1629 1239 Simile
1654 1201 1735 1238 illud
1768 1204 1903 1253 Virgilii
1928 1206 2098 1257 sacrzsque
2134 1210 2245 1247 litatis

1226 1248 1364 1298 Indulge
1379 1247 1514 1297 hospitio
1531 1278 1543 1294 ,
1588 1263 1668 1288 cum
1686 1265 1758 1288 non
1774 1252 1866 1292 sacra
1883 1255 2018 1294 litemus
2032 1285 2046 1301 ,
2084 1257 2142 1296 sed
2169 1261 2240 1299 deo

1223 1298 1343 1342 sacris,
1368 1311 1404 1336 ut
1423 1299 1471 1336 ibi
1487 1302 1625 1339 monuit
1642 1303 1786 1340 Servius.
2190 1347 2192 1349 ,

1277 1350 1531 1388 Jnundationib.
1552 1350 1719 1399 Tiberia]
1763 1354 1835 1402 Qi
1864 1355 1926 1403 (ut
1944 1357 2052 1407 inquit
2068 1358 2154 1397 Plin.
2176 1359 2235 1399 lib.

1227 1412 1391 1451 111.cap.
1402 1399 1460 1447 v.)
1489 1410 1587 1438 vates
1612 1403 1858 1451 quodammodo
1883 1405 2086 1457 intelligitur
2115 1422 2155 1447 uc
2172 1424 2242 1448 me-

1219 1450 1328 1496 nitor,
1353 1451 1593 1500 nuciufimper
1612 1451 1792 1501 religiosus.

1499 1529 1918 1574 'CAsaunom

1272 1601 1318 1635 Et
1325 1600 1503 1648 placuerat
1514 1610 1575 1650 per
1593 1603 1660 1650 cl.]
1693 1603 1783 1640 Dele
1801 1601 1855 1645 δ’
1876 1615 1916 1641 ac
1935 1617 2027 1655 pone
2046 1605 2238 1646 melan-1..

1217 1645 1308 1692 ’γμ-ἦν
1327 1662 1407 1688 ante
1433 1653 1626 1690 Plasuemt.
1674 1654 1789 1703 incipit
1813 1665 1964 1705 namque.
1997 1657 2049 1693 hic
2074 1650 2236 1702 nari-are,

1216 1698 1311 1749 quod
1343 1701 1613 1752 praecedentibus
1656 1704 1770 1741 verbis
1815 1705 2044 1755 proposuerat.
2109 1709 2230 1758 Scripti

1215 1762 1342 1787 omnes
1380 1752 1469 1789 hunc
1503 1750 1663 1802 pusillum
1696 1766 1850 1790 errorem
1881 1755 2078 1804 agnoscunt.
2138 1760 2236 1795 Rem

1216 1811 1331 1837 narrat
1349 1802 1545 1840 Plutarchus
1562 1805 1749 1841 accuratius
1771 1818 1782 1839 :
1811 1815 1896 1843 nam
1912 1808 2096 1843 Suetonius
2123 1807 2233 1846 multa

1218 1861 1356 1888 omittit.
1503 1862 1505 1864 ’

1269 1903 1376 1938 Motis
1392 1903 1534 1940 necdum
1555 1904 1695 1941 conditis
1712 1902 1913 1952 ancilibus.]
1953 1906 2021 1943 Adi
2044 1905 2234 1957 Polybium

1212 1951 1248 1986 in
1263 1951 1463 2000 fragmento
1479 1953 1556 1990 libri
1573 1953 1616 1990 ab
1635 1953 1760 1991 Ursino
1784 1953 1863 1989 editi
1883 1967 2014 1993 xx111.
2036 1959 2073 1992 &
2092 1957 2234 1997 Livium

1213 2002 1248 2036 in
1267 2002 1392 2038 eadem
1411 2003 1547 2040 historia
1570 2004 1657 2041 libro
1680 2017 1830 2041 xxxvii,
1887 2005 2010 2043 Similis
2037 2006 2230 2055 superstitio

1213 2051 1345 2090 servata
1376 2053 1519 2090 Athenis
1534 2081 1546 2096 ,
1593 2066 1674 2090 curn
1699 2053 1919 2091 'celebrarent
1954 2055 2135 2104 Plynteria.
2171 2059 2232 2109 per

1214 2104 1286 2147 ejus
1306 2101 1381 2139 festi
1409 2102 1481 2140 dies
1507 2105 1673 2140 Minerva:
1699 2101 1919 2140 simulacrum
1942 2105 2122 2155 tegebatur
2141 2136 2153 2151 ,
2190 2121 2231 2146 ac

1213 2151 1347 2201 publice
1372 2154 1599 2202 privatimque
1617 2152 1797 2203 diligenter
1814 2152 2047 2192 observabant
2062 2185 2074 2199 ,
2116 2171 2160 2194 ne
2178 2159 2229 2195 in-

1213 2203 1340 2240 choato
1357 2202 1444 2239 festo
1464 2231 1475 2246 ‚
1505 2215 1568 2240 nec
1584 2202 1669 2239 dum
1697 2205 1861 2252 peracto,
1895 2207 2078 2255 quicquam
2104 2219 2229 2256 aggre-

1212 2251 1372 2290 derentur
1395 2267 1405 2290 2
1428 2253 1463 2289 id
1480 2255 1574 2290 enim
1593 2250 1776 2290 infaustum
1794 2254 1994 2291 habebatur.
2024 2257 2225 2306 Xenophon

1210 2301 1253 2338 de
1271 2303 1379 2340 reditu
1393 2302 1574 2340 Alcibiadis
1588 2304 1621 2339 in
1641 2304 1786 2355 patriam
1805 2303 1878 2352 post
1899 2303 2078 2341 exsilium:
2109 2307 2225 2343 Κατέ-

1211 2361 1357 2390 πλενσεν
1378 2354 1422 2393 εἰς
1439 2355 1581 2400 Πειραιοῖ
1604 2353 1712 2400 ἡμέρᾳ
1728 2357 1746 2400 ᾗ
1762 2351 1953 2400 Πλυντήρια
1971 2351 2050 2396 ἦγεν
2070 2355 2090 2395 η’
2107 2358 2224 2401 πόλις,

1209 2404 1259 2440 τέ
1278 2402 1359 2443 ἕδρςς
1380 2406 1716 2446 κατακεκαλυμμὲνκ
1733 2403 1789 2442 τῆς
1803 2403 1953 2443 Ἀθηνᾶς,
1987 2404 2003 2439 ἕν’
2021 2420 2100 2445 τινες
2119 2407 2225 2442 οἰωνι-

1212 2453 1304 2502 ζοντο
1327 2452 1555 2493 ἀνεπιτήδειον
1572 2450 1651 2489 εἶναι
1668 2453 1728 2486 καὶ
1746 2454 1844 2497 ἀντῷ
1861 2453 1920 2488 καὶ
1942 2454 1984 2502 τῇ
2001 2451 2116 2493 arbitra.
2154 2458 2221 2495 Sed

1210 2501 1464 2552 Plynteriorurn
1481 2503 1552 2540 dies
1574 2515 1658 2537 unus
1676 2502 1793 2538 saltem
1810 2513 1882 2539 erat
1901 2502 2061 2540 infaustus
2080 2520 2091 2542 ε
2129 2508 2222 2544 anci.

1210 2548 1252 2587 lia
1270 2552 1376 2589 semel
1396 2564 1495 2590 mota
1522 2564 1601 2589 ante
1630 2550 1843 2600 trigefimum
1872 2549 1966 2589 diem
1991 2566 2064 2590 non
2092 2556 2220 2592 conde-

1209 2600 1331 2638 bantur
1346 2630 1358 2644 ,
1381 2614 1416 2639 ut
1435 2601 1613 2641 affirmare
1643 2602 1773 2641 videtur
1791 2601 2045 2651 Polybiusloco
2064 2631 2076 2646 ,
2111 2618 2219 2656 quem

1205 2650 1443 2691 indicavimus.

1568 2735 1604 2768 V
1633 2745 1653 2769 Α
1680 2745 1704 2769 n
1735 2744 1749 2769 1
1777 2745 1800 2769 0
1829 2745 1868 2769 n.

1261 2808 1291 2840 8.
1320 2804 1421 2839 Diem
1443 2814 1505 2850 quo
1522 2802 1659 2838 cultores
1678 2805 1800 2838 matris
1820 2803 1922 2839 deum
1942 2801 2132 2840 lamentari
2163 2803 2218 2849 Εἴ

1193 2851 1390 2910 plangere]
1423 2855 1455 2889 Is
1473 2851 1534 2889 fuit
1559 2865 1607 2891 ix,
1632 2852 1806 2889 Kalendas
1824 2852 1963 2903 Aprilis,
1986 2853 2042 2902 qui
2057 2853 2130 2891 dies
2146 2855 2220 2893 fan·

1006 2953 1152 3037 {acinthi
1204 2902 1647 2996 3s'iiiixsustcillleiegi-iltiiib·antur¹
1675 2965 1775 3003 atque
1799 2951 1888 2989 adeo
1901 2964 2091 3002 corporum
2102 2953 2222 2992 festio·

1578 2906 1612 2940 Is
1630 2904 1723 2939 enim
1742 2904 1838 2940 tristis
1857 2926 1870 2945 ‚
1898 2906 1935 2939 δ’(
1965 2903 2117 2951 plancius
2142 2917 2221 2943 tunc

1207 3016 1280 3040 nes.
1340 3002 1684 3055 Perseverantusque
1704 3003 1747 3039 ad
1762 3002 2134 3054 v1.‘CalendasAp1-il.
2162 3008 2220 3055 qui

1643 3056 1784 3096 justus
1804 3056 1966 3092 Lipsius.

1658 3098 1759 3141 Ffff‘
2051 3107 2085 3141 T
2113 3118 2135 3141 o
2166 3117 2212 3143 n.
