2504 3425
284 205 359 263 34

285 280 442 318 rutarum
454 276 580 327 fabula
598 274 744 315 Martiali
772 271 876 319 epigr.
893 278 973 305 x1v.
999 263 1057 321 lib.
1078 277 1090 300 1
1103 277 1115 299 1
1129 276 1156 319 ι..
1177 261 1305 322 ’Attice

287 331 400 382 itaque
418 332 512 367 reesa
530 340 622 366 coenn
647 337 708 374 pro
733 332 826 359 vera.
886 318 938 353 Sic
967 326 1062 371 enlm
1083 313 1207 349 Atticis
1222 313 1307 360 ὄρθου

289 395 354 432 pro
371 394 456 421 vero
474 385 511 417 δε
531 378 679 415 fincero,
707 382 743 408 ut
758 367 919 410 Platoni,
948 368 986 402 δε
1002 363 1074 400 alus
1095 375 1168 400 non
1185 361 1304 399 semel.

289 432 402 481 Aliqui
431 441 589 480 putavere
614 422 769 460 Luciano
792 420 827 456 in
846 416 1004 468 Lapithis
1029 416 1156 473 reblam
1175 425 1309 449 caenam

290 481 356 518 effe
375 484 409 517 τὶ
429 478 550 517 ἐντελὲς
569 474 711 511 δεῖπνον.
768 469 834 507 Sed
859 468 894 505 id
923 467 1036 508 verius
1062 465 1111 502 ibt
1138 463 1187 501 est
1209 474 1314 514 caput

291 545 331 569 ac
349 531 415 568 flos
432 529 499 579 ipse
517 537 641 563 coenae.

344 580 464 616 Dabat
481 576 570 626 ficut
605 571 848 611 Saturnalibus
872 566 1112 620 apophoreta]
1161 564 1314 615 Apopho-

290 639 365 666 reta
412 629 509 665 enim
552 623 753 665 munuscula
791 621 1003 660 Saturnalitia
1027 647 1038 663 ‚
1088 615 1159 655 five
1193 620 1318 675 Satur-

290 679 424 717 nalibus
464 677 536 717 five
573 676 755 727 postremo
788 672 982 710 Decembri
1014 667 1133 706 mense
1165 666 1237 704 dari
1265 666 1316 703 so-

291 731 348 768 lita
360 760 372 775 ,
399 742 435 768 ut
452 729 574 767 strena:
593 725 763 766 Kalendis
781 737 821 763 ac
847 723 1012 773 deinceps
1032 721 1172 757 ineunte
1191 720 1319 763 Janua-

292 795 356 818 rio.

293 830 500 868 Convivalia
522 841 643 868 tamen
662 841 801 880 quoque
821 825 1039 878 apophoreta
1059 820 1156 859 fuere
1181 820 1318 870 aliqua,

293 894 330 921 ut
349 883 415 920 dixi
433 882 476 918 ad
497 883 634 919 Horatii
647 880 768 919 odam
785 892 835 916 xv,
849 878 906 915 lib.
925 891 955 914 ι,
1268 922 1274 928 .

346 940 403 970 Ita
430 931 482 976 Εἴ
502 941 562 981 per
590 932 767 969 Kalendas
802 928 929 964 Martii
944 924 1133 973 seminia]
1179 921 1320 973 Explico

295 985 387 1023 hunc
408 984 527 1021 locum
545 983 586 1019 ad
605 983 742 1020 Horatii
767 979 889 1016 Odam
911 991 962 1017 tv.
982 977 1041 1014 lib.
1058 990 1087 1013 1.

351 1033 589 1073 Alexandrini
607 1032 824 1082 Cybiosacien
841 1042 962 1066 vocare
975 1025 1133 1076 persea]
1165 1022 1329 1073 Perſseve-

296 1095 491 1128 raverunt,
518 1083 630 1121 exorsi
651 1095 779 1132 nempe
799 1083 834 1118 in
858 1079 1026 1116 seditione
1054 1078 1211 1127 primum
1235 1075 1323 1111 exci-

298 1148 368 1174 tata
384 1147 506 1174 contra
536 1133 789 1185 Vespasianum
808 1161 820 1175 ,
859 1130 902 1167 de
928 1140 997 1178 qua
1023 1138 1202 1164 narratum
1228 1124 1276 1162 est
1304 1136 1325 1182 a

298 1189 430 1225 Dione.
488 1189 546 1222 De
567 1184 777 1235 Cybiosaste
794 1179 1023 1231 Geographus
1044 1177 1101 1214 lib.
1121 1189 1186 1215 xvi
1199 1190 1224 1214 1.
1264 1177 1327 1210 Di-

299 1240 376 1275 {tus
402 1248 520 1273 autem
548 1235 614 1272 hac
638 1234 710 1284 ipsa
729 1234 865 1270 ratione
892 1226 1129 1278 Vespasianus
1157 1228 1326 1274 σ’μικρῖνος

299 1287 391 1340 apud
414 1287 589 1332 Julianum
613 1286 784 1341 inSatyra
805 1282 849 1320 de
877 1279 1071 1319 Caesaribus
1086 1308 1098 1324 ,
1139 1275 1235 1327 quasi
1250 1284 1330 1324 par-

300 1340 477 1386 vc‘prerntts
499 1347 556 1374 aut
569 1345 809 1385 parctpromus.

302 1388 406 1429 Solita
423 1387 600 1438 plebecula
616 1385 827 1437 PrinciPibus
841 1378 1221 1434 cognomentafacere,
1249 1391 1333 1416 cum

303 1453 346 1477 ex
365 1439 435 1476 aliis
461 1441 575 1483 vitiis,
613 1449 689 1475 tum
720 1450 762 1473 ex
789 1436 941 1474 avaritiae
965 1432 1120 1471 sordibus
1148 1430 1203 1469 vel
1231 1430 1335 1478 inpri-

304 1492 384 1528 mis.
441 1491 495 1527 Sic
512 1490 640 1527 Darius
665 1488 774 1525 dictus
798 1499 818 1524 a
840 1484 952 1523 Persis
975 1492 1089 1531 caupo.
1149 1485 1268 1530 anue
1286 1479 1329 1516 de

306 1555 343 1578 re
363 1539 575 1578 Themistius
594 1543 693 1578 Orat.
713 1551 747 1578 v.
776 1551 817 1576 ex
835 1534 1011 1574 Hei-odori
1028 1533 1088 1571 lib.
1107 1547 1186 1569 111.
1224 1532 1333 1568 Anto-

307 1594 407 1629 ninus
433 1593 510 1629 Pius
536 1595 676 1643 Imper⁰>
698 1588 789 1641 apud
815 1589 975 1626 Dionem
1001 1585 1111 1622 dietus
1137 1582 1333 1630 κυμινοπρί-

307 1658 387 1687 ςψς,
417 1641 605 1691 sivese530r
625 1641 764 1679 cumini.
821 1640 984 1677 Pertinax
1003 1639 1134 1686 Imper.
1156 1633 1249 1683 apud
1267 1636 1334 1689 Ca-

308 1694 493 1745 pitolinum
511 1692 722 1741 chrestologtts
741 1719 753 1734 ‚
783 1689 853 1729 stve
870 1702 907 1726 re
919 1688 988 1739 ipsa
998 1687 1163 1736 pertinax
1182 1713 1194 1728 ‚
1223 1683 1335 1742 verulus

311 1746 425 1793 largas
445 1758 485 1781 ac
505 1743 706 1792 munificas,
736 1741 877 1793 qualem
894 1739 1018 1777 dixeris
1028 1749 1167 1788 quoque
1178 1748 1220 1773 ex
1236 1733 1337 1772 Surda

314 1794 606 1842 προδοσίκομπον,
917 1835 926 1840 ο
1320 1836 1324 1841 .

369 1852 466 1882 Favo
485 1844 725 1882 Archimimus
741 1843 916 1892 perfimam
934 1841 1001 1891 ejus
1012 1836 1170 1896 ferens]-
1211 1835 1340 1895 firchz-

314 1895 412 1932 mimi
440 1900 478 1932 ὃς
509 1895 714 1932 archimimi
734 1893 933 1931 differentes
967 1900 1237 1939 apantomtmis
1256 1916 1268 1931 ,
1306 1897 1341 1923 ut

315 1957 407 1996 patet
426 1945 695 1996 inscriptionibus
726 1946 882 1995 antiquis.
940 1941 1179 1979 Arehimimai
1210 1950 1340 1987 nempe

315 1998 373 2047 qui
390 1996 567 2047 praefetstus
586 1996 822 2046 pantomimis.

318 2050 361 2084 In
386 2047 563 2085 funeribus
594 2045 737 2097 quidem
765 2045 869 2082 inimi
898 2042 968 2082 sive
1003 2043 1181 2081 saltatores
1208 2041 1342 2092 proprie

318 2098 399 2134 disti
432 2098 602 2134 tentiones.
660 2093 819 2133 Glossazz
866 2095 1004 2137 Lentio,
1041 2095 1068 2129 ἓν
1097 2095 1166 2133 τοῖς
1196 2093 1344 2129 πένθεα-ιν

319 2148 520 2195 Segestanos.
580 2150 730 2184 Peccant
749 2175 761 2190 ,
814 2147 872 2196 qui
927 2146 1105 2193 corrigunt
1160 2140 1343 2190 ἐυωχέμε-

318 2214 376 2239 νος.
442 2203 589 2237 Fortean
616 2210 702 2237 vero
736 2197 896 2234 lentiones
922 2207 942 2232 a
967 2194 1057 2230 lente
1077 2222 1088 2236 ,
1127 2206 1204 2243 quae
1230 2194 1266 2230 in
1293 2192 1344 2229 fu-

318 2249 461 2288 neribus
493 2249 648 2286 adhiberi
686 2247 808 2291 solita,
853 2257 892 2284 ut
935 2244 1024 2281 testis
1059 2243 1256 2281 Plutarchus
1308 2245 1344 2280 in

321 2299 468 2346 Crasso,
506 2301 684 2350 Appianus
711 2300 748 2334 in
773 2297 921 2335 Parthie.
980 2294 1152 2344 Idemque
1180 2295 1259 2330 ritus
1286 2295 1345 2338 Ju-

321 2351 437 2389 daicus
460 2353 550 2401 apud
574 2353 622 2387 D.
644 2350 904 2398 Hieronymum
921 2345 967 2384 ad
989 2344 1147 2383 Paullam
1168 2371 1181 2387 ,
1211 2344 1254 2381 de
1272 2345 1346 2381 obi-

322 2415 358 2440 tu
398 2402 550 2441 Blesillae.
607 2401 676 2438 Aut
715 2400 875 2437 tentiones
923 2410 945 2435 a
989 2409 1135 2448 corpore
1172 2396 1269 2433 lento
1309 2398 1348 2432 ὃς

325 2452 440 2491 flexili.
480 2485 483 2487 ,

377 2503 634 2553 Qantifunas
651 2499 704 2544 Εἴ
714 2509 837 2551 pompa
863 2496 1086 2547 constarent.]
1128 2502 1176 2553 Ut
1199 2495 1226 2533 fi
1258 2497 1350 2535 dice-

324 2567 406 2599 ret,
449 2556 566 2605 quanti
597 2553 700 2591 funus
735 2557 774 2590 ὃς
812 2562 944 2602 pompa
972 2550 1086 2587 locata
1119 2549 1235 2586 essent.
1303 2551 1351 2584 Ut

326 2609 423 2643 enim
451 2619 629 2657 operum,
664 2602 710 2639 fic
737 2604 844 2640 etiam
879 2600 1070 2644 funerum,
1107 2601 1266 2637 maxime
1300 2600 1352 2635 in-

327 2657 535 2695 diffivorum
553 2669 593 2695 ac
620 2654 837 2706 publicorum
854 2681 867 2696 ‚
898 2655 1029 2690 Romae
1057 2651 1184 2688 locatio
1210 2654 1249 2687 ὃ(
1268 2663 1352 2687 con-

329 2708 445 2745 duffio
478 2707 542 2745 fuit
561 2737 574 2752 ,
618 2705 688 2744 five
719 2705 936 2742 redemtor-es
972 2703 1075 2753 aliqui
1109 2712 1239 2744 erant,
1279 2699 1351 2738 five

333 2759 560 2795 conductores
592 2757 767 2795 funerum.
832 2759 990 2804 Eumque
1037 2754 1144 2790 ritum
1192 2750 1353 2790 Valerius

333 2810 450 2845 Antias
483 2810 594 2850 tangit
622 2806 713 2857 apul
760 2807 801 2844 A.
830 2805 981 2842 Gellium
1018 2817 1047 2843 c.
1077 2817 1128 2841 xx.
1171 2802 1230 2839 lib.
1262 2816 1346 2842 νυ.

334 2858 440 2896 Plaut.
477 2852 587 2897 Aul'ul.
625 2862 676 2895 Sc.
704 2871 809 2895 xvii.
864 2859 988 2893 Horat.
1017 2853 1100 2892 Oda
1125 2866 1254 2894 xv111.
1291 2852 1350 2890 lib.

342 2921 395 2943 11.
438 2912 476 2945 L.
505 2913 634 2945 Seneca
673 2907 764 2958 epist.
789 2919 849 2944 cx.
888 2905 958 2945 sive
991 2917 1027 2943 ut
1054 2917 1123 2954 ego
1148 2916 1297 2941 numero
1321 2916 1351 2940 c.

339 2958 499 3005 Apuleius
536 2958 660 2995 Florid.
697 2972 749 2995 11.
808 2957 1006 3006 Adspexit,
1051 2956 1188 3007 inquit,
1238 2954 1276 2990 in
1296 2961 1354 3002 po-

339 3008 466 3043 maeriis
492 3008 643 3043 civitatis
663 3009 771 3053 simus
809 3010 921 3055 ingens
955 3008 1119 3047 locatam.
1177 3008 1264 3043 Haec
1302 3017 1356 3041 re-

343 3057 511 3095 demtoris
535 3070 668 3093 merces
704 3070 780 3107 pars
811 3058 979 3107 praecipua
1002 3056 1169 3106 impensae
1197 3056 1324 3092 funeris
1341 3083 1353 3098 ,

339 3121 415 3158 qua·
443 3107 618 3146 deducitur
645 3118 724 3146 ante
750 3106 968 3152 Falcidiainl.
1007 3107 1136 3159 penult.
1197 3110 1256 3145 De
1274 3106 1351 3144 reli-

1364 973 1555 1022 sestertium
1573 974 1697 1010 darent
1706 1003 1717 1017 ,
1746 978 1818 1011 ἅς.

1381 2085 1467 2133 sunt
1485 2114 1496 2129 ‚
1526 2089 1596 2123 &c.

716 184 823 238 IN
898 174 1488 232 C.Su1·roN.
1564 170 1988 231 VespAs,

1356 260 1442 310 gios.
1481 258 1502 296 l.
1531 273 1641 300 vm.
1679 263 1709 304 §.
1747 263 1805 301 ult.
1855 268 1914 303 De
1949 267 2059 317 legat.
2088 279 2141 303 Η.
2186 265 2210 304 l.
2254 280 2307 305 ιι.
2356 269 2398 310 9,.

1358 310 1461 360 Qod
1492 309 1536 360 fi.
1594 314 1651 348 De
1695 311 1814 350 hei-ed.
1858 316 1915 354 vel
1936 320 2003 356 ast.
2047 317 2150 356 vend.
2207 319 2256 355 D.
2283 317 2398 355 Paulli·

1359 365 1516 400 Sentent.
1545 362 1616 400 Tit.
1651 360 1709 398 ult.
1732 361 1791 400 lib.
1820 377 1851 400 1.
1877 367 1956 404 Dixi
1973 377 2055 416 pars
2072 369 2246 417 precipua.
2303 380 2397 406 nam

1362 424 1454 451 extra
1481 426 1620 463 quoque
1647 412 1853 450 mercedem
1880 414 1974 453 illam
2000 419 2129 456 sumtus
2171 419 2275 469 aliqui
2309 417 2383 457 ssve

1362 463 1528 515 impensae
1545 493 1560 508 ,
1599 475 1636 502 ut
1653 463 1676 501 l.
1694 477 1775 503 xiv..
1801 468 1831 508 ἕ.
1856 469 2007 507 Funeris.
2022 468 2045 505 l.
2063 482 2213 509 xxxv11.
2250 473 2297 507 D.
2344 469 2388 507 de

1363 514 1530 565 Religios.

1420 570 1573 602 Centum
1593 563 1652 611 fibi
1677 578 1735 602 HS.
1768 565 1930 614 darent.]
1962 567 2014 604 Sic
2032 565 2107 603 libri
2125 581 2251 607 omnes
2268 567 2389 618 vulga-

1365 616 1416 654 rii.
1476 617 1590 667 Atque
1608 617 1675 654 hoc
1695 616 1799 666 aliqui
1819 615 1865 653 fic
1883 617 2094 668 interpretati
2112 616 2207 657 sunt:
2235 620 2394 658 Velcen.=

1366 665 1531 704 tefimam
1552 665 1616 705 fibi
1637 679 1774 719 partem
1793 669 1867 715 ejus
1884 668 2030 705 summae
2058 667 2180 705 darent
2199 697 2210 712 ,
2245 683 2322 719 quae
2343 669 2395 708 fu-

1369 719 1444 754 neri
1476 717 1655 757 destinata.
1714 718 1781 756 Sed
1808 732 1853 755 ne
1885 719 2034 756 dubitari
2077 718 2221 769 quidem
2255 720 2395 768 potest,

1370 769 1452 819 quin
1471 768 1634 820 scripserit
1649 773 1693 807 C.
1713 770 1914 814 Suetonius,
1943 771 2077 807 Centies
2090 769 2158 820 fibi
2183 781 2240 807 Hs.
2263 769 2396 808 darent&

1372 822 1534 858 Imitatus
1557 822 1654 858 enim
1680 821 1906 859 archimimus
1942 833 2209 872 procuratorum
2246 833 2403 864 vocem,

1370 872 1428 921 qui
1452 883 1507 908 Hs.
1528 872 1649 909 centies
1676 872 1864 916 dixerunt,
1907 871 2083 922 respondit
2111 871 2258 910 mimice
2285 870 2400 910 verbis

1369 922 1491 959 iisdem
1510 923 1644 959 Centies
1666 922 1734 972 fibi
1756 935 1812 961 Hs,
1838 924 1962 960 darent
1983 951 1997 968 ,
2046 926 2117 961 &cu
2176 922 2312 960 Centies
2332 919 2401 971 fibi

1430 1026 1567 1060 Centies
1584 1022 1673 1061 mihi
1687 1023 1878 1072 fiestertiam
1897 1025 2002 1069 date,
2027 1038 2071 1062 ac
2081 1024 2139 1063 vel
2149 1038 2202 1064 me
2211 1026 2248 1061 in
2258 1023 2407 1061 Tiberim

1537 1073 1702 1123 projicite.

1373 1127 1484 1174 Optat
1504 1124 1681 1161 Tiberinas
1706 1122 1783 1161 fieri
1807 1154 1819 1168 ,
1867 1124 1952 1163 dum
1986 1126 2115 1164 centies
2139 1124 2222 1163 illud
2243 1124 2408 1176 accipiat⁵

1375 1188 1453 1224 quae
1478 1176 1600 1225 ingens
1616 1174 1753 1211 summa
1773 1175 1831 1212 est,

1378 1225 1491 1276 Aliqui
1511 1226 1658 1262 nimiam
1677 1225 1773 1263 illam
1790 1226 1952 1264 censuere
1978 1226 2156 1265 summam
2185 1225 2263 1266 effe.
2323 1228 2421 1277 Quo

1379 1288 1589 1326 argumento
1615 1280 1626 1315 ἒ
1671 1278 1764 1324 Quia
1780 1306 1792 1322 ,
1842 1279 2027 1328 inquiunt,
2076 1282 2183 1317 Nero
2217 1279 2407 1327 funeratus

1378 1327 1528 1376 impensa
1552 1329 1775 1365 ducentorum
1804 1328 1952 1366 milium.
2014 1331 2168 1368 Suetonii
2195 1343 2225 1368 c.
2246 1341 2281 1368 ι.
2341 1328 2410 1366 Sed

1381 1377 1447 1414 alia
1468 1379 1515 1415 ibi
1545 1379 1643 1416 ratio.
1703 1381 1888 1416 Funeratur
1925 1381 2021 1416 enim
2048 1384 2148 1418 Nero
2179 1380 2293 1418 sumtu
2318 1380 2419 1426 Seii„

1380 1430 1438 1480 qui
1463 1428 1584 1467 Galbae
1610 1429 1749 1467 libertus
1766 1460 1777 1475 ,
1807 1443 1846 1467 ac
1866 1443 1964 1482 paene
1985 1429 2106 1467 furtim
2127 1458 2139 1473 ,
2174 1433 2300 1481 quippe
2318 1440 2412 1467 terra

1381 1481 1523 1517 odium:
1563 1479 1797 1530 Vespasianus
1822 1485 1861 1519 ὅ(
1887 1480 2016 1531 herede
2042 1484 2081 1519 δε
2109 1482 2220 1533 gratia
2247 1482 2413 1521 omnium

1379 1530 1531 1576 florens,
1559 1543 1598 1570 ac
1618 1531 1766 1583 publice.

1734 1660 1890 1699 CAP.
1950 1662 2038 1698 XX'.

1441 1781 1548 1818 Vultu
1569 1782 1680 1819 velati
1700 1781 1879 1831 niteam]
1924 1772 2018 1819 Hinc
2036 1780 2184 1819 Martiali
2202 1791 2301 1819 natus
2319 1783 2420 1827 iocus

1387 1832 1421 1867 in
1442 1832 1620 1871 Phoebum
1637 1834 1744 1885 epigr.
1762 1845 1960 1874 Lxxxv111.
1996 1832 2054 1871 lib.
2083 1847 2162 1872 111.
2199 1838 2297 1870 Utere
2312 1831 2427 1871 lacta-2

1389 1882 1455 1927 cis,
1489 1887 1559 1920 ἃς.

1445 1940 1569 1971 Fauces
1580 1932 1718 1981 fibimet
1735 1934 1919 1979 defricaret
1941 1935 1989 1970 ad
2007 1934 2227 1982 numerum]
2273 1933 2431 1973 Cornelt,

1389 1983 1508 2021 Celsus
1526 1999 1555 2022 c.
1579 1999 1590 2020 1
1604 1999 1615 2021 1
1629 1998 1656 2021 ι,
1677 1984 1734 2021 lib.
1752 1998 1804 2024 tv.
1835 1985 1960 2021 Frictio
1981 1998 2056 2021 cam
2074 1985 2226 2022 omnibm
2237 1983 2428 2021 inhominev

1390 2035 1554 2071 vertebris
1587 2034 1682 2071 utilis
1708 2033 1775 2085 sit,
1813 2044 1889 2071 tum
1917 2035 1959 2070 iis
1981 2035 2138 2083 precipue
2148 2063 2166 2078 2,
2189 2048 2256 2084 qux
2275 2034 2312 2070 in
2338 2035 2418 2071 collo

1657 2088 1713 2121 De
1732 2097 1883 2123 numero
1907 2096 2030 2123 autem
2051 2085 2169 2122 Celsus
2187 2084 2282 2122 idem
2294 2098 2416 2125 cxxiv.

1393 2135 1452 2172 lib.
1478 2150 1531 2175 11.
1571 2148 1765 2185 repugnare
1793 2135 1926 2174 videtur
1954 2136 2030 2174 huic
2047 2134 2253 2186 Vespasiani
2272 2136 2418 2174 consue-

1392 2186 1498 2223 tudini
1518 2215 1530 2231 ‚
1570 2200 1683 2237 neque
1708 2200 1880 2237 repugnat
1900 2199 2030 2224 tamen.
2086 2189 2143 2224 Ait
2162 2188 2258 2223 enim
2283 2201 2314 2237 .ιὶ
2338 2193 2428 2224 Nan,

1391 2239 1573 2274 azadiendos
1591 2266 1603 2282 ,
1637 2239 1695 2287 qai
1721 2251 1859 2273 numero
1879 2238 2057 2284 friciienes
2075 2237 2233 2285 finiant,
2277 2237 2363 2287 qaia
2381 2237 2419 2274 id

1393 2301 1434 2324 ex
1453 2287 1587 2324 viribus
1606 2287 1751 2324 hominis
1771 2287 1994 2337 colligendum
2007 2287 2052 2339 fit
2069 2317 2081 2332 ,
2110 2292 2179 2325 δίς.
2239 2290 2276 2324 N
2280 2301 2431 2325 umerus⁴

1394 2350 1523 2425 pempe
1543 2339 1597 2376 hic
1614 2338 1862 2377 deti-idtionum
1890 2352 1936 2376 ex
1959 2340 2086 2378 viribus
2113 2337 2317 2388 Vespasiani
2352 2337 2432 2377 col*

1408 2391 1515 2427 estus.
2166 2406 2169 2408 ·
2438 2402 2439 2405 ’

1451 2446 1490 2476 In
1503 2438 1750 2488 spheristeriofl
1779 2439 1901 2477 Solitus
1917 2438 1949 2476 se
1965 2441 2130 2486 defricare
2139 2441 2177 2477 in
2188 2438 2399 2488 spherislerio
2407 2469 2431 2486 ᾖ.

1397 2502 1435 2527 ut
1467 2504 1552 2527 mox
1579 2491 1702 2527 deinde
1737 2490 1864 2528 balneo
1895 2502 2055 2529 uteretur,
2124 2495 2166 2528 In
2185 2489 2424 2539 .sphaeristeri0

1399 2542 1463 2592 pila
1481 2570 1493 2584 ,
1534 2542 1648 2580 aliove
1673 2541 1786 2578 modo
1807 2555 1965 2579 exercere
1991 2541 2076 2579 soliti
2105 2553 2226 2592 corpus
2249 2552 2328 2577 ante
2352 2541 2426 2579 bal-

1397 2606 1507 2629 neum
1523 2620 1534 2635 ,
1577 2604 1614 2630 ut
1633 2593 1778 2630 Martial.
1807 2595 1913 2644 epigr.
1932 2604 2022 2630 CLx1
2037 2608 2046 2630 1
2061 2608 2087 2630 1.
2105 2593 2165 2631 lib.
2194 2591 2252 2630 ult.
2288 2593 2426 2643 Papinii

1396 2644 1455 2681 lib.
1480 2658 1506 2681 1.
1535 2644 1651 2682 Silvar.
1671 2645 1704 2680 in
1718 2644 1847 2680 ealneo
1865 2643 2031 2680 Hetrusci.
2072 2647 2165 2693 Ergo
2186 2643 2421 2689 etiamjuncta

1398 2694 1527 2732 balneis
1544 2694 1792 2745 sphaeristeiia,
1818 2694 1951 2744 aliaque
1969 2695 2152 2744 gymnasia
2165 2723 2177 2738 ‚
2210 2705 2248 2730 ut
2267 2695 2310 2730 C.
2322 2693 2423 2730 Plinii

1397 2745 1686 2796 epist.v1.lib.v.
1718 2744 1812 2795 epist.
1830 2758 1934 2783 xvxi.
1963 2746 2022 2782 lib.
2047 2759 2098 2782 11.
2145 2743 2289 2781 Martial.
2326 2744 2420 2793 epig,

1395 2795 1510 2833 amed.
1538 2797 1591 2833 Sic
1614 2798 1772 2842 junCtum
1790 2809 1929 2846 quoque
1938 2794 2190 2844 spheristerium
2206 2793 2395 2842 hypocausto
2403 2820 2426 2837 2.

1398 2847 1533 2884 Domit.
1557 2847 1636 2896 Ulp.
1657 2847 1678 2883 l.
1699 2859 1773 2884 xvi.
1812 2846 1976 2885 Mandath
2010 2844 2271 2897 Hypocaustutn
2290 2844 2420 2893 quippe

1400 2898 1444 2934 ad
1479 2896 1725 2935 calfactionem
1750 2909 1847 2948 aquae
1884 2897 2064 2935 balnearis.
2125 2893 2300 2935 Vitruvius
2336 2906 2364 2930 c·
2385 2906 2420 2930 xe

1400 2949 1457 2987 lib.
1467 2963 1510 2989 v.v

1456 3000 1676 3049 Inediamque
1699 3001 1799 3036 unius
1824 2997 1927 3046 diei.]
1970 2995 2199 3044 Ἱπποκράτης
2225 2992 2394 3043 ἀφορίζων
2402 3024 2425 3040 ,,

1404 3050 1459 3093 rai»
1508 3049 1632 3087 ’ἔνδειαν
1672 3050 1737 3095 ’ἔφη
1785 3048 1921 3092 ὑγιείαις
1963 3047 2107 3093 μητέρα.
2183 3045 2418 3094 Hippocrates

1394 3105 1429 3142 in
1446 3101 1684 3154 Aphotismis,
1730 3101 1884 3138 Inediam
1917 3100 2003 3146 effe„
2025 3096 2092 3141 ait,
2121 3095 2204 3133 bona
2240 3096 2418 3134 valetudi-
2476 3104 2488 3108 “

2365 3146 2421 3184 nis
