2504 3425
535 175 1095 231 TIBERIUS
1173 174 1466 231 Nesto
1545 173 1929 230 CAEsAr..
2160 189 2258 245 332

95 282 153 344 38
173 271 357 319 chelaurn
380 266 698 331 Cappadocem,
732 273 845 327 cujus
866 269 991 314 etiam
1013 284 1190 330 regnum
1214 268 1259 313 in
1282 265 1461 314 formam
1487 265 1713 330 provinciae
1725 263 1898 327 redegit.
1961 262 2144 308 Biennio
2158 279 2265 309 con-

168 339 286 384 tinuo
312 333 403 395 post
433 335 629 394 adeptum
649 334 875 394 imperium
897 333 1047 394 pedem
1072 346 1187 394 porta
1207 348 1293 377 non
1316 332 1463 378 extulit
1488 349 1499 377 t
1535 329 1723 394 sequenti
1749 342 1960 391 tempore,
1992 340 2262 389 praeterquam

161 402 208 447 in
233 401 466 462 propinqua
491 396 670 460 oppida,
704 402 748 443 δε
769 412 865 441 cum
885 395 1148 459 longiffime,
1184 397 1321 441 Antio
1346 410 1466 441 tenus
1491 392 1695 458 nusquam
1707 391 1866 439 abfuit:
1902 392 2030 455 idque
2040 397 2261 453 perraro&

163 480 321 527 paucos
344 464 430 508 dies
439 497 453 519 ,
488 464 678 524 quamvis
703 461 937 524 provincias
967 478 1136 523 quoque
1158 465 1201 506 &
1219 462 1422 506 exercitus
1447 458 1675 505 revisurum
1689 456 1727 503 se
1741 456 1842 520 saepe
1856 454 2179 519 pronuntiasset:
2214 461 2258 502 δε

164 544 295 590 prope
320 528 548 590 quotannis
568 524 877 588 profectionem
892 540 1154 587 praepararet,
1190 522 1392 570 vehiculis
1405 521 1712 585 comprehensis
1721 558 1734 579 ,
1770 519 2073 568 commeatibus
2085 536 2263 581 permu-

160 593 317 654 nicipia
338 596 382 646 δε
407 591 595 636 colonias
618 589 834 650 dispositis.
904 589 976 634 Ad
1001 603 1232 633 extremum
1255 602 1347 636 vota
1365 604 1442 649 pro
1461 589 1521 633 itu
1537 591 1578 632 δι
1594 586 1729 633 reditu
1751 585 1824 632 suo
1845 584 1992 648 suscipi
2021 582 2177 649 passus,
2212 600 2258 631 ut

160 658 292 719 vulgo
315 661 397 714 jam
416 671 488 716 per
509 659 647 712 jocum
670 653 882 719 Callipides
903 667 1139 698 vocaretur:
1175 668 1305 713 quem
1330 651 1518 697 cursitare
1544 667 1591 696 ac
1613 668 1665 696 ne
1682 650 1815 697 cubiti
1841 650 2013 714 quidem
2027 648 2258 696 mensuram

78 736 137 782 39
159 720 355 783 progredi
378 718 600 781 proverbio
621 717 775 763 Graeco
799 730 991 762 notatum
1016 714 1089 761 est.
1158 715 1237 760 Sed
1263 715 1433 760 orbatus
1453 730 1633 778 utroque
1654 713 1745 760 filio
1768 750 1782 771 ‚
1828 731 2010 777 quorum
2027 714 2262 760 Germani—

157 799 230 829 cus
254 787 298 829 in
324 786 456 844 Syria,
491 779 657 827 Drusus
682 781 831 825 Romae
856 780 1043 837 obierat,
1080 777 1273 824 secessum
1304 779 1549 841 Campaniae
1575 780 1722 841 petiit:
1755 778 1959 826 constanti
1984 784 2028 825 δε
2054 778 2260 841 opinione

155 850 200 892 δε
218 846 405 894 sermone
428 861 543 908 paene
565 844 781 899 omnium,
814 841 924 906 quasi
949 858 1089 904 neque
1111 842 1315 889 rediturus
1336 859 1563 906 umquam,
1599 847 1643 887 δε
1669 844 1756 887 cito
1780 857 1960 888 mortem
1973 844 2096 888 etiarn
2111 841 2257 888 obitu-

151 928 221 958 rus
245 931 256 956 :
292 910 405 973 quod
437 908 575 970 paullo
600 909 741 952 minus
765 920 989 969 utrumque
1015 908 1168 951 evenit.
1235 908 1352 951 Nam
1374 923 1512 969 neque
1536 908 1723 951 Romam
1744 907 1919 968 amplius
1935 906 2081 952 rediit:
2119 905 2186 950 sed
2211 911 2256 952 δε

151 991 305 1037 paucos
323 973 413 1036 post
435 972 524 1018 dies
538 977 648 1030 juxta
671 972 943 1017 Terracinam
964 972 1008 1015 in
1028 970 1246 1032 praetorio,
1282 972 1351 1016 cui
1373 970 1574 1033 speluncae
1596 986 1757 1014 nomen
1778 983 1886 1024 erat,
1921 971 2163 1015 incoenante
2176 985 2228 1014 eo
2243 1004 2256 1025 ,

152 1039 366 1099 complura
389 1042 433 1084 &
458 1037 645 1099 ingentia
673 1033 764 1081 saxa
785 1034 964 1081 fortuito
989 1034 1163 1096 superne
1185 1032 1344 1096 delapsa
1362 1032 1456 1080 sunt
1475 1053 1485 1080 :
1528 1034 1750 1097 multisque
1767 1034 2037 1078 convivarum
2060 1037 2104 1078 δέ
2128 1034 2259 1078 mini-

71 1123 131 1170 40
150 1100 327 1147 strorum
353 1100 484 1156 elifis,
517 1113 663 1162 praeter
675 1097 789 1162 spem
808 1098 942 1145 evasit.
1009 1103 1223 1162 Peragrata
1234 1099 1494 1161 Campania,
1529 1099 1794 1161 cumCapuae
1807 1098 2098 1159 Capitolium,
2132 1098 2257 1142 Nolae

152 1167 356 1229 templum
374 1165 560 1229 Augusti
573 1199 588 1222 ,
625 1181 752 1227 quam
777 1162 948 1211 cauffam
971 1160 1248 1227 profectionis
1271 1163 1543 1227 praetenderat
1558 1198 1572 1222 ,
1605 1161 1847 1220 dedicaffet,
1891 1161 2073 1224 Capreas
2089 1160 2129 1207 se
2153 1176 2261 1269 εἵη-

2133 1237 2255 1270 tuit:

1191 1323 1194 1345 3
1220 1300 1312 1350 gia]
1343 1302 1467 1340 Strabo
1485 1302 1544 1340 lib.
1564 1316 1604 1339 xx
1617 1316 1644 1340 1.
1677 1300 1951 1342 Τελευτήσαντος
1968 1300 2018 1337 τὸν
2034 1298 2110 1344 βίον
2130 1300 2253 1348 Ἀρχε-

1192 1348 1194 1361 '
1225 1352 1300 1389 >roze
1319 1355 1366 1390 ’τὲ
1383 1353 1652 1399 βασιλεύσαντος
1665 1352 1749 1396 ἐ’γνο)
1762 1352 1904 1401 Kale-aeg
1925 1367 1960 1388 ’τε
1976 1351 2035 1387 καὶ
2056 1350 2076 1391 n‘
2101 1349 2255 1393 σύγκλη-

477 1308 512 1342 Τ
541 1317 565 1341 o
592 1317 618 1341 R
646 1316 672 1340 R
700 1313 722 1338 Β
752 1314 778 1338 N
810 1314 846 1338 T.

206 1369 261 1407 38.
292 1364 475 1415 Nusquam
491 1360 642 1410 absum]
691 1364 779 1399 Tres
798 1360 873 1398 libri
890 1372 1091 1410 nunquam,
1132 1364 1170 1398 ὃ(

148 1414 264 1461 afuit,
294 1425 331 1452 ut
347 1414 420 1452 tere
443 1414 588 1465 semper.

203 1470 269 1501 Pro
285 1466 340 1503 itu
362 1464 415 1509 ἐς
432 1464 585 1511 reditus]
614 1462 1014 1512 Frequensinnum'mis,
1031 1465 1170 1501 &mar-

152 1514 311 1552 moribus
333 1516 475 1553 locutio.

205 1564 398 1612 callipides.
409 1567 427 1614 ]
472 1563 640 1602 Plutarch.
651 1561 910 1620 Apopbthegm.
932 1562 1008 1600 Cic.
1019 1561 1077 1601 lib.
1089 1575 1168 1602 xv1.

1224 1417 1279 1442 τὰς
1303 1402 1475 1452 ἐπαρχίαν
1493 1404 1578 1442 εἶναι
1598 1402 1778 1442 Ῥωμαίων
1797 1402 1851 1444 τήν
1874 1403 2031 1448 μεγάλην
2050 1399 2253 1437 Καππαδο-

1225 1450 1312 1491 κίαν.
1342 1458 1381 1492 &
1400 1456 1541 1492 Tacitus
1557 1465 1631 1493 non
1649 1466 1720 1491 uno
1739 1453 1821 1492 loco
1836 1483 1849 1499 ,
1880 1453 2005 1502 aliique
2022 1451 2181 1489 historici.

1281 1509 1336 1547 38.
1362 1510 1407 1541 Et
1418 1514 1516 1554 prope
1545 1506 1728 1554 quotannis
1754 1504 1995 1553 profeelionem
2012 1500 2252 1551 prepararet]

1224 1554 1366 1591 Tacitus
1385 1568 1459 1592 non
1477 1556 1597 1593 minus
1617 1554 1793 1604 eleganter
1811 1566 1921 1604 quam
1947 1565 2030 1591 vere
2056 1551 2179 1589 Annal.
2192 1551 2250 1588 lib.

150 1613 198 1652 ad
211 1615 366 1653 Atticum
385 1615 479 1666 epist.
496 1629 540 1652 xx
552 1629 579 1652 1.
609 1615 790 1651 Biennzum
800 1613 981 1661 preterizt,
1021 1627 1101 1650 cum
1117 1614 1172 1650 ille
1228 1616 1257 1639 ¹·
1276 1607 1445 1662 'Cet-erem
1460 1616 1587 1663 utuyam
1609 1606 1744 1654 iamque
1767 1605 1883 1661 ituree
1902 1604 1981 1653 legit
1997 1603 2150 1659 comites,
2179 1615 2253 1638 con-

149 1664 361 1706 mammen.
382 1679 406 1702 a
428 1667 503 1702 ,duo
528 1663 625 1711 cussa
653 1664 803 1701 cubitum
822 1665 954 1699 nullum
972 1664 1170 1711 processeariss⁸
1220 1653 1365 1701 qusfivzt
1383 1658 1644 1704 zmpedzmenta‚
1671 1657 1990 1693 adornavztnaves.
2011 1652 2252 1689 Moxhzemem

208 1717 343 1763 ⁸3Q82d
409 1714 726 1764 paucospostdiea]
757 1713 862 1751 Liber
881 1726 967 1750 unus
985 1712 1037 1756 ἐς
1047 1722 1171 1762 paucos

140 1765 211 1813 pest
232 1763 324 1808 dies,
353 1764 425 1801 fine
438 1766 511 1813 sed.

202 1819 243 1850 In
254 1813 454 1863 pretoria]
474 1815 585 1853 Tacit.
613 1813 672 1851 lib.
694 1827 745 1852 1v.
777 1814 897 1852 villam
927 1825 1042 1854 vocat.
1102 1814 1168 1851 Sed

145 1863 374 1908 Jurisconsulti
397 1864 502 1903 nostri
524 1877 588 1916 pro
614 1876 708 1916 parte
734 1864 822 1904 villae
853 1864 898 1901 ad
924 1864 1021 1902 usum
1051 1866 1167 1915 patris-

143 1912 293 1951 familias
313 1915 432 1952 lautius
461 1914 635 1959 aedificata
656 1915 850 1963 pretorium
876 1916 1068 1966 accipiunt,
1100 1928 1167 1967 qua

144 1963 393 2014 significatione
415 1966 488 2004 usus
508 1966 558 2003 est
573 1966 628 2004 hic
653 1969 794 2003 Sueton.
850 1965 951 2002 Adde
967 1966 1084 2002 locum
1100 1971 1169 2003 Au—

143 2015 229 2064 gust.
245 2027 308 2066 cap
334 2027 460 2056 Lxxu.
479 2017 592 2067 Calig.
611 2029 684 2066 cap.
697 2029 803 2055 xxxvi
816 2029 847 2052 1.
880 2017 950 2053 Tit.
970 2028 1164 2066 cap.V111.

140 2067 298 2110 Juvenal.
317 2070 383 2105 Sat.
403 2082 431 2106 1.

253 2118 462 2155 Criminibus
481 2116 600 2154 debent
615 2117 748 2160 hortos,
770 2116 937 2164 pretoria.

142 2166 265 2205 Statius
285 2167 344 2207 lib.
363 2183 391 2206 1.
404 2168 485 2206 Silv.
506 2167 657 2204 alternas
664 2167 811 2215 fiervant
821 2166 976 2214 pretoria
995 2166 1106 2215 ripas,
1127 2172 1165 2206 ὅ(

142 2219 288 2255 Statium
310 2220 461 2256 imitatus
475 2218 643 2255 Ausonius
662 2246 675 2262 ‚
719 2216 870 2253 alternas
899 2228 1035 2253 comunt
1052 2226 1166 2266 prato-

142 2267 198 2303 ria
219 2268 320 2316 ripas.
359 2269 555 2306 Tei-tullian.
593 2280 731 2319 quoque
749 2266 807 2304 lib.
837 2267 880 2303 de
915 2267 1076 2306 Idololet.
1107 2284 1166 2305 vo-

140 2317 267 2365 luptati
278 2320 468 2367 servientia
483 2321 647 2368 pretoria.
704 2317 805 2355 Adde
828 2317 1019 2356 Palladium
1050 2319 1108 2357 lib.
1133 2334 1162 2358 1.

146 2379 222 2419 cap.
235 2381 277 2407 vx
290 2384 302 2406 1
314 2384 342 2407 1.

197 2424 388 2456 Incaenante
404 2417 478 2465 em]
526 2423 627 2457 More
647 2418 707 2457 suo
724 2418 771 2456 fic
792 2418 939 2470 loquitur
956 2420 1097 2456 Sueton.
1130 2432 1165 2457 ut

145 2481 359 2519 cap.1.xxu.
385 2469 725 2514 instansintrictinio.
752 2469 1056 2520 Atquiincoenatws
1067 2470 1165 2507 Plau-

143 2532 183 2557 to
217 2524 255 2557 ὃ(
280 2521 406 2558 Catoni
422 2518 595 2564 dicituris‚
623 2520 990 2570 quicoenatusnonfit.

198 2571 392 2618 Fortuita]
432 2569 536 2606 Liber
559 2581 630 2620 opt.
655 2572 819 2616 fhrtuitu.
876 2576 1020 2620 Superne
1047 2582 1162 2608 autem

144 2621 292 2670 collapsa
315 2621 420 2664 dicit,
448 2632 484 2656 ut
504 2622 626 2658 Horat.
649 2620 707 2657 lib.
732 2635 785 2658 11.
836 2621 907 2658 Od.
951 2620 1008 2658 ult.
1045 2624 1162 2657 album

145 2683 257 2708 mutor
276 2673 314 2709 in
329 2672 447 2708 alitem
467 2674 614 2718 Superne
630 2685 640 2705 :
680 2674 717 2706 δε
735 2669 792 2707 lib.
811 2685 823 2707 1
837 2685 864 2707 1.
903 2674 970 2707 Sat.
987 2683 1026 2707 vi
1042 2684 1068 2706 ι.
1094 2680 1164 2719 pec-

145 2733 245 2759 catve
258 2723 400 2771 superne
417 2749 428 2765 ,
463 2733 525 2770 pro
543 2720 586 2757 de
605 2719 739 2756 sublimi
755 2720 845 2758 loco.
904 2721 969 2758 Sed
997 2724 1035 2757 ὅ(
1053 2723 1163 2771 Epod.

153 2787 165 2810 ι
180 2787 206 2810 1.
236 2773 412 2822 supernum
429 2783 532 2811 vocat
547 2771 755 2814 Tusculum,
783 2769 878 2821 quod
899 2773 935 2808 in
952 2769 1043 2807 edito
1063 2773 1164 2810 lirum

153 2822 206 2860 fit.

204 2887 261 2919 40.
287 2878 433 2923 Capreae
446 2872 482 2920 ste
497 2873 678 2920 contum]
718 2871 823 2910 Nulla
840 2870 906 2908 alia
928 2883 964 2908 re
981 2885 1087 2921 quam
1105 2874 1167 2910 Ti-
1208 2872 1316 2911 Pam·

1223 1713 1286 1739 aut
1306 1705 1438 1754 negotia
1455 1706 1554 1742 varie
1570 1707 1739 1754 cauffiztus
1760 1734 1772 1750 ,
1792 1706 1906 1754 primo
1925 1704 2108 1753 prudentes
2125 1730 2137 1746 ,
2170 1703 2250 1739 dein

1224 1753 1388 1802 vulgum,
1416 1754 1593 1804 diutissime
1615 1756 1812 1805 provincias
1829 1754 1968 1802 fefellit.
2027 1752 2121 1790 Vide
2168 1765 2252 1791 eun-

1224 1802 1309 1842 dem
1326 1806 1362 1842 in
1386 1808 1470 1844 aistis
1499 1807 1580 1843 anni
1614 1817 1828 1843 DCCLx111.
1852 1803 1911 1841 lib.
1938 1818 2015 1842 111.
2051 1806 2090 1840 δε
2107 1802 2165 1839 lib.
2193 1816 2248 1840 xv.

1224 1854 1332 1893 initio,
1363 1854 1409 1893 fic
1427 1858 1472 1894 ait
1489 1857 1585 1894 idem
1601 1868 1752 1906 magnus
1769 1856 1910 1906 scriptor
1924 1868 1936 1890 ε
1966 1854 2060 1889 Exin
2077 1862 2176 1889 vetus
2194 1852 2248 1896 ξδ’

1214 1903 1294 1953 fiepe
1308 1904 1516 1954 fimulatum
1536 1906 1766 1956 proficiscendi
1792 1906 1831 1943 in
1851 1903 2051 1954 provincias*
2079 1901 2250 1952 confilium

1222 1955 1379 2001 refertur.
1732 1990 1734 1992 v

1275 2020 1331 2050 39.
1358 2006 1535 2054 Constanti
1543 2004 1597 2049 ξς
1607 2006 1755 2056 opinione
1763 2003 1971 2054 &sermone
1978 2010 2066 2052 pene
2076 2005 2244 2050 omnium,

1223 2056 1319 2105 quast
1335 2070 1440 2106 neque
1456 2057 1626 2093 rediturus
1642 2058 1840 2106 unquam]
1882 2055 2022 2092 Tacitus
2037 2067 2089 2092 iv.
2106 2061 2159 2100 58.
2190 2061 2248 2091 Fe-

1223 2106 1343 2142 rebant
1350 2107 1455 2155 periti
1475 2105 1652 2153 caelestium
1671 2135 1684 2151 ‚
1718 2107 1761 2143 iis
1780 2105 1922 2143 motibus
1934 2103 2087 2154 fiderum
2100 2104 2249 2153 exceffiffe

1220 2161 1327 2192 Roma
1345 2157 1541 2202 Tiberium,
1571 2166 1611 2193 ut
1621 2158 1750 2194 reditus
1768 2157 1820 2194 illi
1830 2165 2017 2206 negaretur.
2047 2156 2141 2192 Unde
2149 2155 2249 2192 exitii

1221 2206 1331 2256 cauffis
1349 2207 1466 2245 multia<
1478 2208 1555 2254 fuit
1567 2217 1746 2257 properum
1760 2207 1867 2256 finem
1886 2207 1964 2242 vita
1982 2205 2243 2254 constestantibus

1219 2257 1512 2308 vulgantibusque.

1275 2314 1470 2345 Incoenaszte
1489 2322 1544 2354 eo,
1576 2308 1744 2357 complura
1763 2305 1815 2349 Εἴ
1837 2304 1987 2353 ingentia
1995 2303 2088 2353 saxa
2096 2305 2243 2351 fhrtm‘to

1210 2358 1354 2406 ficperne
1388 2359 1521 2408 delapsa
1547 2357 1673 2410 sunu]
1734 2357 1848 2394 Placet
1880 2355 1984 2392 nimis
2020 2353 2080 2392 ista
2117 2355 2240 2399 lestio,

1218 2420 1326 2458 quam
1363 2409 1520 2447 adversus
1557 2406 1859 2447 eruditiffimorum
1897 2405 2083 2442 hominum
2110 2405 2244 2444 senten-

1217 2461 1302 2496 tiam
1328 2458 1445 2497 firmat
1463 2460 1560 2511 super
1587 2456 1790 2497 consensum
1815 2470 1897 2494 MSS.
1923 2456 2106 2498 omnium,
2136 2458 2242 2498 etiam

1219 2510 1433 2548 Turonensis
1454 2540 1465 2554 ,
1501 2511 1687 2548 austorims
1716 2509 1838 2545 Latine
1867 2506 2084 2556 loquentium
2112 2521 2122 2544 ι
2154 2520 2240 2545 nam

1218 2572 1253 2596 ut
1276 2561 1391 2597 noster
1413 2562 1580 2598 incoennre
1599 2574 1660 2611 pro
1683 2558 1852 2595 ἐνδειπνεῖν
1883 2555 1954 2595 five
1987 2557 2080 2593 intus
2110 2570 2240 2594 coenare

1219 2610 1356 2661 posuit,
1400 2610 1445 2648 fic
1485 2610 1681 2648 Columella
1720 2609 1856 2657 impasti
1885 2619 1948 2657 pro
1974 2605 2136 2651 ἒννὲμειν,
2183 2618 2241 2645 aut

1220 2661 1434 2705 ἐννέμεο-θαι,
1458 2661 1515 2699 lib.
1545 2676 1594 2699 11.
1625 2673 1700 2709 cap.
1715 2672 1777 2697 xvi
1792 2673 1843 2695 11.
1875 2662 1931 2693 Ac
1949 2669 2054 2705 neque
2064 2657 2161 2703 suem
2180 2671 2240 2693 ve-

1217 2711 1319 2748 limus
1342 2712 1476 2761 impasct
1494 2740 1506 2755 ,
1543 2711 1705 2761 quoniam
1727 2708 1824 2756 rostro
1843 2706 2006 2756 suffinliat
2033 2704 2086 2748 ἐς
2110 2706 2240 2755 cespites

1217 2762 1349 2799 excitet.
1370 2762 1428 2799 lib.
1449 2776 1508 2800 v1.
1533 2774 1609 2812 cap.
1626 2774 1660 2799 v.
1704 2766 1823 2808 Itaque
1861 2770 1937 2793 cum
1964 2755 2233 2805 ablegabuntur‚

1216 2813 1253 2848 in
1273 2826 1312 2849 ea
1328 2813 1400 2849 loca
1411 2812 1617 2860 perducendi
1624 2811 1708 2858 sunt
1717 2839 1730 2855 ,
1759 2807 1877 2858 quibus
1890 2807 2022 2843 nullum
2041 2806 2237 2854 impascitur

1374 2864 1428 2900 Sic
1454 2862 1545 2912 apud
1571 2862 1715 2900 Statium
1740 2859 1797 2897 lib.
1817 2871 1924 2898 v111.
1953 2855 2125 2895 Thebaid.
2135 2857 2236 2906 injer-

151 2923 247 2961 berio
258 2925 390 2962 nobiles
400 2954 412 2968 ‚
422 2936 623 2975 quanquam
631 2928 669 2962 δε
678 2923 847 2975 Augustus
857 2936 897 2961 ea
906 2921 1012 2959 insula
1021 2923 1167 2962 delecta·
1216 2927 1301 2951 vase
1311 2928 1322 2948 ·‘

151 2985 204 3013 tus
219 2974 260 3012 fit
274 3003 288 3020 ,
316 2987 388 3028 cap.
398 2987 489 3014 xcvi
502 2988 556 3012 11.

455 3046 487 3081 C
515 3056 539 3080 A
567 3058 585 3081 s
614 3057 638 3082 A
666 3058 691 3082 u
720 3056 741 3082 B
771 3057 796 3082 o
823 3057 860 3082 N.

206 3106 313 3158 Cujue
336 3105 444 3146 etiam
469 3117 608 3156 regnum
631 3106 671 3146 in
686 3105 866 3156 provincia
885 3103 1042 3150 formam
1074 3104 1163 3141 rede-

1325 2997 1387 3029 An
1402 2992 1467 3029 tibi
1479 2992 1595 3040 filices
1616 2990 1703 3028 lucos
1719 2986 1896 3036 mzseratus
1913 2987 2054 3023 Averni

1324 3045 1439 3080 Rector
1449 3071 1462 3089 ,
1490 3041 1543 3087 ΕΒ*
1561 3040 1689 3092 Elysias
1708 3040 1802 3076 dedit
1819 3038 1993 3088 inservare
2011 3035 2187 3075 volucres!

1657 3152 1769 3189 th
2081 3147 2236 3181 Ton-
