2504 3425
174 166 282 219 616
497 161 1956 223 estse-r.TRANQU1LL1L13.V11.

182 268 300 311 rent,
344 251 480 300 statim
499 254 664 300 libellus
686 253 743 299 est
765 251 996 315 propositus
1018 284 1031 302 ‚
1081 258 1142 293 (Ὺ
1176 247 1378 293 Chaldaeos
1410 249 1541 294 dicere
1565 284 1579 306 ‚
1623 249 1761 298 bonum
1795 255 1945 312 fufium
1966 289 1980 311 ,
2026 266 2072 300 ne
2102 256 2287 302 Vitellius

187 322 444 364 Germanicus
482 322 586 363 intra
617 319 780 362 eundem
812 314 1092 360 Kalendarum
1125 312 1232 357 diem
1265 313 1423 375 usquam
1455 315 1546 373 effet.
1614 316 1835 375 Suspefius
1866 322 1910 364 &
1935 320 1980 363 in
2006 332 2186 365 mortem
2207 335 2297 364 ma-

191 384 264 428 tris
287 382 393 437 fuit,
428 381 539 445 quasi
560 396 672 442 aegrae
695 378 867 440 praeberi
887 376 1030 421 cibum
1054 375 1325 436 prohibuisset
1348 394 1359 421 τ
1395 377 1668 422 Vaticinante
1687 378 1817 425 Catta
1842 381 2016 426 muliere
2031 417 2044 438 ,
2080 384 2150 427 cui
2184 383 2298 427 velut

189 448 361 492 maculo
393 442 677 505 acquiescebat
700 476 713 495 ,
747 446 804 485 ita
838 443 998 485 demum
1017 438 1195 501 firmiter
1228 457 1276 484 ac
1309 439 1516 501 diutiffime
1550 445 1855 508 imperaturum,
1881 445 1918 506 fi
1942 445 2118 509 fitpeistes
2144 449 2302 511 parenti

194 511 390 569 exflin'ffi’t.
456 507 513 549 Et
544 507 612 550 alii
648 507 841 549 tradunt:
878 505 1004 564 ipsam
1038 504 1162 550 taedio
1197 501 1456 565 praesentium
1491 509 1534 551 &
1569 506 1884 552 imminentium
1919 522 2061 564 metu,
2090 524 2302 555 venenum

194 592 218 619 a
251 574 341 618 filio
375 568 600 629 impetrasse
626 603 638 624 ,
685 567 794 612 haud
832 566 923 613 sane
958 564 1194 613 difficulter.
1266 568 1435 613 Octavo
1481 570 1652 632 Imperii
1695 569 1838 615 mense
1873 567 2133 615 desciverunt
2163 571 2214 616 ab
2249 590 2300 618 eo
2332 590 2381 636 15

196 636 394 682 exercitus
429 630 673 678 Moesiarum
706 648 828 694 atque
866 633 1123 677 Pannoniae:
1160 633 1260 677 item
1296 649 1347 677 ex
1380 630 1683 689 transmarinis,
1717 633 1914 697 Judaicus
1948 637 1989 679 &
2019 635 2225 694 Syriacus:
2258 653 2304 682 ac

199 716 288 762 pars
322 699 364 742 in
397 694 575 741 absentis
595 731 608 753 ,
653 712 743 758 pars
775 698 818 741 in
854 693 1061 758 praesentis
1091 694 1332 758 Vespasiani
1369 696 1495 743 verba
1525 702 1725 757 jurarunt.
1792 697 1867 744 Ad
1900 697 2170 744 retinendum
2204 714 2306 761 ergo

199 778 432 808 ceterorum
465 759 693 806 hominum
726 759 906 806 studium
943 776 986 805 ac
1020 756 1206 806 favorem
1230 795 1243 815 ,
1279 759 1386 805 nihil
1420 778 1507 806 non
1541 760 1736 823 publice,
1770 763 2049 824 privatimque
2085 762 2203 806 nullo
2235 763 2310 807 ad·-

197 827 335 872 hibito
358 824 488 870 modo
516 825 687 871 laroitus
710 823 781 870 est.
850 825 1079 871 Deleetum
1103 840 1276 885 quoque
1299 842 1345 870 ea
1368 827 1617 871 conditione
1643 828 1687 871 in
1712 825 1816 872 urbe
1841 828 1929 889 egit
1948 860 1961 882 ,
1996 840 2042 871 ut
2066 827 2310 873 voluntariis

199 907 285 936 non
322 889 452 933 modo
485 891 544 933 mi
581 905 724 934 ionem
758 886 850 951 post
886 889 1127 944 vietoriam,
1163 886 1231 934 sed
1265 890 1390 935 etiam
1421 904 1738 947 veteranorum,
1769 889 1966 953 justaeque
1994 890 2152 934 militiae
2186 906 2310 936 com-

200 954 323 1000 moda
356 954 632 1015 polliceretur.
697 953 885 1015 Urgenti
918 950 1069 998 deinde
1102 967 1207 998 terra
1242 955 1429 1016 marique
1465 952 1602 1010 hosti,
1626 952 1725 999 hinc
1759 952 1929 1002 fratrem
1962 970 2058 1000 curn
2081 952 2224 1010 classe,
2258 971 2305 1000 ac

200 1016 435 1073 tironibus,
471 1021 513 1062 ὃς
547 1016 820 1080 gladiatorum
856 1034 982 1062 manu
1002 1014 1221 1078 opposuit:
1254 1016 1354 1063 hinc
1380 1022 1425 1063 δε
1451 1017 1730 1065 Betriacenses
1752 1019 1915 1080 copias,
1953 1023 1997 1064 &
2019 1018 2157 1065 duces.
2225 1020 2313 1065 At-

201 1099 286 1144 que
307 1081 468 1144 ubique
491 1095 559 1125 aut
574 1080 807 1142 superatuS,
841 1096 911 1125 aut
934 1080 1143 1141 prodituS‚
1177 1078 1349 1141 salutem
1375 1081 1484 1138 sibi,
1519 1087 1563 1127 ἆ
1599 1083 1735 1128 milies
1766 1086 1882 1128 LLS.
1917 1099 1939 1127 a
1969 1083 2116 1128 Flavio
2149 1082 2311 1128 Sabino

201 1143 443 1207 Vespasiani
468 1143 589 1190 fratre
614 1145 775 1206 pepigit
802 1162 811 1188 z
847 1142 1066 1206 statimque
1094 1155 1169 1204 pro
1191 1144 1386 1205 gradibus
1409 1147 1550 1190 Palatii
1573 1145 1680 1207 apud
1709 1144 1954 1208 frequentes
1978 1147 2131 1192 milites
2163 1147 2311 1193 cedere

200 1209 241 1256 se
266 1209 472 1270 ImperiO,
506 1208 620 1269 quod
641 1209 795 1253 invitus
817 1206 1054 1268 recepisset,
1091 1205 1292 1268 professus
1314 1243 1327 1264 ,
1361 1210 1522 1253 cunetis
1555 1210 1875 1255 reclamantibus
1909 1226 1997 1255 rem
2031 1209 2189 1257 distulit
2210 1229 2223 1256 .-
2261 1227 2308 1258 ac

203 1275 328 1319 noete
356 1271 614 1333 interposita,
650 1273 788 1332 primo
823 1270 1009 1316 diluculo
1040 1269 1267 1316 sordidatus
1299 1270 1508 1318 descendit
1540 1272 1589 1318 ad
1623 1271 1774 1319 Rostra
1802 1291 1813 1318 :
1859 1271 2082 1336 multisque
2117 1291 2215 1320 cum
2249 1276 2313 1322 la-

204 1337 352 1398 crymis
385 1335 530 1381 eadem
564 1334 688 1381 verba
712 1370 725 1392 ,
758 1351 904 1381 verum
938 1352 960 1380 e
995 1335 1140 1380 libello
1162 1370 1175 1391 ,
1207 1333 1374 1382 testatus
1405 1337 1478 1382 est.
1545 1336 1706 1383 Rursus
1736 1338 2027 1399 interpellante
2062 1339 2198 1385 milite
2218 1374 2231 1394 ,
2265 1355 2312 1385 ac

205 1400 393 1463 populo,
427 1404 471 1445 δε
508 1416 560 1444 ne
594 1397 791 1446 deficeret
823 1398 1039 1456 hortante,
1074 1415 1333 1463 omnemque
1367 1418 1538 1464 operam
1573 1399 1685 1446 suam
1720 1404 1904 1448 certatim
1930 1402 2186 1463 pollicente,
2219 1405 2315 1448 ani-

206 1482 325 1511 mum
359 1462 555 1509 resumsit.
623 1463 908 1525 Sabinumque
945 1468 989 1509 &
1023 1464 1205 1526 reliquos
1237 1465 1458 1511 Flavianos
1476 1465 1597 1512 ·nihil
1627 1471 1710 1525 jam
1745 1479 1934 1511 metuens
1957 1500 1971 1522 ‚
2025 1468 2070 1513 vi
2101 1465 2234 1513 subita
2265 1468 2313 1513 in

205 1529 472 1589 Capitolium
492 1529 716 1590 compulit:
751 1525 1029 1591 succensoque
1047 1529 1208 1590 templo
1230 1528 1351 1592 Jovis
1371 1545 1458 1593 opt.
1478 1548 1583 1576 max.
1607 1528 1817 1592 oppressit.
1887 1529 2005 1576 Cum
2027 1535 2070 1576 δε
2093 1531 2282 1594 praelium
2295 1564 2311 1587 ,

209 1596 252 1638 &
289 1591 532 1637 incendium
566 1609 589 1638 e
624 1591 857 1637 Tiberiana
888 1593 1140 1654 prospiceret
1172 1589 1303 1637 domo
1334 1596 1442 1640 inter
1476 1596 1645 1657 epulas,
1680 1610 1767 1639 non
1803 1594 1938 1640 multo
1972 1593 2064 1656 post
2099 1595 2314 1657 poenitens

207 1654 307 1702 faeti
323 1691 335 1710 ‚
370 1660 414 1701 &
435 1657 479 1702 in
503 1656 608 1702 alios
628 1657 791 1718 culpam
816 1653 1039 1702 conferens
1062 1691 1076 1712 ,
1111 1669 1254 1702 vocata
1280 1659 1488 1705 concione
1508 1661 1657 1718 juravit
1674 1694 1686 1714 ‚
1723 1661 1949 1722 coegitque
1972 1663 2103 1718 jurare
2128 1673 2316 1715 ceteros,

206 1721 310 1765 nihil
332 1719 410 1781 fibi
441 1725 637 1784 antiquius
670 1724 793 1783 quiete
816 1717 975 1784 publica
995 1722 1101 1780 fore.
1171 1721 1303 1766 Tunc
1349 1722 1532 1770 solutum
1573 1742 1596 1770 a
1646 1724 1771 1769 latere
1807 1739 2041 1786 pugionem
2064 1757 2078 1778 ,
2134 1722 2316 1770 Consuli

207 1786 417 1847 primum,
452 1784 602 1831 deinde
623 1784 696 1830 illo
720 1783 957 1842 recusante,
993 1783 1307 1848 Magistratibus
1326 1824 1341 1846 ‚
1376 1804 1420 1834 ac
1441 1805 1541 1835 mox
1563 1786 1834 1834 Senatoribus
1866 1788 2040 1850 singulis
2070 1789 2315 1851 porrigens:

2197 1852 2318 1896 nullo

539 1923 574 1957 T
603 1934 626 1957 o
658 1933 683 1957 R
712 1933 738 1958 R
767 1930 789 1956 Ε
818 1931 844 1956 N
872 1931 908 1958 τ.
1340 1924 1402 1962 Sol.
1424 1922 1791 1974 alaterepugionem.]
1831 1926 1919 1974 Qo
1946 1922 2045 1961 fauo
2063 1921 2185 1960 scilicet
2202 1919 2318 1958 osten-

271 1990 442 2028 chaldeos
464 1991 606 2041 dicere]
634 1995 722 2029 Non
740 2003 823 2041 puto
843 2004 1063 2042 quemquam
1084 2007 1144 2031 me
1161 2006 1242 2031 mo„
1287 1975 1403 2034 deret,
1433 1975 1610 2026 deponere
1628 1976 1660 2012 se
1682 1976 1890 2025 Imperium.
1927 1976 1980 2013 Sic
1998 1975 2124 2012 Dionis
2150 1983 2318 2023 compen-

217 2054 319 2077 neme
338 2042 571 2079 dubitaturum
583 2071 594 2085 ,
613 2043 695 2091 quin
712 2041 901 2090 legendum
922 2041 964 2078 sit
982 2045 1119 2082 edicere.
1135 2044 1245 2095 sequi·
1287 2026 1394 2064 dmm·
1411 2029 1490 2077 SUP·
1514 2026 1618 2065 Galb·
1634 2039 1709 2076 cap·
1722 2040 1778 2063 '‘1·

217 2105 269 2127 tur
289 2093 406 2136 enim,
431 2099 563 2129 Bonum
573 2094 725 2138 facium.
784 2091 894 2139 Qod
929 2093 1074 2130 edium-i
1110 2096 1242 2145 praefiui
1617 2097 1648 2131 C
1678 2106 1701 2130 Α
1727 2106 1744 2129 s
1774 2105 1796 2130 Α
1823 2106 1849 2129 u
1879 2104 1900 2128 Β
1922 2105 1946 2129 o
1973 2104 2010 2130 Ν.

219 2143 340 2180 solent.
368 2143 456 2180 Caes.
473 2155 548 2193 cap.
570 2155 666 2181 Lxxx.

274 2199 328 2229 Ne
348 2192 458 2230 Vitell.
481 2192 622 2241 Germ]
654 2192 759 2230 Liber
776 2203 851 2243 opt.
870 2200 909 2228 ut
930 2191 1041 2231 Vitell.
1070 2196 1171 2245 Lego
1184 2196 1244 2245 igi-

218 2253 270 2279 tur
288 2271 300 2286 ‚
333 2253 372 2279 ut
392 2243 545 2279 Vitellius
561 2248 676 2280 Germ.
698 2245 794 2279 intra
810 2243 953 2279 eundem
979 2242 1060 2281 Kal.
1084 2245 1175 2281 diem
1193 2246 1246 2293 us-

219 2300 326 2343 quam
345 2306 386 2329 ne
404 2293 487 2341 effet.
546 2293 653 2341 Qod
671 2294 786 2343 magis
805 2293 958 2329 edictum
978 2293 1072 2344 sapit.

278 2343 492 2380 Vaticinante
510 2347 620 2379 Casta
640 2344 747 2392 mah]
795 2344 899 2381 Liber
914 2354 987 2395 opt.
1017 2347 1123 2382 Cata.

221 2393 399 2436 Chanma,
425 2396 463 2430 <Sc
483 2394 639 2430 Charam
659 2423 669 2437 ‚
699 2399 737 2432 δε
753 2398 886 2430 Caram
910 2406 1048 2432 vocant.
1099 2398 1247 2432 Germa-

221 2455 307 2479 nam
325 2456 444 2480 autem
467 2442 560 2481 fuiffe
577 2443 633 2481 vel
651 2459 692 2482 ex
720 2458 764 2482 eo
788 2445 949 2481 credibile
978 2444 1025 2481 est
1042 2474 1053 2488 ‚
1090 2446 1183 2496 quod
1207 2450 1245 2483 δ(

221 2495 390 2530 Germani
422 2495 484 2542 (ut
504 2496 608 2531 ceteri
628 2495 697 2532 fere
717 2495 884 2542 Barbari)
920 2496 1104 2532 mulierum
1131 2498 1247 2534 vatici-

1344 2166 1398 2197 Ne
1418 2160 1570 2199 Vitellius
1587 2159 1728 2208 Germ]
1769 2163 1824 2197 Ita
1843 2171 1924 2196 MSS.
1945 2171 2010 2196 nec
2030 2157 2218 2208 quicquam
2238 2170 2314 2195 mu-

1288 2210 1443 2248 tandum.
1502 2211 1569 2248 Sed
1589 2223 1696 2260 quare
1712 2220 1802 2246 tacet
1823 2209 2004 2247 Suetonius
2022 2209 2118 2258 quod
2127 2208 2184 2247 vel
2198 2210 2315 2259 praeci-

1290 2273 1398 2309 puum
1417 2266 1511 2299 erat?
1538 2260 1617 2297 istos
1632 2274 1762 2312 nempe
1776 2272 1849 2297 non
1868 2271 1978 2299 vanos
1999 2289 2011 2304 ,
2038 2259 2094 2295 sed
2112 2272 2194 2298 vere
2218 2257 2315 2296 fuisse

1226 2346 1244 2353 „
1288 2308 1421 2354 μάντεις
1442 2313 1555 2347 κακῶν
1575 2313 1725 2359 dependis
1750 2326 1762 2349 ι
1806 2309 1894 2348 obiit
1921 2311 2017 2348 enim
2048 2309 2203 2349 Vitellius
2227 2311 2315 2347 intra

1179 2344 1244 2382 A¹¹¹
1292 2358 1499 2409 praefinitam
1521 2360 1628 2399 diem.

1346 2412 1573 2460 Bebriacenses
1590 2411 1737 2460 copias.)
1766 2414 1814 2448 Ut
1829 2410 1927 2462 supra
1946 2412 2164 2456 Betriacum,
2191 2411 2238 2450 ita
2256 2410 2312 2449 hic

1290 2462 1513 2511 Betriacenses
1532 2463 1657 2513 optimi
1677 2460 1780 2499 codd.

221 2545 284 2580 niis
310 2544 497 2595 plurimum
514 2545 721 2590 utebamur,
762 2546 880 2596 quales
899 2545 1061 2583 Velledas
1080 2575 1091 2589 ‚
1129 2550 1167 2583 ὃ(
1187 2549 1249 2584 Ar-
1658 2535 1693 2568 V
1722 2544 1744 2569 A
1773 2544 1798 2568 R
1828 2543 1843 2569 ¹
1871 2543 1894 2568 ⁰
1923 2543 1964 2569 ¹¹·

222 2595 331 2631 vinias
353 2608 616 2632 commemorat
643 2597 730 2634 libro
755 2597 797 2633 de
817 2595 972 2647 ipsorum
998 2596 1157 2634 moribus
1176 2602 1247 2634 Ta·
1347 2602 1517 2639 Chaldaeos
1534 2599 1679 2648 dicere.]
1718 2604 1766 2640 V.
1786 2603 1830 2639 C.
1857 2601 1962 2640 habet
1978 2601 2114 2640 edicere.
2170 2603 2205 2640 1⁷.
2238 2604 2316 2638 UR-

224 2645 279 2681 cit.
325 2645 489 2695 Hispanae
517 2647 624 2683 etiam
650 2649 790 2698 virginis
815 2647 964 2684 fatidicae
991 2649 1126 2684 mentio
1145 2648 1246 2686 Galb.
1295 2667 1415 2690 smus.

225 2706 301 2742 cap.
318 2709 367 2733 ix.

1349 2711 1479 2740 Bonum
1497 2701 1675 2750 saelum]
1712 2703 1898 2741 Sollemnis
1924 2701 2080 2754 praefatio
2108 2699 2314 2746 edictorum.

288 2758 340 2787 5¹·
356 2745 567 2796 Damam]
598 2747 772 2785 Dileflum
790 2748 902 2786 codex
914 2760 986 2798 opt·
1014 2752 1071 2785 De
1081 2762 1152 2799 quo
1170 2750 1251 2788 alibi
1295 2755 1364 2793 vid.
1386 2754 1428 2790 ad
1448 2752 1537 2790 Cres.
1557 2766 1596 2790 ca
1624 2781 1632 2790 .
1653 2766 1752 2791 cxxx.

227 2793 344 2850 plurim·
1357 2820 1367 2841 1
1382 2820 1408 2849 >¹-
1420 2804 1588 2851 Syriacus.
1627 2804 1718 2841 Cod.
1730 2801 1868 2841 Salmas.
1880 2802 2072 2852 Syriaticm·
2084 2811 2121 2837 Ut
2132 2799 2316 2850 Astatia&

285 2845 508 2892 Bebriacenses
535 2849 628 2895 cop.]
658 2848 885 2898 Betriacenses
910 2850 1016 2887 iidem
1036 2849 1133 2896 libri,
1162 2865 1249 2902 qnos
1295 2859 1331 2892 &c
1351 2855 1483 2891 similia.

224 2904 305 2928 ante
322 2893 513 2931 citavimus.
543 2897 608 2933 Sed
628 2899 743 2950 &legi
760 2900 904 2944 malim,
936 2899 1015 2937 hinc
1030 2901 1181 2940 Bebriac.
1195 2901 1248 2946 Εἴ
1352 2905 1531 2941 Delee'rum
1549 2902 1713 2958 quoquest]
1743 2900 1833 2938 eod.
1854 2899 1959 2937 Salm.
1985 2900 2158 2937 Dileelum
2176 2914 2315 2950 quoque.

226 2944 353 2990 copias,
381 2947 449 2979 &c.
564 2973 567 2976 .
1353 2956 1442 2991 Hinc
1460 2955 1680 3002 Betriacenses
1704 2949 1846 2999 copim]
1877 2951 1931 2987 Sic
1952 2949 2031 2987 cod.
2061 2950 2167 2989 Salm.
2196 2952 2312 3002 vulgo.

280 2994 411 3049 landem
432 2993 574 3042 verbm]
615 2998 743 3033 Eadem
766 2999 830 3035 illa
854 3000 962 3037 verba
979 3031 990 3045 ,
1031 3000 1122 3039 haud
1148 3002 1251 3040 dubie
1299 3005 1526 3053 Bebriacenses
1544 3004 1648 3051 copim
1658 3031 1670 3046 2
1699 3012 1735 3038 Ut
1752 3000 1859 3050 supra·

228 3043 415 3093 elegantius
437 3055 517 3080 mss,
538 3044 608 3100 ‘luo
625 3074 635 3088 ‚
675 3059 709 3082 ut
739 3050 851 3103 paullo
879 3051 954 3099 post
975 3061 1159 3090 metuentes
1188 3066 1251 3104 pro
1354 3056 1495 3091 Cunfflls
1510 3050 1812 3098 reclamantibus.]
1850 3049 1974 3091 Codex
1992 3050 2096 3090 Salm·
2115 3054 2152 3089 &
2174 3050 2316 3089 Palatini

223 3105 373 3131 meluens
383 3122 396 3139 ‚
424 3097 461 3130 ἅ
482 3106 644 3144 coegitque
654 3097 776 3146 jurare
793 3098 845 3142 &³
867 3110 996 3138 ceteros.
1302 3103 1394 3144 duo:
1420 3105 1548 3142 camelis
1564 3101 1843 3140 declamantibus.

2172 3157 2206 3193 T
2233 3167 2257 3191 e
2282 3166 2322 3190 un
