2504 3425
610 164 904 242 THEo
946 182 996 215 D.

173 263 278 313 Miffiz
310 259 445 299 auxilia
480 256 646 306 othoni]
689 256 802 294 Causa
846 254 1012 294 missionis
1047 265 1140 305 patet

118 314 230 353 Taciti
248 313 329 350 loco
338 339 352 356 ,
380 324 485 362 quern
504 311 617 348 citavi.

172 369 240 400 Iter
256 360 396 412 ingreffis
411 363 612 398 nunciatum
633 357 710 407 esp]
749 359 966 396 Nuntiavere
987 356 1139 395 Vitellia-

108 413 174 457 ni,
201 415 343 450 Tacitus
355 412 434 449 loco
447 410 588 448 eodem.
639 413 726 447 Haec
745 409 862 453 causa,
892 424 950 446 cur
971 407 1025 444 sex
1035 407 1140 444 millia

114 461 170 499 illa
189 464 238 500 ire
261 463 510 514 perseverarint
527 492 539 506 ,
569 474 700 511 nempe
720 461 799 511 quia
825 459 1018 499 Vitellianis
1037 470 1140 508 parva

115 513 209 563 apud
231 528 292 552 eos
312 513 413 551 fides.
945 548 952 555 ,

173 561 279 601 Omizi
298 567 500 613 rapinarum
515 561 671 611 genera]
715 563 840 610 Neque
867 560 962 596 enim
992 560 1139 608 privata·

113 626 194 651 rum
213 629 267 653 res
284 626 418 651 tantum
433 643 445 657 ,
475 613 533 650 sed
552 612 679 650 Vitellii
709 624 848 661 quoque
872 613 1056 661 pecuniam
1087 622 1139 646 ra-

114 677 244 714 puere,
271 668 314 702 C.
326 666 439 702 Taciti
456 664 536 700 loco
554 663 695 700 eodem.

171 722 226 752 Ne
245 715 312 765 fibi
339 713 478 763 reverfis
499 714 672 750 reddenda
697 711 826 758 ratim]
869 711 944 747 Alia
961 713 997 746 ὅ(
1015 709 1141 759 proba·

116 763 219 803 bilior
238 767 303 804 hac
322 765 366 803 de
384 778 421 801 re
452 767 493 801 C.
515 765 626 801 Taciti
644 763 794 800 narratio
815 760 862 798 est
882 790 895 805 ,
934 761 1013 797 loco
1031 772 1139 810 quem

115 817 228 856 citavi.

170 872 251 904 Aut
285 864 495 916 Hispanienfi
531 863 712 912 exercitu]
763 865 821 899 De
852 865 927 912 quo
959 861 1139 896 Suetonius

115 916 238 955 Galbae
258 931 290 955 c.
302 931 334 954 κ.

171 973 250 1004 Aut
270 964 571 1009 Germaniciano]
604 962 783 1011 Utriusque
792 960 990 998 Germaniae
1002 987 1014 1001 ,
1044 958 1141 1009 snpe-

113 1018 216 1056 rioris
251 1029 353 1068 atque
391 1016 569 1053 inferioris.
604 1016 648 1050 C.
668 1014 808 1049 Tacitus
830 1012 947 1062 primo
975 1008 1142 1047 Historia-

118 1081 213 1107 rum.

115 1118 403 1157 Germanicianus
429 1126 549 1152 autem
581 1114 746 1151 exercitus
760 1122 777 1157 ¹,
822 1113 880 1163 qui
912 1125 954 1148 ex
980 1111 1144 1149 militibus

116 1170 292 1207 Romanis
312 1196 323 1211 ‚
351 1166 409 1204 sed
430 1165 656 1203 Germaniciis
675 1163 746 1201 ssve
767 1162 989 1200 militantibus
1003 1163 1038 1200 iu
1060 1166 1146 1200 Ger-

116 1221 236 1257 mania
254 1248 266 1263 ,
304 1229 343 1255 ut
360 1216 493 1254 Tiberii
521 1229 550 1253 c.
567 1229 646 1253 xxv.
688 1215 841 1251 Othonis
866 1227 1018 1252 c.v111.
1077 1212 1143 1249 Sed

115 1266 318 1307 C.‘Tacitus
341 1267 522 1305 Annali.1.
564 1266 623 1304 lib.
641 1280 717 1303 111.
748 1264 926 1302 Historiar.
957 1267 1143 1301 utSueton.

115 1319 186 1370 ipse
206 1320 273 1358 hoc
287 1334 318 1356 c.
344 1319 566 1355 Germanicas
585 1329 725 1368 quoque
742 1315 897 1366 legiones
914 1314 1051 1358 dixere,
1081 1328 1144 1364 pro

116 1371 404 1408 Germanicianis.

176 1421 302 1458 Altum
328 1420 401 1456 alia
416 1420 459 1454 de
483 1418 594 1466 causa.
614 1418 629 1464 ]
660 1416 780 1467 Vulgo
801 1415 867 1460 est,
898 1414 962 1451 alii
978 1415 1087 1453 alium
1106 1417 1147 1453 de

119 1473 245 1518 causa,
273 1475 346 1509 δίε.
404 1472 496 1506 Bene
513 1470 652 1519 corrigit
670 1469 831 1507 Lae‘vinus
851 1467 1078 1509 Torrentius,
1110 1471 1147 1503 ὅ(

121 1522 189 1558 alii.

177 1575 223 1607 Et
237 1570 373 1620 quidem
396 1585 412 1606 e
427 1569 549 1619 legione
567 1568 709 1615 tertiat]
742 1568 791 1605 Ea
820 1580 948 1618 nempe
965 1570 999 1605 in
1019 1570 1150 1620 Vespa-

123 1621 262 1658 sianum
279 1619 557 1672 ‘propensitlima
580 1650 592 1665 ,
634 1623 676 1657 C.
698 1621 839 1656 Tacitus
857 1618 913 1656 lib.
941 1633 953 1656 1
967 1633 994 1656 1.
1034 1622 1150 1658 Histo-

125 1674 204 1710 riar.

180 1729 378 1772 Nomenque
407 1723 472 1770 ejus
508 1721 645 1758 vexillis
680 1721 833 1758 omnibns
875 1721 1146 1770 inscripserunt.]

124 1773 225 1811 Ritus
251 1773 405 1809 militaris
432 1771 596 1808 omnibus
620 1772 751 1809 vexillis
781 1771 987 1809 inscribendi
1015 1786 1149 1809 nomen

130 1825 359 1875 Imperatoris
387 1823 521 1860 noviter
539 1823 641 1857 creati
669 1852 681 1865 ,
726 1833 761 1858 ut
781 1836 872 1859 nunc
897 1852 908 1866 ,
957 1828 993 1860 ὃς
1023 1825 1149 1861 Dionis

122 1874 183 1911 lib.
212 1887 268 1911 xt.
326 1874 396 1910 Ubi
428 1884 519 1924 patet
548 1900 559 1914 ,
610 1873 755 1908 nomina
791 1873 865 1915 illa,
888 1873 985 1910 solita
1022 1874 1149 1911 vexillis

123 1925 259 1962 inscribi
281 1926 444 1964 Φοινικοῖς
472 1923 659 1970 γράμμασι
678 1952 689 1967 ,
732 1921 804 1960 five
833 1923 955 1959 litteris
984 1925 1147 1961 puniceis.

126 1975 203 2015 Sub
237 1977 276 2012 iis
301 1975 418 2012 litteris
438 1976 558 2024 imago
582 1974 670 2023 pich
699 1974 925 2024 Imperatoris
945 2002 956 2016 ‚
994 1986 1032 2010 ut
1059 1975 1148 2025 apud

125 2026 322 2071 Dionemf,
365 2024 518 2063 Vitellio.
578 2027 710 2060 Contra
748 2038 828 2061 cum
875 2022 1064 2061 deficerent
1107 2025 1150 2063 ab

128 2081 367 2128 Imperatore,
401 2075 487 2113 soliti
511 2075 660 2111 lacer-are
677 2076 822 2112 nomina
840 2075 893 2112 illa
914 2078 951 2111 ὃ(
970 2076 1152 2125 imagines.

127 2129 182 2164 Sic
200 2130 315 2178 accipe
331 2129 496 2171 καθαιρεῖν
511 2125 572 2165 τὰς
592 2125 720 2166 εἰκόνας
738 2155 750 2170 ,
778 2130 845 2164 ἃς.
903 2127 1027 2163 Dionis
1046 2127 1154 2163 Vitel-

127 2178 177 2214 lio
194 2207 205 2221 ‚
239 2180 298 2215 ubi
324 2178 417 2216 male
436 2179 600 2227 interpres
619 2206 630 2221 ‚
675 2176 781 2213 delere
799 2179 972 2225 imagines.
1031 2178 1084 2213 Sic
1109 2181 1150 2215 C.

130 2229 243 2264 Taciti
259 2229 383 2266 lib.11.
428 2227 605 2265 Historiar.
637 2227 872 2277 Laceratisque
890 2227 1026 2263 vexillis
1047 2256 1058 2271 ,
1099 2229 1153 2265 Vi-

131 2279 216 2314 tellit·
238 2291 358 2314 nomen
370 2278 636 2326 proferentibus,
662 2281 731 2314 δίς.

133 2328 264 2365 Vexilla
283 2331 397 2364 omnia
410 2356 422 2371 ‚
451 2327 601 2377 intellige
619 2330 781 2365 omnium
798 2329 1006 2366 cohortium.
1046 2332 1151 2366 Suum

134 2391 264 2427 nempe
282 2378 403 2427 cuique
421 2378 555 2414 cohorti
572 2378 756 2421 vexillum,
784 2378 858 2417 five
874 2380 1070 2429 legionariae
1090 2380 1152 2415 illae

135 2429 297 2466 cohortes
325 2457 336 2471 ‚
375 2427 447 2464 five
481 2427 666 2465 auxiliares.
737 2431 790 2465 Sic
831 2430 968 2478 Peligna
1012 2432 1152 2466 cohortis

135 2480 324 2521 vexillum,
355 2483 398 2516 T.
416 2479 502 2514 Livii
522 2477 578 2514 lib.
596 2489 675 2514 va.
716 2482 921 2515 Germanica
946 2483 1077 2515 vexilla
1109 2484 1150 2518 C.

137 2531 251 2568 Taciti
270 2529 327 2566 lib.
347 2544 374 2577 t.
406 2528 583 2566 Historiar.
607 2527 640 2563 id
670 2528 737 2571 est,
768 2529 945 2577 legionum
968 2532 1152 2565 Germani-

138 2593 268 2618 carum.
342 2581 521 2616 Vexiltares
562 2576 708 2613 cohortes
752 2577 812 2614 lib.
855 2591 911 2614 11.
972 2579 1149 2616 Historiar.

140 2631 327 2669 Vexillaria
375 2629 486 2666 cohors
506 2658 517 2672 ‚
558 2629 678 2665 Amin.
731 2627 918 2665 Marcellini
960 2629 1019 2665 lib.
1049 2643 1150 2666 xxix.

138 2686 180 2720 Et
208 2683 244 2718 in
273 2681 406 2718 Notitia
433 2679 603 2730 Imperii:
628 2677 786 2714 cohortes
808 2676 885 2726 five
914 2678 1152 2715 wat-illationes

134 2733 289 2782 peditum
318 2732 653 2767 Pamzonicmnorum
671 2729 847 2777 juniorum
867 2757 879 2772 ,
907 2731 977 2764 ἃς.
1034 2732 1154 2778 Itaque

139 2782 260 2821 frustra
287 2781 333 2818 illi
361 2781 435 2818 sum
452 2810 463 2825 ,
500 2781 557 2831 qui
587 2790 714 2828 negant
738 2777 836 2815 suurn
872 2779 995 2828 cuique
1023 2779 1156 2815 cohorti

138 2834 279 2884 fignum
304 2830 396 2868 fuisse
421 2861 432 2875 ‚
480 2844 560 2868 cum
589 2833 694 2867 etiam
723 2832 769 2865 T.
798 2829 885 2867 Livii
920 2828 978 2866 lib.
998 2842 1032 2866 v.
1078 2843 1155 2865 cen-

140 2886 228 2923 turio
255 2884 321 2921 suae
348 2883 499 2919 cohortis
524 2879 686 2931 signifero
714 2879 803 2915 dicat
827 2894 838 2917 ε
861 2879 1024 2927 Signifer,
1045 2878 1157 2926 stutue

131 2927 266 2986 signum
285 2963 297 2978 ,
347 2937 416 2970 δίς.
475 2933 586 2981 Atque
619 2932 640 2967 ii
674 2930 774 2967 testes
792 2958 804 2973 ,
839 2942 930 2979 quos
959 2929 1002 2965 illi
1032 2943 1095 2979 pro
1124 2929 1157 2965 se

140 2984 278 3024 laudant
294 3013 306 3028 ,
354 2982 546 3034 planiffime
575 2993 694 3019 contra
720 2981 835 3017 dicunt
862 2980 1111 3017 testimonium.

195 3036 372 3072 Revocatis
403 3035 451 3070 ad
480 3033 625 3081 officium
649 3031 798 3069 numeris
821 3030 1038 3079 perrumpen]
1084 3037 1159 3066 Nu-

1076 160 1742 214 MAR'c1L11JS.

2152 181 2217 215 21‘

1199 251 1308 288 herces
1333 263 1369 289 ut
1385 254 1518 303 accepit
1542 253 1681 305 Ulpian.
1708 254 1730 292 l.
1757 269 1811 292 11.
1860 260 1891 299 ἕ.
1916 268 1945 292 x.
2000 257 2058 292 De
2088 254 2137 292 his
2166 260 2224 306 qui

1197 314 1269 338 not.
1300 301 1361 340 inf.
1385 308 1422 341 δ(
1452 305 1506 341 alii
1524 307 1661 354 passim.
1703 307 1753 342 D.
1780 306 2007 356 Similiterque
2038 304 2218 346 claudian,

1197 352 1402 401 Epithalam.
1443 355 1593 393 Palladii.
1636 356 1684 394 121.
1713 356 1885 407 Vopiscus
1912 357 1947 393 in
1974 355 2216 407 Probo'lmp.

1197 404 1309 452 Atque
1336 405 1414 441 hinc
1437 404 1534 442 idem
1564 405 1718 443 tribunus
1734 412 1964 443 v‘siunwrorum
1986 436 1997 450 ‚
2035 408 2091 457 qui
2109 408 2217 444 tribu-

1194 465 1258 488 nus
1283 454 1436 491 cohortis.
1463 455 1484 492 l.
1512 470 1560 493 ix.
1591 459 1638 493 D.
1669 460 1726 493 De
1751 458 1863 495 exctis.
1894 468 1953 495 tut.
1986 459 2039 493 Sic
2059 456 2219 494 tribuna-

1193 513 1248 538 tus
1270 518 1499 543 numerorum.
1528 506 1548 543 l.
1577 506 1635 544 ult.
1669 511 1711 544 C.
1730 506 1773 542 de
1794 508 1928 545 testam.
1961 507 2033 544 mil.
2065 507 2124 544 ubi
2140 521 2219 558 pec-

1193 565 1290 597 cant,
1321 557 1377 605 qui
1398 556 1515 605 legunt
1545 557 1582 593 in
1608 557 1787 594 tribunatu
1804 571 2032 595 numerorum.
2083 558 2216 596 Milites

1194 616 1280 640 vero
1299 604 1454 652 singuli,
1504 608 1609 643 etiam
1651 610 1788 644 numeri
1805 636 1818 651 ,
1855 621 1891 645 ut
1915 608 2005 658 apud
2033 609 2214 646 Ammian.

1193 654 1381 690 Marcellin.
1420 655 1478 692 lib.
1508 670 1636 694 xxiii.
1684 672 1761 695 xxV.
1799 672 1924 697 xxv11.
1963 672 2061 695 xxxx,
2106 673 2210 697 xxx1.

1194 706 1350 753 Utroque
1402 705 1514 742 modo
1568 720 1740 751 numeros
1786 722 1876 746 nunc
1928 709 2100 757 acceperis
2140 723 2212 747 non

1192 753 1297 789 male.

1192 803 1257 839 Sed
1288 801 1336 838 est
1360 815 1499 853 quoque
1527 807 1641 843 tertius
1672 807 1878 858 significatus
1895 840 1906 854 ,
1935 811 2114 856 videlicet,
2149 824 2213 847 nu-

1192 853 1307 895 meri,
1346 865 1411 902 pro
1450 855 1650 892 militarium
1680 857 1879 896 officiorum
1913 862 2073 910 gradibus
2122 860 2214 913 ipsis.

1192 903 1245 938 Sic
1273 903 1369 938 enim
1397 905 1609 953 Capitolinus
1634 908 1668 942 in
1697 910 1854 945 Maximo
1878 914 1915 945 ὃ(
1934 912 2079 948 Balbino
2105 928 2116 950 ι
2141 919 2214 949 At-

1195 963 1338 996 tamen,
1369 953 1509 1003 inquit,
1548 956 1714 992 militaris
1733 958 1888 994 tribunus
1898 961 1994 1004 suit,
2024 961 2076 1003 ξδ’
2094 963 2215 998 multos

1195 1005 1261 1050 egit
1304 1016 1458 1040 numeros
1478 1034 1489 1048 ,
1549 1009 1617 1044 &c.
1691 1008 2010 1055 Quemadmodum
2060 1012 2214 1049 Trebell.

1196 1053 1308 1091 Pollio
1353 1054 1388 1090 in
1433 1056 1547 1093 Mario
1596 1060 1765 1106 Tyranno
1793 1088 1804 1102 ‚
1866 1059 2080 1095 Militaribus
2100 1090 2112 1103 ,
2168 1063 2222 1098 in-

1196 1105 1300 1154 quit,
1349 1105 1450 1153 usque
1485 1108 1534 1143 ad
1574 1108 1753 1156 imperium
1784 1109 1946 1158 gradibus
1976 1112 2108 1146 evec‘t'us
2147 1111 2189 1159 est
2207 1140 2219 1156 ,

1196 1159 1266 1193 &c.
1420 1189 1422 1192 .

1197 1209 1336 1255 Qarto
1370 1208 1476 1244 etiam
1517 1207 1630 1245 modo
1662 1210 1799 1246 numeri
1832 1223 1896 1260 pro
1935 1211 2114 1248 matricula
2133 1242 2144 1257 ,
2182 1214 2217 1250 in

1197 1270 1303 1306 quam
1337 1259 1482 1308 inscripti
1516 1259 1669 1303 milites,
1718 1263 1762 1297 C.
1804 1262 1929 1299 Plinius
1970 1262 2075 1312 Epist.
2105 1277 2215 1302 virt.

1196 1308 1254 1346 lib.
1282 1323 1358 1346 ιιι.
1404 1315 1537 1346 Nomen
1562 1312 1599 1345 in
1622 1324 1775 1347 numeros
1800 1313 1931 1357 referre.
1984 1315 2111 1362 Neque
2130 1314 2220 1350 diffi-

1199 1359 1322 1396 militer
1358 1358 1496 1410 Ulpinn.
1537 1360 1558 1397 l.
1579 1373 1722 1410 propen.
1772 1365 1830 1398 De
1857 1364 1991 1400 testam.
2020 1364 2120 1401 milit·
2176 1369 2220 1401 Et

1200 1410 1255 1446 alii
1281 1408 1421 1459 passim.
1459 1413 1506 1447 D.
1540 1415 1634 1461 Ergo
1665 1414 1770 1448 etiam
1800 1415 1892 1463 quod
1923 1414 1960 1450 in
1988 1427 2141 1451 numeros
2170 1428 2223 1450 re·-

1192 1461 1285 1506 serre
1308 1461 1427 1497 dicitur
1442 1489 1453 1503 ,
1484 1461 1613 1509 eodem
1640 1461 1831 1512 significatu
1848 1464 1895 1500 est
1913 1492 1925 1507 ‚
1962 1465 2104 1502 nomina
2130 1464 2223 1500 mili-

1202 1521 1277 1547 tum
1312 1511 1520 1548 militaribus
1555 1514 1746 1549 matriculis
1770 1515 1891 1560 referre
1924 1514 1944 1552 l.
1992 1528 2138 1564 propen.
2176 1518 2220 1552 C.

1203 1561 1281 1598 eod.
1322 1566 1364 1598 Et
1383 1562 1572 1599 matriculis
1587 1563 1727 1611 inserere
1744 1592 1756 1608 ,
1786 1564 1878 1614 apud
1906 1567 2097 1614 Vegetium
2126 1577 2219 1605 c.v1.

1202 1613 1264 1650 lib.
1282 1626 1293 1648 1
1307 1627 1334 1650 1.

1259 1662 1409 1699 Tiberius
1437 1662 1641 1700 Alexander
1672 1665 1840 1713 profestos
1877 1665 2046 1716 AEgypti.]
2093 1667 2229 1702 Nan-at:

1204 1718 1246 1752 C.
1277 1715 1416 1750 Tacitus
1439 1714 1495 1750 lib.
1523 1729 1575 1752 ιι.
1623 1715 1801 1754 Historiar.
1849 1720 1907 1754 De
1933 1718 2077 1755 Tiberio
2104 1727 2221 1753 autem

1205 1766 1272 1803 hoc
1290 1763 1487 1801 Alexandro
1509 1765 1648 1817 fiatyrice
1668 1767 1824 1811 Juvenal.
1862 1772 1930 1806 Sat.
1958 1784 1986 1807 1.
2022 1767 2079 1805 ubi
2099 1766 2226 1804 melius*

1203 1815 1322 1858 fuerit,

1346 1889 1373 1895 --
1401 1877 1503 1916 atque
1522 1866 1755 1913 Alaharches,
1784 1871 1854 1905 ἃς.

1204 1930 1310 1968 quam
1335 1929 1370 1954 ut
1389 1930 1478 1953 nunc
1497 1917 1602 1966 vulgo
1623 1918 1670 1954 est
1682 1948 1695 1963 ,

1333 1992 1376 1997 ---
1400 1978 1461 2003 aut
1482 1967 1708 2007 Alabarches.

1207 2019 1317 2069 Atque
1349 2018 1383 2055 id
1402 2018 1561 2055 Tiberius
1585 2017 1690 2055 frater
1717 2020 1884 2057 Herennii
1911 2018 2062 2056 Philonis
2080 2048 2091 2064 ,
2139 2026 2223 2057 Pra-

1196 2071 1309 2115 feo‘ius
1328 2082 1412 2108 vero
1429 2071 1562 2119 AEgypti
1580 2097 1590 2111 ‚
1627 2071 1797 2117 profeblus
1819 2070 2013 2120 Augustalis
2028 2099 2039 2114 ,
2085 2070 2128 2106 de
2152 2084 2231 2120 quo*

1205 2120 1305 2157 titulis
1321 2124 1367 2157 D.
1385 2124 1423 2157 &
1443 2122 1485 2156 C.
1498 2118 1686 2170 Augustalis
1703 2135 1788 2160 vero
1807 2121 1880 2165 ille,
1909 2122 1988 2172 quia
2013 2122 2168 2172 primitus
2178 2121 2223 2158 ab

1206 2171 1370 2221 Augusto.
2154 2194 2156 2197 v

1259 2229 1301 2258 In
1325 2222 1432 2258 verba
1459 2221 1645 2270 Vespasiani
1668 2222 1806 2272 legiones
1833 2223 1989 2270 adegit.]
2039 2222 2092 2259 Ad
2113 2225 2228 2267 juran-

1205 2272 1287 2309 dum
1304 2274 1340 2309 in
1361 2273 1469 2310 verba
1492 2271 1691 2323 Vespaiiani
1713 2275 1792 2323 egit.
1852 2280 1891 2308 ln
1908 2272 2015 2309 verba
2024 2274 2142 2321 jurare
2156 2272 2224 2307 ali-

1205 2324 1296 2373 cujus
1314 2353 1326 2367 ‚
1365 2324 1411 2360 est
1429 2326 1537 2370 jurare
1557 2325 1623 2361 hoc
1637 2324 1745 2373 ipsum
1765 2353 1776 2366 ,
1809 2322 1903 2374 quod
1924 2322 1977 2358 ille
1999 2324 2092 2373 praeit
2110 2351 2121 2366 ,
2151 2320 2230 2360 five-

1205 2375 1310 2427 dietat
1330 2403 1342 2418 ,
1376 2373 1446 2412 five
1464 2377 1623 2424 praejurat
1639 2402 1650 2416 ,
1691 2387 1750 2423 per
1774 2374 1806 2410 se
1834 2373 1901 2424 ipse
1919 2385 1975 2411 aut
2004 2387 2064 2424 per
2099 2372 2219 2409 alium.

1204 2427 1360 2462 Prilcinn.
1372 2438 1400 2462 c.
1412 2439 1518 2462 V111.
1535 2426 1592 2462 lib.
1610 2436 1673 2462 xvl
1688 2439 1698 2461 1
1713 2439 1740 2460 1.

1207 2480 1263 2512 De
1298 2478 1361 2512 ritu
1389 2489 1472 2512 vero
1494 2476 1622 2520 jurandi
1646 2476 1678 2510 in
1714 2473 1819 2510 verba
1856 2474 2081 2525 Imperatoris
2099 2476 2144 2512 T.
2165 2475 2219 2510 Li-

1206 2528 1280 2563 vius
1318 2527 1377 2562 lib.
1406 2539 1493 2561 xx11
1571 2524 1765 2562 Plutarchus
1793 2525 1826 2560 in
1852 2525 2056 2562 Romanicis
2089 2523 2219 2571 Quaest.

1209 2590 1331 2612 xxxix
1388 2576 1430 2611 A.
1449 2575 1575 2612 Gellius
1600 2589 1628 2612 c.
1656 2589 1706 2613 iv.
1734 2574 1793 2610 lib.
1817 2588 1897 2612 xvi.
1957 2574 2122 2623 vegetius
2140 2588 2169 2614 c.
2184 2588 2216 2613 v.

1209 2626 1265 2661 lib.
1284 2641 1292 2661 ι
1309 2639 1335 2661 1.

1212 2679 1407 2725 Antequam
1427 2674 1527 2711 miles
1554 2675 1599 2712 iic
1620 2674 1810 2721 iitraviffet,
1843 2675 1895 2712 fas
1914 2677 1943 2711 ei
1964 2689 2035 2712 non
2063 2673 2124 2712 fuit
2163 2688 2223 2725 pu-

1211 2738 1317 2775 gnare
1342 2726 1376 2760 in
1398 2723 1545 2765 hostem.
1573 2727 1723 2763 Diodori
1738 2727 1795 2764 lib.
1814 2740 1853 2762 xl
1868 2741 1894 2763 1.
1923 2726 2027 2763 Tullii
2044 2741 2072 2762 ι’.
2100 2725 2142 2761 de
2159 2725 2226 2762 Of-

1213 2775 1266 2812 fic.
1301 2779 1345 2812 T.
1358 2775 1443 2812 Livii
1462 2775 1519 2816 lib.
1538 2790 1589 2814 iv.
1602 2781 1637 2813 ὃ(
1657 2791 1696 2814 vi
1711 2791 1720 2813 1
1735 2791 1762 2814 1.
1794 2777 1923 2815 Valerii
1943 2790 2022 2814 αν]
2038 2791 2065 2814 t.
2090 2775 2147 2813 lib.
2167 2789 2229 2813 11..

1213 2830 1339 2876 Neque
1372 2828 1524 2871 juravere
1539 2826 1661 2864 milites
1686 2839 1765 2863 ante
1792 2835 1898 2877 quam
1929 2829 2070 2869 notati,
2099 2825 2169 2864 sive
2190 2838 2233 2864 nt.

1216 2877 1380 2926 Vegetius
1404 2875 1551 2925 loquitur
1577 2891 1606 2914 c.
1624 2891 1657 2916 v.
1704 2877 1761 2914 lib.
1792 2892 1843 2915 11.
1884 2880 2061 2926 puniti-‘uris
2089 2879 2126 2913 in
2152 2888 2227 2912 cute

1206 2929 1323 2974 puncli
1340 2954 1352 2969 ,
1382 2924 1434 2967 Εἴ
1448 2927 1567 2976 seripti
1578 2955 1590 2971 ,
1611 2928 1688 2977 five
1709 2927 1900 2965 matriculis
1917 2928 2032 2977 inftrri
2051 2957 2063 2972 ,
2098 2926 2168 2965 live
2189 2929 2232 2963 inv

1213 2989 1376 3014 numeros
1387 2976 1486 3013 relati
1502 3006 1514 3021 ,
1551 2989 1586 3014 ut
1605 2979 1652 3015 est
1672 2978 1764 3028 apud
1784 2980 1970 3028 Vegetium
1990 2978 2092 3020 loco,
2117 2991 2225 3028 quem

1214 3028 1292 3066 dixi.
1336 3040 1448 3076 neque
1476 3041 1642 3078 repugnat
1670 3032 1712 3067 C.
1732 3029 1828 3066 Plinii
1858 3029 1951 3078 epist.
1970 3042 2139 3067 xxxviii.
2166 3027 2226 3064 lib.

144 3086 227 3125 meri
253 3085 308 3129 vel
333 3085 410 3126 sunt
437 3084 627 3129 cohortes,
672 3082 728 3126 vel
750 3081 881 3123 milites
909 3080 1042 3133 singuli.
1085 3077 1160 3134 Co·
1184 3074 1188 3114 l
1216 3093 1248 3120 x.
1304 3081 1404 3121 Natu
1444 3074 1751 3120 extr-aoidinarium
1788 3079 1836 3120 est
1880 3080 1955 3125 ibi,
2006 3078 2099 3129 quod
2146 3081 2235 3122 jura--

1432 3132 1604 3169 Cccccc
1637 3146 1653 3177 3
2091 3138 2238 3173 verant„
