2504 3425
318 138 1165 243 HENRICO
1267 134 2150 222 PRINCIPI‘

806 302 841 358 J
926 293 998 355 N
1084 286 1137 349 F
1222 291 1276 347 A
1365 285 1440 347 N
1525 285 1592 347 T
1680 290 1715 347 J

198 426 2284 556 PORTUGARLIAE„

601 620 1243 684 ACHILLES
1321 616 1878 673 STATIUS

1165 771 1207 818 S.
1242 772 1288 813 P.
1324 768 1384 813 D.

327 915 669 971 lberalitatem
698 929 803 965 non
832 910 885 964 in
912 906 1085 963 dando
1101 903 1267 958 solum
1285 942 1302 968 ,
1340 901 1497 955 sedin
1526 901 1836 974 accipiendo
1852 920 2066 975 quoque
2081 901 2297 975 positam

328 989 426 1043 effe
449 986 793 1060 sapientissimi
823 985 921 1038 viri
949 980 1270 1037 censuerunt:
1312 976 1472 1048 idque
1488 976 1706 1030 omnino
1720 977 1985 1047 praeclare,
2025 991 2179 1048 atque
2197 1015 2212 1039 ,
2239 991 2297 1028 ut

331 1066 400 1116 ita
424 1063 620 1121 dicam,
664 1058 948 1112 liberaliter.
1026 1058 1267 1124 Qlorum
1294 1049 1596 1102 sententiam
1625 1048 1690 1101 sic
1717 1050 1921 1121 accipio
1949 1087 1965 1112 ,
2018 1064 2074 1101 ut
2114 1049 2297 1102 iisdem

199 1137 355 1210 longe
370 1135 674 1188 liberaliores
687 1131 953 1184 videantur
978 1128 1044 1189 ii,
1083 1125 1178 1197 qui
1205 1124 1422 1176 minima
1437 1140 1660 1193 quaeque
1677 1122 1844 1174 multo
1860 1122 2068 1175 alacrius
2086 1161 2101 1185 ,
2141 1141 2298 1193 quam

200 1211 427 1264 maxima
452 1225 571 1260 cum
595 1205 889 1258 tribuuntur
905 1239 919 1264 ‚
961 1199 1242 1270 accipiunt.
1321 1196 1449 1248 Hoc
1464 1208 1633 1246 autem
1650 1194 1962 1248 liberalitatis
1979 1213 2134 1267 genus
2148 1214 2299 1267 auge-

202 1298 286 1336 tur
311 1283 444 1352 ejus,
484 1280 579 1351 qui
604 1277 828 1349 accipit,
868 1272 1226 1347 magnitudine
1256 1267 1776 1340 atqueiauetoritate,
1817 1285 1924 1320 non
1951 1269 2115 1321 minus
2141 1286 2298 1338 quam

197 1358 312 1426 ejus
344 1354 436 1425 qui
462 1353 579 1417 dat,
619 1352 774 1405 etiam
802 1349 1063 1403 tenuitate.
1145 1343 1265 1396 Nec
1302 1343 1443 1394 enim
1484 1341 1806 1414 principibus
1858 1341 1979 1394 viris
2029 1359 2086 1393 ac
2138 1359 2301 1393 rerum

202 1428 538 1481 maximarum
556 1426 706 1498 copia
727 1422 920 1495 semper
945 1417 1268 1474 affluentibus
1296 1431 1400 1469 tam
1428 1415 1608 1468 damus
1633 1414 1686 1467 id
1703 1452 1720 1477 ,
1757 1414 1905 1486 quod
1933 1413 2081 1486 plane
2094 1413 2272 1467 damus
2287 1452 2304 1478 ‚

207 1520 365 1572 quam
391 1519 453 1553 eo
484 1498 594 1571 ipso
619 1497 812 1552 nostros
837 1496 1036 1548 animos
1053 1533 1068 1556 ,
1108 1490 1298 1562 quibus
1321 1508 1414 1543 nec
1430 1490 1589 1559 majus
1604 1506 1698 1541 nec
1711 1486 2026 1560 praestantius
2040 1486 2135 1539 effe
2151 1488 2301 1558 quid..

207 1592 366 1644 quam
395 1572 562 1645 potest
580 1610 594 1635 ‚
635 1571 865 1642 quodam
894 1566 1054 1622 modo
1082 1565 1325 1638 largimur
1350 1582 1406 1616 ac
1434 1562 1765 1615 devovemus.
1843 1559 2161 1632 Hujusmodi
2200 1559 2272 1613 est
2287 1599 2304 1625 ,

207 1645 569 1701 HENRICE
598 1645 867 1717 PrincepS,
910 1642 1012 1695 hoc
1040 1635 1401 1692 munusculum
1430 1653 1617 1689 meum.
1694 1633 1900 1687 Etenim
1917 1635 2000 1687 cui
2019 1634 2305 1697 mitterem,

207 1719 502 1791 Principem
531 1759 547 1778 ‚
594 1736 750 1789 quam
780 1732 829 1770 te
856 1754 871 1779 ,
912 1716 1154 1785 majorem
1179 1729 1281 1765 non
1311 1709 1558 1762 habebam
1584 1746 1600 1772 ,
1638 1721 1724 1761 aut
1749 1708 1834 1760 cui
1860 1707 2090 1779 pluribus
2117 1712 2168 1760 &
2193 1727 2305 1781 gra-

206 1793 436 1845 vioribus
462 1793 527 1846 de
554 1791 707 1844 causls
729 1791 937 1845 deditus
980 1787 1138 1860 magis
1181 1805 1238 1839 ac
1279 1784 1498 1837 devotus
1535 1781 1633 1835 effe
1671 1782 1924 1834 deberem.
2002 1780 2178 1832 Multa
2216 1796 2303 1833 tua

210 1864 442 1917 constant
466 1867 516 1918 in
543 1879 739 1936 patrem
768 1882 939 1916 meum
968 1859 1218 1914 beneficia
1235 1897 1251 1922 ,
1291 1857 1452 1909 multa
1473 1858 1528 1908 in
1553 1853 1753 1913 fratreS,
1795 1853 1957 1905 multa
1971 1853 2022 1904 in
2038 1870 2120 1904 me
2134 1850 2301 1923 ipsum

209 1937 448 2009 denique.
527 1938 670 1989 Nam
695 1936 961 2009 quidquid
988 1935 1089 1987 illis
1115 1934 1244 1986 bene
1268 1928 1433 1982 fecisti
1452 1969 1466 1990 ‚
1508 1926 1636 1982 mihi
1650 1925 1844 1980 fastum
1861 1923 2118 1978 existimo.
2196 1924 2300 1977 De-

210 2011 332 2062 inde
359 2029 474 2081 quae
499 2027 564 2062 ex
591 2010 741 2063 Italia
776 2024 930 2079 atque
960 2009 1081 2060 urbe
1106 2002 1483 2061 Romalitteris
1508 2002 1607 2053 tuis
1631 1998 1978 2052 amantiffimis
2003 1998 2170 2051 accito
2196 2012 2301 2051 tam

210 2084 370 2138 multa
394 2083 667 2136 liberaliter
691 2088 743 2137 ὃς
772 2083 972 2153 prolixe
999 2080 1289 2151 pollicem,
1330 2075 1545 2148 perinde
1571 2073 1701 2126 mihi
1731 2087 1868 2145 grata
1883 2070 2026 2134 sunt,
2063 2089 2122 2124 ac
2152 2069 2300 2138 fijam

208 2158 360 2209 eti-am
384 2158 680 2227 acceperim.
758 2154 1021 2208 Postremo
1034 2169 1202 2206 autem
1219 2152 1318 2204 hoc
1334 2148 1447 2221 ipso
1461 2148 1770 2220 accipiendo
1783 2143 2084 2198 munusculo
2100 2181 2117 2207 ,
2155 2146 2304 2215 quod

209 2229 356 2300 supra
385 2229 568 2301 posui,
606 2228 735 2281 mihi
760 2245 974 2300 quoque
1001 2227 1282 2299 plurimum
1311 2223 1505 2274 tribuis.
1584 2221 1734 2292 Qud
1759 2219 1897 2271 enim
1923 2235 2120 2290 agerem
2152 2260 2163 2276 ,
2206 2219 2300 2289 qui

213 2303 339 2357 nihil
370 2303 625 2355 habebam*
654 2302 710 2353 in
750 2315 999 2374 promptu
1041 2300 1244 2368 majus?
1293 2301 1345 2348 δε
1382 2295 1447 2347 ad
1480 2308 1530 2346 te
1580 2294 1755 2348 venire
1792 2309 2013 2344 vacuum
2053 2291 2298 2362 pudebat.

214 2377 503 2430 Veniebam
531 2389 701 2428 tamen
726 2375 775 2427 in
801 2374 941 2446 spem
969 2411 985 2436 ,
1035 2388 1218 2425 munus
1250 2367 1349 2421 hoc
1377 2385 1458 2419 me
1485 2385 1660 2418 ornare
1697 2380 1854 2435 atque
1890 2382 2071 2437 augere
2109 2383 2300 2418 meum.

212 2448 463 2521 Namque
491 2462 548 2501 ut
575 2447 639 2500 ad
675 2461 726 2500 te
750 2466 936 2501 venero
954 2485 969 2510 ‚
1005 2460 1093 2498 aut
1119 2445 1273 2497 etiam
1300 2455 1573 2510 antequam
1599 2439 1663 2491 ad
1686 2454 1736 2491 te
1763 2437 1944 2499 veni0‚
1985 2435 2074 2490 fiet
2112 2438 2177 2491 ad
2200 2437 2302 2492 hoc

215 2522 381 2592 ipsum
407 2566 418 2583 ,
465 2539 522 2575 ut
546 2521 690 2593 spero
715 2563 727 2580 ,
784 2519 1145 2573 munusculum
1174 2517 1297 2568 haut
1325 2513 1500 2586 paullo
1537 2514 1697 2583 major
1731 2510 1961 2564 accessio.
2040 2509 2123 2563 Ut
2160 2513 2303 2563 enim

215 2611 388 2649 natura
413 2612 595 2667 parvos
625 2594 852 2665 primum
878 2592 1035 2646 foetus
1058 2592 1198 2653 edit,
1239 2606 1369 2660 quos
1394 2587 1528 2639 alens
1553 2585 1839 2658 augensque
1865 2582 2038 2655 postea
2065 2585 2302 2654 grandio-

217 2685 291 2720 res
316 2668 503 2730 efficit3
547 2665 611 2719 s1c
640 2685 729 2738 per
757 2682 806 2719 te
837 2666 1002 2719 nostra
1031 2682 1246 2735 quoque
1273 2660 1493 2713 crescent
1518 2659 1623 2730 ipsa
1641 2697 1656 2721 ‚
1696 2675 1967 2729 meamque
1992 2656 2120 2710 hanc
2160 2657 2299 2709 lucu-

216 2741 588 2795 bratiunculam
615 2740 864 2813 majorum
888 2738 1185 2813 vigiliarum
1215 2752 1420 2790 munera
1451 2732 1840 2803 consequentur.
1914 2729 2060 2785 Vale.

1478 2902 1631 2955 Rom,
1669 2896 1770 2941 Kal.
1807 2891 2297 2960 Aprilib.010.10.1„xv.
