2504 3425
246 202 356 255 420

642 154 1992 228 C.SU’1=.T.TRANQU1LL1L113.IV.

251 286 457 336 terempto
480 269 592 332 prius
612 256 822 319 utriusque
845 252 1000 299 ordinis
1022 243 1264 293 elerstiffimo
1289 258 1474 306 quoque.
1541 242 1672 298 Quod
1692 259 1744 287 ne
1768 244 1834 287 cui
1861 243 2034 290 dubium
2056 241 2260 299 videatur,
2297 246 2341 289 in

255 336 419 384 secretis
440 340 525 394 ejus
548 345 641 392 repe

258 402 383 447 index
405 412 501 446 erat.

258 468 434 530 ingens,
470 461 661 524 variorujx

264 530 416 575 duntur
442 562 454 581 ‚
501 536 588 568 non
610 520 696 562 {ine

647 327 694 372 rti
719 323 810 366 sunt
833 318 916 362 duo
940 313 1103 383 libelli,
1137 305 1298 353 diverso
1320 307 1461 351 titulo:
1497 307 1610 352 alteri
1633 307 1916 361 GLADIUS
1941 342 1953 363 ‚
1986 309 2099 353 alteri
2134 308 2339 354 pUG10

565 390 712 439 Ambo
749 395 866 427 notas
897 383 940 423 &
962 389 1135 421 nomina
1155 371 1428 418 continebant
1453 372 1579 416 morti
1603 369 1914 414 destinatorum.

1984 374 2156 417 Inventa
2191 377 2233 418 &
2257 389 2345 417 arca

663 469 675 496 ι
696 458 954 495 venenorum
980 441 1124 502 plena:
1159 435 1314 499 quibus
1335 450 1430 480 mox
1445 453 1466 480 a
1484 433 1666 480 Claudio
1677 432 1869 478 demerfis
1891 468 1903 489 ,
1939 433 2094 481 infefilta
2119 437 2243 481 maria
2266 451 2347 481 tra-

722 507 893 573 piscium
913 505 1041 551 exitio
1065 537 1078 559 ,
1122 517 1227 563 quos
1247 499 1415 544 enectos
1437 497 1554 545 aestus
1577 499 1619 542 in
1643 497 1828 558 proxima
1851 496 1971 542 litora
1994 500 2122 555 ejecit.
2192 502 2348 545 Statura
2376 527 2429 573 50

260 595 342 640 fuit
366 585 566 636 eminenti
592 617 607 638 ,
640 573 794 642 pallido
820 573 960 618 colore
983 603 995 624 ,
1025 581 1198 629 corpore
1221 566 1381 610 enormi
1410 598 1422 619 ,
1456 562 1680 626 gracilitate
1703 561 1879 605 maxima
1901 561 2068 607 cervicis
2090 565 2133 605 &
2156 577 2318 607 crurum
2333 598 2349 619 ,

261 663 305 703 &
340 652 472 700 oculis
504 653 547 694 &
580 637 843 705 temporibus
875 633 1092 687 concavis,
1127 627 1266 674 fronte
1292 628 1304 672 l

258 720 402 774 nuHo,

1308 641 1366 672 ata
1389 631 1431 672 &
1455 641 1594 680 torva,
1631 625 1779 686 capillo
1805 640 1920 681 raro,
1954 641 1998 670 ac
2023 624 2129 670 circa
2153 627 2351 671 verticem

435 710 611 760 hirsutus
629 719 776 753 cetera.
840 705 982 762 Qare
1004 693 1237 743 transeunte
1260 709 1352 765 e0,·
1371 689 1601 753 prospicere
1625 705 1675 734 ex
1699 686 1907 750 superiore
1928 702 2064 750 parte,
2097 702 2164 733 aut
2177 690 2360 733 omnino

257 794 520 845 quacumque
554 775 605 820 de
638 767 764 819 caussa
793 781 954 834 capram
991 761 1210 807 nominare
1232 793 1246 814 ,
1299 753 1568 802 criminosum
1596 757 1639 799 &
1674 753 1836 798 exitiale
1871 751 2111 798 habebatur.
2175 752 2357 798 Vultum

258 864 359 892 VCIO
379 857 521 891 natura

541 835 756 884 borridum
776 847 821 877 ac
844 842 997 875 tetrum
1022 826 1145 871 etiam
1170 840 1220 868 ex
1247 819 1444 867 industria
1462 817 1679 872 efferabat,
1714 833 1975 878 componens
1996 815 2046 862 ad
2075 815 2283 878 speculum
2308 817 2353 861 in

259 926 434 956 omnem
467 919 669 952 terrorem
690 913 735 943 ac
761 892 1048 941 formidinem.
1116 886 1325 932 valetudo
1360 886 1399 929 ei
1434 900 1571 946 neque
1604 883 1734 928 animi
1768 897 1906 944 neque
1940 882 2124 944 corporis
2155 878 2375 926 constitit.=

260 980 370 1022 Puer
395 969 597 1018 comitiali
617 962 769 1012 morbo
791 971 982 1007 vexatus:
1017 957 1061 1000 in
1081 951 1355 999 adolescentia
1380 950 1433 995 ita
1456 949 1614 1011 patiens
1638 946 1827 991 laborum
1852 959 1958 1002 erat,
1992 959 2037 990 ut
2071 960 2211 990 tamen
2245 959 2359 989 non·
2395 940 2399 943 ’

262 1053 496 1100 numquam
517 1031 650 1079 subita
670 1024 909 1076 defeetione
932 1019 1119 1084 ingredi,
1152 1015 1276 1071 stare,
1311 1014 1507 1077 colligere
1531 1009 1658 1057 semet
1675 1026 1719 1055 ac
1743 1007 1907 1056 sufferre
1931 1011 1999 1055 vix
2022 1007 2163 1072 poffet.
2229 1009 2359 1054 Men·-

264 1105 317 1150 tis
342 1098 624 1149 valetudinem
645 1098 686 1139 &
713 1088 795 1152 ipse
819 1086 992 1133 senserat
1015 1101 1025 1128 ε

1060 1100 1106 1127 ac
1129 1079 1302 1125 subinde
1326 1077 1375 1122 de
1397 1075 1543 1122 seceffu
1566 1075 1700 1138 deque
1725 1074 1940 1137 purgando
1957 1073 2128 1120 cerebro
2144 1073 2360 1137 cogitavit.

264 1165 462 1213 Creditur
481 1163 718 1224 potionatus
740 1171 763 1198 a
789 1148 982 1196 Caesonia
1004 1161 1155 1200 uxore,
1189 1142 1390 1189 amatorio
1409 1139 1581 1203 quidem
1607 1138 1939 1194 medicamento,
1972 1137 2039 1184 sed
2062 1138 2176 1200 quod
2211 1138 2255 1183 in
2289 1136 2362 1182 fu-

266 1247 405 1279 rorem
438 1224 620 1275 verterit.

591 1362 961 1399 Tonnzxr.

318 1465 437 1506 Alteri
449 1462 585 1514 gladius
603 1488 616 1504 ‚
651 1457 752 1494 alteri
762 1452 896 1505 pugio.]
935 1451 1008 1488 Dio
1030 1451 1290 1497 Protogenem‚

265 1515 516 1556 atrociffimum
534 1512 610 1558 Caji
632 1508 800 1546 scelerum
818 1501 1080 1544 administrum,
1117 1498 1204 1534 duos
1231 1496 1292 1531 cir-

268 1567 441 1607 ‹umferre
462 1563 594 1601 libellos
614 1560 753 1597 solitum
770 1563 1035 1593 commemorat
1049 1580 1061 1595 ,
1089 1547 1221 1598 gladii,
1252 1549 1289 1582 δε

267 1619 430 1669 pugionis
446 1615 552 1653 titulis
571 1610 765 1661 insignitos.
813 1605 919 1643 Tales
946 1602 1051 1640 libelli
1067 1596 1290 1639 Sulciiillius,

266 1673 306 1709 &-
326 1668 443 1718 Capi-ii
464 1664 554 1717 apud
576 1666 701 1700 Horat.
717 1659 776 1695 lib.
795 1671 823 1694 1.
852 1660 920 1694 Sat.
933 1667 988 1691 iv.

324 1721 418 1769 Qos
437 1712 598 1763 mestos]
640 1711 720 1751 Lib.
751 1720 837 1747 unus
862 1707 1003 1745 eveezos.

269 1772 397 1809 Horat.
422 1766 528 1819 Epist.

384 1825 478 1867 Spem
496 1816 643 1855 mentita
653 1813 764 1863 figes,
791 1807 846 1846 bos
866 1804 907 1854 est
925 1805 1056 1843 enefim
1078 1800 1223 1841 arando.

273 1871 349 1909 Cic.
376 1869 512 1907 Tuscul.
531 1882 562 1905 1.
584 1866 637 1910 βτί
654 1865 787 1900 εηεὲἶηή
804 1857 984 1895 Tantalos.
1137 1883 1140 1885 ,

334 1934 387 1966 50.
417 1918 551 1955 Pallida
577 1914 718 1960 colore.]
749 1910 855 1949 Liber
875 1918 953 1958 opit.
979 1902 1142 1954 expallido
1157 1930 1168 1945 ‚
1194 1910 1298 1936 utex-

266 1973 396 2021 pallere
412 1968 574 2019 frequens
591 1964 682 2016 apud
702 1964 872 2000 auctores.
928 1958 981 1994 Sic
1005 1953 1184 1992 exalbidws
1204 1948 1296 2001 apud

274 2022 439 2061 Plinium.
463 2017 621 2056 Turneb.
647 2011 825 2052 Adversar.
840 2023 902 2046 xxi
916 2022 945 2044 ι.
967 2015 1133 2056 capuit.

333 2072 447 2108 Oculis
463 2068 516 2112 ξς
534 2065 733 2114 temporibm
751 2056 944 2105 concavos]
979 2058 1065 2094 Plin.
1096 2055 1246 2103 rigentes
1265 2052 1296 2088 ei

277 2122 401 2161 oculos
441 2120 556 2158 tribuit
585 2117 643 2154 lib.
669 2129 731 2152 xi.
771 2124 848 2161 cap.
865 2120 1015 2146 xxxvtr.
1079 2107 1208 2141 Seneca
1236 2102 1295 2138 sub

275 2173 393 2211 flonte
412 2172 577 2214 latentes,
613 2167 674 2208 lib.
730 2166 775 2201 In
792 2162 982 2212 sapientem
1005 2168 1079 2194 uon
1098 2154 1219 2191 cadere
1248 2154 1297 2188 in-

277 2225 420 2273 juriam.
672 2218 677 2223 '
1110 2208 1113 2212 ⁴

335 2278 486 2322 Capram
508 2265 722 2313 nominare]
753 2261 865 2301 Causa
882 2257 1059 2312 praecedit,
1086 2255 1182 2306 quod
1199 2252 1301 2291 hirsu-

277 2338 316 2365 to
333 2337 482 2374 corpore
504 2318 594 2359 effer.
625 2314 781 2364 Juvenal.
800 2318 866 2351 Sat.
879 2325 918 2351 v.

397 2373 506 2421 Discit
522 2373 566 2409 ab
583 2370 716 2419 hirsuta
728 2365 884 2416 jaculum
902 2373 1053 2410 torquere
1067 2358 1200 2406 capella.

280 2427 352 2464 Ubi
382 2425 443 2474 (ut
462 2424 528 2461 boc
548 2422 660 2460 obiter
678 2411 919 2460 admoneam)
958 2409 1127 2455 hirsutam
1144 2407 1301 2454 capellam

279 2477 434 2514 scrotum
451 2475 628 2525 caprinum
648 2473 853 2519 interpretor
871 2494 880 2509 ,
914 2475 984 2512 quo
1002 2460 1136 2497 intectis
1154 2457 1197 2493 ad
1215 2468 1304 2493 tem-

283 2540 368 2578 pora
380 2526 484 2577 galeis
503 2526 630 2562 tirones
648 2520 843 2559 utebantur.
902 2513 1021 2562 Vulgo
1050 2509 1303 2546 Centurionem

283 2579 444 2627 capiunt,
489 2589 525 2613 ut
551 2574 630 2611 alibi
653 2569 880 2607 Centuriones
908 2563 1044 2611 hircosas
1074 2564 1111 2597 &c
1136 2558 1299 2606 varicosos

282 2641 357 2665 tum
380 2628 448 2678 ipse
464 2656 475 2671 ,
503 2638 579 2663 tum
597 2620 730 2661 Persius
750 2618 943 2663 nomi-nant.
1001 2616 1058 2648 De
1079 2609 1156 2655 Caii
1185 2620 1302 2644 autem

281 2678 398 2715 forma
427 2678 600 2728 eleganter
617 2676 745 2711 Seneca
765 2667 809 2705 ad
828 2671 995 2704 Serenum
1020 2691 1032 2706 ,
1065 2658 1174 2710 Quod
1192 2660 1228 2695 in
1254 2658 1301 2694 sa-

284 2731 435 2779 pientem
459 2742 531 2765 non
550 2726 641 2764 cadit¹
661 2722 805 2769 iniuria,
831 2728 1049 2766 c.1p.xv111.

336 2778 497 2815 Exitiale.
518 2779 534 2823 j
575 2772 745 2814 Nonnulli
771 2766 878 2807 codd..
916 2767 1023 2803 etiam
1049 2761 1138 2812 typis
1166 2757 1300 2803 excusi,

283 2828 469 2866 exitiabile.

340 2886 454 2927 Neque
474 2877 610 2925 corporis
626 2887 728 2923 neque
750 2867 900 2918 anima]
929 2865 1024 2907 Libri
1044 2861 1229 2905 meliores,
1247 2873 1305 2896 ne-

285 2942 347 2985 que
363 2927 474 2965 animi
492 2939 593 2975 neque
611 2924 755 2972 corporis.

340 2979 459 3016 Subita
478 2979 599 3012 devex.
617 2971 785 3022 ingredi.]
818 2973 938 3019 Lego,
969 2968 1051 3005 utin
1072 2975 1153 3001 mss,
1166 2960 1306 3004 nostris,

276 3030 396 3081 subita
419 3027 598 3074 defetlione
614 3023 734 3072 gradi,
751 3023 840 3068 flare
858 3048 870 3063 ,
900 3021 1042 3068 colligere
1060 3044 1071 3059 ,
1108 3027 1149 3050 ac
1166 3011 1306 3061 sufferre

282 3083 395 3129 semor.
452 3080 519 3118 Pro
541 3074 676 3125 Jaffkrre
702 3084 823 3110 tamen
847 3071 917 3106 duo

290 3147 376 3173 cere..

1061 1703 1149 1739 Non
1167 1697 1291 1751 placet.

954 3069 1030 3106 libri
1056 3066 1186 3105 babent
1218 3062 1309 3114 [uffi-
1357 3060 1390 3096 se
1410 3058 1549 3098 serunt,⁴
1580 3053 1754 3103 expallido.

686 1213 940 1264 Incitabatur
962 1209 1170 1260 insomnia
1190 1207 1395 1256 maxime:
1429 1220 1567 1268 neque
1591 1204 1707 1249 enim
1731 1203 1822 1266 plus
1845 1219 1974 1267 quam
1996 1201 2128 1249 tribus
2150 1202 2366 1248 nocturnis

2250 1265 2365 1311 horis

1392 1343 1592 1378 Potionatm
1618 1353 1641 1376 a
1667 1338 1844 1389 Caesonia.]
1901 1338 2005 1378 Idem
2042 1338 2085 1376 de
2124 1351 2169 1375 eo
2205 1336 2365 1382 Juvenal.

1341 1394 1481 1449 sanvr.
1510 1391 1605 1442 quod
1623 1402 1703 1428 ante
1719 1390 1880 1430 diximus.
1938 1390 2110 1427 Potionari
2133 1402 2219 1427 vero
2243 1401 2264 1425 a
2280 1391 2364 1425 Sue-

1343 1454 1441 1479 tomo
1465 1453 1601 1480 tanturn
1636 1441 1832 1491 usurpatum
1867 1441 2030 1479 memini.
2055 1446 2058 1450 ’
2085 1440 2273 1475 Ροτὶοηεηι“
2293 1438 2366 1488 qui-

1343 1492 1427 1553 dem
1453 1506 1515 1550 pro
1544 1491 1671 1543 poculo
1697 1502 1872 1530 venenato
1899 1491 2005 1527 etiarn
2034 1490 2160 1526 Cicero
2188 1488 2271 1525 dixit
2300 1501 2365 1539 pro

1344 1541 1504 1580 Cluentio
1519 1572 1531 1587 ,
1567 1540 1704 1589 Sustulit
1717 1540 1892 1578 mulierem
1907 1541 2024 1589 prima
2038 1539 2169 1588 potione
2193 1538 2341 1577 medicus
2353 1565 2369 1583 ,

1344 1595 1467 1630 Horat.
1497 1607 1638 1644 quoque
1654 1590 1765 1643 Epod.
1786 1604 1823 1630 v.
1902 1594 1905 1598 ’

1459 1650 1539 1680 Non
1556 1643 1688 1693 ufitatis
1708 1648 1791 1678 Vare
1795 1640 1999 1690 potionibus,
2031 1642 2104 1677 &c.

1400 1694 1615 1731 Incitabatur
1635 1690 1831 1740 infhmnim]
1862 1691 1915 1727 Sic
1929 1689 2070 1739 quidem
2091 1700 2171 1726 mss·
2194 1690 2230 1725 ὅ(
2250 1688 2326 1726 libri
2344 1700 2366 1728 a

1346 1745 1501 1795 Gryphio
1528 1745 1635 1788 editi,
1665 1744 1863 1792 interpretes
1888 1753 1974 1778 vero
2001 1739 2167 1787 infhmnia
2191 1764 2206 1781 ‚
2252 1741 2300 1776 uri
2326 1744 2364 1777 ὅ(

1347 1797 1542 1851 frobenius.
1600 1794 1740 1832 Nonius
1770 1801 1957 1840 utrumque
1980 1790 2017 1826 in
2044 1789 2104 1825 usu
2132 1786 2225 1825 fuiffe
2252 1790 2368 1828 osten-

1345 1844 1405 1900 dit.
1432 1845 1608 1888 Caecih'us,
1634 1843 1854 1892 Consequitur
1873 1853 1973 1878 comes
1990 1838 2156 1886 insomnia
2176 1867 2193 1882 ,
2214 1851 2253 1874 ea
2263 1848 2361 1888 porro

1345 1894 1515 1943 insaniam
1533 1897 1660 1942 adfert.
1689 1897 1820 1929 Donat.
1849 1893 1888 1928 in>
1909 1888 1989 1926 illud
2008 1890 2160 1926 Terentii
2172 1890 2365 1936 Eunucho,

1346 1952 1425 2003 affut
1439 1960 1517 1982 mox
1534 1948 1633 1983 nofftu
1652 1956 1683 1982 te
1701 1944 1838 1993 adigent
1862 1940 1996 1989 horsum
2011 1938 2188 1991 insomnia.
2231 1945 2368 1989 Legitur

1349 1996 1505 2047 (inquit)
1526 1998 1654 2041 etiam,
1671 2006 1704 2033 te
1721 1994 1832 2043 adiget
1850 1990 2076 2039 h.infiamnia.
2096 1991 2208 2027 Graeci
2216 1990 2369 2029 ἀῦπνίων

1347 2059 1486 2084 vocant.

1655 2117 2052 2152 Casaunon.

1404 2190 1460 2220 50.
1484 2175 1616 2213 Pallida
1631 2174 1765 2222 colore.]
1801 2171 1915 2210 Scribe
1926 2181 1961 2206 ut
1973 2171 2009 2206 in
2024 2169 2115 2206 libris
2125 2170 2257 2216 Cujacii
2268 2174 2303 2207 ὃ(
2315 2171 2371 2208 Pi-

1348 2225 1432 2262 tboei
1444 2255 1456 2270 ,
1475 2226 1574 2262 colore
1591 2225 1766 2274 expallido.
1783 2236 1894 2275 neque
1905 2220 2003 2257 aliter
2022 2221 2117 2270 regia
2127 2212 2336 2272 exemplaria
2351 2249 2364 2265 ,

1349 2280 1387 2313 ὃ(
1405 2277 1579 2314 Memmii.

1405 2327 1524 2363 Subita
1541 2327 1718 2373 desefflone
1731 2322 1861 2372 ingredi
1882 2321 1898 2371 ]
1919 2322 2045 2358 Mirum
2061 2350 2074 2364 ‚
2090 2320 2180 2359 unde
2192 2320 2247 2357 illa
2257 2322 2370 2372 inepta

1351 2376 1473 2434 lestio,
1503 2391 1579 2428 qua:
1598 2376 1754 2426 vulgatas
1780 2372 1851 2410 fere
1869 2385 1996 2409 omnes
2017 2371 2182 2409 editiones
2204 2369 2364 2415 obfidet,

1355 2441 1389 2463 in
1407 2428 1529 2478 quibus
1547 2428 1741 2464 &vestine
1757 2424 1916 2474 scriptum
1939 2436 2000 2472 pro
2025 2423 2215 2468 defccffione.
2273 2424 2372 2459 Nam

1352 2482 1388 2515 ὅ(
1417 2479 1526 2528 prima
1555 2478 1658 2514 editio
1696 2480 1732 2514 ὅ(
1758 2474 1904 2511 insecuta
1937 2473 2047 2522 longo
2078 2472 2155 2521 post
2185 2472 2366 2512 intervallo

1338 2531 1447 2566 Rob.
1474 2529 1587 2578 Stepb.
1615 2532 1652 2564 &
1681 2538 1806 2564 ornnes
1834 2537 1915 2561 Mss.
1948 2522 1993 2560 fic
2021 2524 2113 2560 reste
2141 2522 2271 2573 legunt.
2328 2526 2372 2559 In

1353 2580 1472 2666 iisdjm
1495 2579 1688 2616 constanter
1700 2575 1803 2627 gradi
1823 2575 1878 2615 vel
1901 2574 1999 2623 gredi
2019 2586 2203 2624 corrupte,
2229 2586 2292 2624 pro
2318 2577 2378 2610 mu

1349 2644 1405 2678 gre
1431 2644 1457 2669 l.

1404 2721 1406 2723 -
1706 2694 1744 2730 V
1772 2702 1794 2728 A
1821 2701 1848 2726 R
1877 2701 1891 2726 1
1917 2701 1941 2725 o
1971 2700 2009 2725 rt.

1404 2768 1464 2800 49.
1492 2753 1610 2790 Alteri
1621 2754 1790 2802 gladius,
1803 2750 1904 2787 alteri
1915 2747 2049 2797 pagim]
2082 2745 2153 2794 Qi
2162 2745 2273 2796 priore
2282 2743 2375 2782 libro

1353 2803 1648 2849 continebantur,
1689 2801 1841 2841 carnifici
1858 2797 2136 2840 destinabantur;
2169 2796 2225 2845 qui
2255 2794 2371 2831 secun-

1352 2857 1420 2899 do,
1450 2855 1753 2892 calumniatoribus
1771 2882 1783 2899 ,
1822 2862 1879 2888 aut
1894 2848 2006 2898 magis
2025 2844 2150 2884 ficariis
2174 2844 2370 2894 objiciendi.

1353 2911 1575 2944 Gaurraus.

1417 2971 1470 3004 50.
1499 2956 1632 2992 Pallida
1651 2953 1759 2989 colore.
1772 2949 1794 2999 ]'
1836 2948 1958 2987 Codex
1979 2945 2121 2985 salmas.
2144 2950 2181 2984 &
2200 2945 2368 2985 Palatinus

1357 3006 1523 3050 secundus
1540 3004 1781 3054 adstipulamur
1797 3001 1934 3039 illorum
1954 2997 2168 3036 membranis
2179 3027 2191 3041 ‚
2216 3010 2290 3047 quae
2303 3007 2372 3046 prae

1792 3052 1843 3090 sic
1864 3050 2038 3087 exalbidus
2055 3048 2142 3100 apud
2162 3048 2247 3085 Plin.
2285 3049 2372 3083 Gru-

1849 3105 1891 3139 In
1904 3098 2116 3140 Salmafiano
2135 3095 2373 3182 praetereafiilie·

2339 3158 2373 3183 e.

1357 3122 1449 3146 terus
1469 3106 1618 3154 recepit,
1646 3102 1820 3152 exfallido.
