2504 3425
510 183 1066 256 Tin-surus
1138 176 1434 240 NERO
1511 176 1890 232 CAEsAR.

2105 195 2229 252 3471

589 283 693 328 .Non
716 295 756 323 es
773 295 894 342 eques.
919 273 1068 341 quare?
1103 292 1179 322 non
1188 274 1279 336 sitm
1299 272 1370 320 tibi
1393 275 1526 320 millia
1544 284 1720 318 centum:

660 343 819 390 Omnia
828 345 866 405 fi
890 359 1058 405 quaerus,
1092 348 1155 386 θ*
1178 338 1335 384 Rhodos
1358 340 1536 400 exsilium
1560 336 1625 398 est.

581 409 732 458 'Aurea
752 406 905 468 mutasti⁴
927 410 1086 451 Saturni
1099 405 1262 465 fhcula,
1297 404 1416 463 Caesar
1430 420 1444 448 .-

661 474 856 520 Incolumi
874 487 968 517 nam
988 484 1024 517 te
1035 505 1049 527 ,
1072 471 1207 531 ferrea
1221 468 1369 534 ftmper
1391 480 1512 513 erunt.

615 537 786 599 Fastidit
807 539 948 581 vinum
962 569 974 590 ,
1006 537 1076 598 qui
1090 535 1184 591 jum
1204 533 1280 589 fitit
1304 531 1368 592 zste
1388 547 1586 577 cruorem:

640 602 749 647 Tam
771 599 866 646 bibit
884 599 981 645 hunc
1004 597 1153 651 avide,
1184 611 1303 656 quam
1323 592 1420 639 bibit
1441 609 1529 640 ante
1550 612 1711 641 mmmm.

581 664 764 731 'Adspice
779 665 944 723 felicem
954 661 1057 725 fibi,
1091 675 1168 706 non
1195 656 1292 713 tihi,
1327 662 1513 713 Romule,
1546 662 1726 704 Sullam:

663 732 718 774 Et
739 729 954 782 Marium,
979 727 1017 787 fi
1038 728 1128 780 vis,
1160 721 1343 786 adspice,
1369 721 1440 782 sed
1464 722 1657 770 reducem.

597 793 696 837 Nec
720 808 795 836 non
815 792 992 835 Amans
999 789 1143 834 civilia
1169 783 1274 830 bella
1298 790 1520 843 moventis,

650 858 745 899 Ncc
767 854 885 915 [ἔφηεί
908 853 1072 914 infessus
1093 851 1217 914 aspice
1238 848 1339 892 caede
1364 865 1516 895 manus.

590 921 645 964 Et
664 918 732 963 dic
745 951 757 971 ,
787 922 912 963 Romu
925 919 1050 983 perit:
1084 909 1259 977 regnabit
1273 913 1463 974 sunguine
1484 916 1631 971 multo,

652 981 736 1028 Ad
759 997 916 1044 regnum
938 979 1103 1042 qmffiuis
1123 979 1233 1021 venit
1256 975 1306 1020 ab
1328 977 1476 1037 exfiliO.

119 1062 227 1118 Q¹ae
250 1056 388 1119 primo
406 1046 518 1113 quasi
544 1047 596 1094 ab
618 1045 933 1108 impatientibus
954 1040 1259 1096 remediorum,
1295 1055 1340 1084 ac
1363 1056 1450 1084 non
1469 1054 1552 1088 tam
1578 1059 1628 1088 cx
1661 1040 1792 1085 animi
1818 1035 2016 1085 sententia
2036 1072 2049 1093 ‚
2095 1053 2231 1100 quant

119 1117 203 1167 bile
226 1126 269 1166 &
293 1112 508 1165 stomacho
529 1111 786 1176 fingerentur
800 1143 815 1166 ‚
852 1106 1020 1155 volebat
1032 1106 1180 1168 accipi.

122 1257 293 1293 animum.
323 1266 395 1292 non
410 1250 457 1289 est
481 1248 711 1288 dubitandum
731 1245 807 1283 haec
824 1244 892 1296 ipfi1
918 1245 1072 1283 carmina
1095 1242 1144 1280 in-

122 1306 247 1357 telligi,
264 1320 339 1356 quae
362 1303 477 1342 noster
494 1314 569 1339 non
585 1299 633 1338 est
654 1295 762 1349 passus
779 1297 927 1334 interire.

450 1384 812 1419 ToRRENT.

177 1452 258 1488 Sitit
282 1450 337 1499 iste
369 1447 501 1497 cruor.]
554 1446 659 1484 Liber
690 1455 763 1495 opt.
793 1443 878 1479 bibit
898 1441 955 1488 iste
980 1454 1139 1478 cruorem.

150 1501 217 1538 uod
233 1514 308 1539 non
326 1499 475 1551 displicet
487 1526 499 1542 ,
538 1508 574 1534 ut
595 1496 756 1546 sanguine
775 1494 936 1536 saturatus
957 1492 1079 1530 vinum
1096 1492 1145 1527 fa..

128 1554 141 1587 1
159 1550 248 1588 idiat.

180 1606 252 1637 Nec
267 1613 333 1637 non
352 1596 524 1647 Antrum]

127 1650 339 1690 triumviratu
354 1650 518 1689 saevitiam
541 1660 621 1684 cum
638 1646 725 1683 Sulla
744 1648 781 1681 δε
804 1643 915 1681 Mario
939 1654 1143 1689 comparat,

124 1704 163 1737 δε
189 1714 270 1737 cum
307 1699 393 1736 hisce
421 1699 526 1736 tribus
561 1694 793 1734 crudeliffimis
811 1692 1008 1730 hominibus
1037 1693 1146 1729 Tibe-

126 1751 225 1786 riurn.
283 1751 446 1798 Qorum
474 1761 559 1785 mox
585 1745 747 1796 exemplo
777 1743 955 1782 crudeliter
985 1754 1147 1793 regnatu-

130 1813 207 1836 rum
226 1799 417 1842 concludit,
446 1799 639 1849 quicunque
658 1797 701 1833 ad
722 1808 868 1845 regnum
886 1794 931 1830 ab
949 1791 1069 1832 exsilio
1088 1806 1145 1832 ve-

125 1850 220 1886 nerit.
259 1861 342 1886 nam
364 1853 401 1886 δε
420 1849 604 1885 Sullamne
628 1846 718 1884 exsul
745 1846 853 1883 videri
880 1845 987 1896 potuit
1007 1873 1020 1888 ,
1063 1857 1144 1880 cum

126 1903 248 1937 Roma
275 1899 396 1936 absens
427 1898 472 1935 ad
497 1900 658 1935 exercitus
686 1894 870 1945 confugit:
913 1898 951 1932 ὅτ.
977 1895 1146 1932 Antonius

124 1963 261 2000 quoque
282 1963 326 1987 eo
343 1960 525 2000 tempore,
543 1961 614 1999 quo
632 1946 736 1985 hostis
755 1948 837 1997 reip.
857 1945 1047 1983 declaratus
1062 1944 1138 1983 fuit.

123 2002 182 2038 De
192 2001 293 2038 Marii
308 2013 415 2044 vero,
453 2003 491 2036 δε
509 1999 639 2037 Tiberii
656 1996 772 2035 exsilio
790 2009 843 2033 res
861 1995 1028 2034 omnibus
1047 2006 1142 2033 nota.

174 2050 236 2088 Ab
251 2049 504 2099 impatientibus
521 2055 625 2086 Roma
648 2047 837 2094 dominia]
889 2050 979 2084 Tres
1007 2046 1144 2083 codices

125 2113 198 2139 non
217 2100 343 2138 habent
360 2100 550 2138 dictionem
568 2104 690 2144 Romae3
718 2110 782 2148 pro
799 2096 943 2133 dominii
951 2109 1036 2135 vero
1048 2125 1061 2140 ‚
1089 2098 1146 2132 do-

126 2152 226 2189 mini.
252 2155 293 2188 Et
309 2151 387 2188 sane
408 2164 473 2188 nec
488 2150 594 2187 dictio
610 2155 714 2186 Roma
731 2143 915 2185 necessaria
932 2146 1000 2192 est,
1028 2150 1067 2185 &
1085 2149 1144 2184 do-

124 2202 212 2239 mini
229 2201 333 2252 longe
346 2201 526 2241 venustius.

181 2252 343 2297 Oderint,
363 2253 445 2289 dum
447 2249 626 2300 probent]
654 2250 756 2301 Atqui
773 2262 881 2287 nemo
894 2248 928 2285 id
944 2247 1039 2298 qnod
1058 2247 1143 2286 ode-

129 2301 190 2345 rit,
208 2302 340 2352 probat.
384 2306 521 2340 Verum
542 2303 601 2352 (ut
617 2301 746 2349 credo)
772 2301 931 2337 Tiberius
957 2301 1008 2336 his
1026 2299 1142 2338 verbis

129 2350 212 2388 odia
225 2352 539 2403 quomodocunque
560 2354 596 2389 in
613 2351 646 2389 se
661 2362 736 2389 orta
753 2349 852 2387 facile
871 2349 1142 2395 contemnebat,

129 2400 329 2440 dummodo
351 2401 442 2439 faita
466 2416 538 2450 ejus
564 2402 623 2442 vel
643 2403 738 2442 inviti
752 2401 901 2452 probare
921 2412 1138 2451 cogerentur.

127 2461 209 2488 tunc
226 2453 322 2489 enim
337 2452 404 2490 hoc
419 2452 571 2497 dicebat,
596 2466 678 2490 cum
691 2455 736 2490 ita
745 2452 926 2489 moderate
940 2450 974 2488 se
984 2462 1141 2501 gereret,

130 2513 167 2538 ut
185 2514 205 2538 a
225 2502 319 2539 nullo
336 2502 537 2554 reprehendi
558 2501 674 2553 posset.
699 2501 890 2541 Beroaldus
907 2512 944 2538 ut
961 2514 982 2538 a
998 2513 1145 2552 tyranno

131 2550 264 2591 dietum
283 2554 434 2605 accepit,
461 2564 515 2597 ut,
543 2554 706 2597 Oderint,
729 2555 815 2591 dum
832 2561 1000 2590 metuant.

583 1596 773 1634 Antonium
816 1593 864 1630 ob
903 1590 1073 1641 insignem
1109 1593 1144 1629 in

436 2636 840 2672 Casiunon.

189 2705 332 2755 Adspice
332 2703 468 2751 felicem
472 2703 537 2752 fibi
546 2734 557 2748 ,
574 2716 640 2740 non
653 2703 728 2741 tihi.
745 2705 760 2751 ]
789 2705 873 2741 Tria
893 2703 964 2741 haec
973 2703 1148 2755 postrema

136 2751 275 2792 disticha
295 2756 458 2805 conjungi
475 2755 624 2797 debent,
652 2766 773 2790 caetera
793 2754 936 2804 separari
956 2769 966 2791 ι
996 2754 1147 2793 seorsum

132 2805 227 2842 enim
249 2805 410 2857 quodque
427 2819 550 2843 eorum
566 2804 662 2841 suam
677 2804 878 2841 sententiam
897 2804 1049 2843 absolvit.

186 2862 256 2892 Nec
276 2870 340 2893 non
355 2854 528 2903 Antonl.]
559 2854 707 2905 Respicit
725 2855 925 2898 decretum,
952 2868 1022 2904 quo
1034 2855 1146 2893 decla-

137 2919 227 2946 ratus
243 2906 345 2943 hostis
364 2908 476 2956 patriae
493 2907 683 2942 Antonius:
702 2905 735 2942 id
760 2907 853 2941 enim
872 2907 961 2942 mire
981 2905 1146 2945 saevitiam

138 2961 232 3005 eim,
275 2957 412 3006 quando
429 2957 465 2993 in
486 2956 609 2993 urbem
627 2955 780 2995 reversus
796 2955 865 2999 est,
894 2956 1045 2993 intendit.

192 3007 352 3055 Regnubit
366 3006 525 3055 sunguine
541 3006 645 3043 multo
658 3035 670 3050 ,
694 3007 742 3042 ad
757 3019 894 3055 regnum
914 3006 1061 3056 quisquis
1088 3020 1147 3042 ve-

139 3060 191 3094 nit
217 3058 259 3093 ab
275 3054 419 3105 exsilia]
475 3059 612 3094 Verum
638 3060 676 3093 ὃ(
705 3056 850 3107 prudens
867 3058 1019 3101 distum,
1055 3057 1147 3106 quod

140 3106 328 3146 multorum
345 3107 544 3156 Principum
562 3109 768 3158 experientia
786 3106 981 3146 confirmat.
1008 3107 1149 3146 Uberri-
1197 3106 1483 3155 τεθησαυρισμὲεη
1500 3105 1595 3155 ὀργή.

1247 1102 1515 1168 Dicebatque
1528 1104 1754 1153 identidem
1768 1139 1781 1161 ,
1807 1104 1979 1149 Oderint
1990 1138 2003 1160 ‚
2022 1103 2117 1147 dum
2125 1117 2224 1210 ἔνθα

2152 1177 2228 1209 ent.

1199 1249 1299 1275 marn
1319 1241 1562 1290 exemplorum
1581 1241 1712 1291 sylvam
1731 1240 1920 1292 suppeditat
1939 1240 2076 1278 historia
2101 1241 2224 1287 Impe-

1199 1300 1355 1326 ratorum
1373 1292 1836 1342 Constantinopolitanorum
1855 1321 1868 1335 ‚
1903 1294 1961 1342 qui
1979 1293 2128 1329 invicem
2155 1300 2225 1324 tru⁶

1200 1337 1280 1374 dere
1302 1339 1334 1376 se
1354 1344 1390 1378 δε
1412 1341 1498 1379 solio
1519 1343 1665 1388 dejicere
1675 1342 1782 1379 soliti:
1810 1341 1835 1378 fi
1851 1343 2012 1393 quando,
2030 1338 2124 1391 quod
2136 1339 2224 1387 saepe

1200 1389 1320 1446 accidit
1340 1419 1351 1434 ,
1376 1392 1647 1437 restituerentur,
1677 1393 1810 1430 nullum
1828 1393 1962 1430 saevitiae
1981 1422 1994 1437 ‚
2031 1390 2169 1428 feritatis
2184 1392 2223 1425 ὃς.

1199 1442 1424 1479 immanitatis
1455 1457 1564 1493 genus
1597 1457 1671 1480 non
1694 1443 1914 1480 exercebant.
1954 1442 2012 1480 vel
2039 1441 2119 1481 vide
2146 1453 2223 1489 quae

1198 1488 1247 1525 de
1260 1503 1330 1547 uno
1350 1492 1549 1530 Andronico
1576 1497 1768 1531 Comneno
1780 1505 1917 1530 narrant
1935 1493 2083 1530 historici
2099 1518 2111 1533 ,
2140 1503 2225 1540 praeo

1199 1538 1315 1577 sertim
1337 1543 1498 1588 Nicetas,
1535 1556 1592 1580 aut
1618 1558 1694 1595 quae
1718 1544 1762 1580 de
1777 1543 1967 1588 justiniano
1990 1543 2224 1580 Rhinotmeto

1195 1589 1342 1648 scribunt
1357 1593 1421 1630 alii.
1470 1594 1610 1633 Cauniis
1623 1608 1774 1646 quaerere
1789 1595 1882 1633 libet.
1932 1595 2068 1643 Quibus
2083 1594 2117 1630 in
2133 1588 2222 1627 exii«

1198 1639 1282 1677 lium
1303 1642 1382 1699 pelli
1405 1646 1600 1692 proceribus
1634 1647 1803 1695 contigit,
1845 1659 1908 1682 eos
1934 1645 2084 1681 factione
2110 1641 2223 1692 pulsos

1198 1693 1332 1730 necesse
1360 1693 1438 1737 est,
1482 1695 1699 1747 proindeque
1727 1696 1856 1732 multos
1882 1695 2010 1732 habere
2036 1695 2223 1733 inimicos,

1198 1743 1293 1792 quod
1314 1744 1349 1779 in
1370 1744 1459 1782 Sulla
1476 1774 1487 1788 ,
1526 1747 1638 1784 Mario
1664 1751 1701 1783 δε
1727 1746 1881 1783 Antonio
1898 1758 2022 1784 verum
2048 1744 2094 1780 est
2116 1758 2126 1779 z
2164 1742 2221 1779 vel

1198 1805 1333 1844 magno
1348 1806 1462 1832 rerum
1473 1796 1687 1845 praesentium
1696 1795 1832 1833 fastidio
1849 1806 1952 1846 atque
1970 1796 2056 1832 odio
2072 1789 2219 1835 cessisse,

1198 1844 1293 1893 quod
1315 1845 1350 1881 in
1371 1846 1515 1883 Tiberio
1533 1848 1664 1884 accidit.
1692 1847 1816 1883 deinde
1833 1858 1965 1883 certum
1981 1845 2029 1881 est
2047 1842 2110 1883 uis
2137 1844 2222 1877 ἐτυ-

1197 1894 1331 1939 χὲντοες
1363 1896 1482 1947 (quod
1511 1898 1660 1934 AElianus
1678 1897 1852 1948 eleganter
1867 1897 1938 1943 ait)
1963 1893 2215 1943 ἐξωγριέο-θοιι,

1200 1955 1302 1995 atque
1319 1946 1465 1985 efferari.
1496 1948 1662 1985 Laberius
1680 1947 1767 1985 olim
1785 1959 1865 1986 vere
1879 1960 1890 1982 ι

1308 2002 1412 2033 illem
1433 1999 1624 2046 incorrupta
1641 1997 1778 2046 miseria
1795 1996 2042 2044 corrumpitur.-

1309 2053 1434 2082 Mutat
1440 2047 1480 2096 se
1500 2047 1629 2084 bonitus
1645 2048 1789 2083 irritata
1806 2047 1946 2095 iniuria.

1196 2097 1275 2132 Nec
1293 2109 1415 2146 parum
1440 2097 1626 2147 prudenter
1645 2097 1744 2135 Otho
1761 2096 1852 2148 apud
1872 2099 2034 2134 Tacitum
2057 2109 2071 2134 ι
2085 2093 2215 2133 Histor.

1194 2147 1281 2183 inter
1302 2159 1415 2185 metus
1442 2147 1491 2185 sui
1517 2147 1643 2187 caussas
1671 2149 1795 2200 ponit,
1834 2148 1998 2198 Principis
2032 2147 2215 2197 ingenium

1192 2195 1284 2246 longo
1300 2197 1410 2246 exstllo
1428 2198 1622 2247 effiratum:
1642 2203 1680 2237 δε
1692 2200 1728 2236 in
1749 2213 1778 2236 1.
1797 2198 1920 2235 Annal.
1939 2199 2105 2250 sapienter
2122 2196 2214 2233 adae-

1191 2260 1258 2297 que
1292 2248 1496 2285 reformidat
1524 2249 1670 2301 populus
1697 2253 1806 2287 Rom.
1848 2259 1977 2285 trucem
2003 2247 2216 2296 Agrippam,

1192 2296 1245 2341 Εἴ
1258 2298 1446 2346 ignominia
1463 2301 1647 2349 accensum.
1676 2299 1792 2336 Simile
1808 2298 1890 2348 quid
1904 2298 1948 2335 de
1967 2298 2100 2335 Caesare
2109 2295 2212 2334 Gallo

1193 2349 1300 2386 etiarn
1333 2350 1548 2388 Marcellinus
1579 2352 1675 2388 initio
1700 2362 1780 2388 xiv.
1828 2348 1896 2386 Sed
1928 2349 2068 2386 interior
2097 2344 2210 2384 causti

1194 2398 1261 2443 est,
1284 2400 1379 2451 quod
1396 2402 1453 2452 qui
1470 2402 1639 2452 patiuntur
1662 2400 1719 2439 vel
1736 2397 1889 2436 exsilium
1909 2399 1965 2437 vel
1990 2399 2094 2436 aliam
2121 2396 2212 2434 cala-

1193 2451 1374 2495 mitatem,
1398 2452 1420 2487 ii
1441 2452 1527 2489 dum
1555 2450 1686 2488 assidue
1704 2451 1857 2500 cogitant
1876 2449 1920 2486 de
1931 2448 2211 2487 vindi6tainimi-

1193 2514 1316 2538 corum
1335 2501 1496 2546 suorum,
1522 2501 1698 2551 paullatim
1718 2500 1875 2538 habitum
1892 2498 2036 2537 induunt
2054 2499 2208 2537 hominis

1193 2551 1352 2595 crudelis,
1381 2551 1481 2596 saevi,
1509 2551 1600 2589 feri:
1638 2565 1744 2601 quem
1766 2552 1874 2587 animi
1900 2549 2058 2588 habitum
2087 2548 2205 2600 postea

1191 2615 1306 2639 rerum
1323 2603 1419 2651 potiti
1434 2605 1470 2639 in
1480 2615 1540 2639 eos
1559 2603 1696 2653 primo,
1723 2601 1844 2651 quibus
1855 2600 1929 2638 sunt
1940 2599 2065 2637 offensi
2076 2628 2088 2643 ,
2113 2598 2207 2635 exse-

1191 2664 1289 2696 runt,
1319 2652 1444 2689 deinde
1464 2654 1500 2689 in
1516 2653 1624 2690 alios:
1651 2652 1707 2692 vel
1726 2653 1805 2702 quia
1822 2649 1900 2701 ipfis
1914 2650 2021 2687 semel
2038 2652 2209 2688 ἀποτεθη-

1192 2703 1357 2751 prauam
1378 2701 1499 2741 saevitia
1520 2704 1628 2754 placet
1645 2730 1657 2746 ,
1690 2706 1728 2739 ὃ(
1747 2702 1895 2752 pretium
1916 2700 1963 2736 est
1986 2715 1996 2737 ι
2044 2699 2099 2737 vel
2125 2700 2205 2748 quia

1191 2753 1277 2790 dum
1304 2753 1436 2803 aliquos
1461 2754 1622 2790 occidunt
1641 2781 1652 2795 ,
1696 2765 1807 2790 novos
1831 2750 1973 2788 subinde
2000 2749 2064 2787 fibi
2092 2749 2206 2785 hostes

1192 2816 1320 2842 creant.
1378 2808 1432 2841 Ita
1454 2804 1606 2853 quotidie
1636 2803 1730 2852 seges
1754 2801 1868 2838 olescit
1893 2800 2091 2837 exercenda:
2120 2798 2206 2836 illius

1193 2853 1309 2891 ferinae
1327 2866 1465 2891 naturae.
1495 2854 1594 2890 Adde
1610 2853 1704 2903 quod
1720 2866 1845 2889 omnes
1861 2853 1896 2888 in
1915 2850 2063 2887 adver-fis
2087 2850 2201 2899 iniqua

1192 2907 1410 2954 experiuntur
1436 2906 1620 2941 hominum
1636 2903 1756 2949 judicia
1775 2932 1785 2946 ‚
1829 2901 1922 2953 quali
1942 2900 2125 2951 dignissimi
2144 2900 2204 2936 {ha

1194 2968 1299 3005 poena
1324 2955 1409 2998 (int,
1436 2966 1471 2991 ut
1490 2953 1659 2992 veriflime
1680 2954 1833 2999 Velleius
1851 2954 1916 2988 ait:
1944 2952 2022 2989 inde
2038 2951 2147 2987 vilitas
2163 2954 2202 2986 δε

1194 3017 1390 3042 contemtus
1406 3004 1681 3042 calamitoibrtun
1701 3005 1789 3053 apud
1812 3016 1938 3040 omnes
1959 3031 1970 3046 ‚
2008 3002 2087 3039 inde
2118 3000 2205 3036 cala-

1194 3055 1400 3093 mitosorum
1418 3055 1599 3093 adversum
1618 3067 1744 3092 omnes
1764 3054 1884 3093 odium
1915 3056 1952 3090 δε
1973 3051 2067 3093 κότος
2083 3063 2122 3088 ac
2146 3050 2204 3086 din

1634 3159 1746 3195 sz
2057 3153 2216 3189 Ten*
