2504 3425
263 206 325 242 12

258 281 349 319 ribus
369 279 460 316 ludos
478 305 488 320 ,
516 275 560 312 'ab
581 272 642 323 ipso
666 272 856 308 libertatem
875 261 1066 311 exspetrari.

259 333 312 369 nis
330 331 387 368 lib.
409 341 489 366 ων.
520 327 577 362 ubi
596 320 760 371 Augustus
779 345 790 360 ‚
815 327 850 350 ut
871 326 945 350 rem
964 310 1169 350 solennem,
1198 320 1272 356 per-

260 376 577 420 mittitPraetoribus
595 372 690 408 ludos
707 368 802 403 initio
829 368 865 400 δ(
884 363 973 398 exitu
994 372 1146 410 praeturae
1168 372 1177 394 :
1216 370 1273 392 ex-

261 430 473 469 traordinarii
492 436 607 461 autem
624 450 634 463 ‚
662 418 685 454 si
705 419 778 466 quis
793 415 887 450 daret
905 414 937 448 in
959 423 1102 462 praetura
1122 438 1133 452 ,
1163 420 1273 456 neque

262 483 310 519 ob
329 488 527 532 praeturam,
566 470 623 508 sed
639 469 772 505 alterius
789 462 961 506 reicausa,
993 474 1030 498 ut
1047 473 1137 498 nunc
1148 460 1275 508 Vespa-

265 533 388 567 iianus.

316 586 484 625 Poenaeque
503 567 791 622 conjuratorum]
823 569 878 603 De
904 576 972 614 qua
998 572 1117 599 contra
1146 561 1275 607 Caium

263 629 501 672 coniuratione
527 625 599 660 Dio
623 622 678 657 lib.
693 632 773 656 Lux.
810 620 854 653 C.
875 617 1015 652 Tacitus
1032 611 1197 663 principio
1217 610 1275 647 lib.

264 694 342 719 xiv.
370 676 509 725 joseph.
530 675 699 723 Orig.c1.
720 670 866 706 lib.x1x.
897 667 1028 715 Tangit
1044 675 1182 713 quoque
1200 664 1281 697 Sue-

265 743 339 768 ton.
358 729 433 772 Caii
456 738 530 776 cap.
542 736 646 760 xxiv.
685 724 726 757 L.
739 723 869 756 Seneca
889 717 983 768 epist.
1002 728 1053 753 iv.
1075 712 1181 750 Rutil.
1206 714 1282 747 Nu-

265 791 373 818 mant.
399 775 567 815 itinerarii
581 773 640 810 lib.
661 787 691 810 1.

320 836 361 865 Ut
380 826 535 875 insepulti
546 820 824 874 projicerentur.]
873 821 961 856 Haec
985 814 1161 867 peculiaris
1183 824 1288 865 poena

266 878 489 932 perduellioni
511 874 584 914 five
603 873 739 911 crimini
757 869 961 915 maiestatis,
988 878 1022 904 ut
1046 863 1167 915 patetl.
1184 879 1211 901 1.
1242 867 1286 901 D.

267 931 311 967 tie
331 929 498 966 Cadaver.
531 925 638 977 punit.
671 921 718 960 fic
736 924 847 960 Titius
866 915 1205 962 Sabinusmaiestatis
1215 927 1292 951 reus

268 983 448 1031 projeetus
467 980 502 1015 in
516 976 642 1025 gradus
669 974 844 1009 Gemonios
865 970 958 1021 apud
975 972 1018 1006 C.
1040 967 1203 1004 Tacitum
1222 966 1293 1001 An-

270 1030 337 1069 nali
360 1044 417 1067 vi.
447 1032 487 1065 C.
499 1028 648 1064 Plinium
667 1037 695 1061 c.
712 1036 767 1062 Χῖ.
786 1023 843 1059 lib.
858 1036 897 1058 vi
913 1036 922 1056 1
938 1035 965 1057 1.
1008 1017 1168 1055 Similiter
1188 1016 1293 1051 etiam

270 1086 415 1126 Seianus
434 1079 570 1129 eiusque
589 1074 777 1125 complices
792 1102 804 1116 ,
844 1071 931 1121 apud
951 1069 1063 1105 Tacit.
1090 1066 1213 1104 Annali
1231 1080 1290 1103 v1.

273 1137 310 1170 ἃ
334 1131 551 1180 Pomponius
580 1127 703 1164 Labeo
726 1124 783 1160 lib.
802 1122 880 1158 eod.
921 1119 1116 1168 Vestigium
1153 1129 1293 1165 quoque

273 1185 364 1222 libro
383 1182 533 1223 eodem,
562 1177 621 1214 ubi
640 1177 682 1212 de
704 1173 869 1223 supplicio
889 1168 999 1206 Asinii
1021 1167 1107 1203 Galli
1127 1195 1139 1209 ,
1168 1170 1205 1202 ὅ(
1236 1165 1295 1201 ubi

275 1236 320 1272 de
347 1243 459 1269 morte
483 1229 682 1280 Agrippinae
700 1225 790 1261 libro
805 1222 935 1259 eodeni
951 1248 963 1263 ,
991 1222 1028 1255 ὃς
1056 1216 1147 1268 apud
1157 1218 1199 1253 C.
1215 1219 1297 1252 Sue-

277 1298 350 1323 ton.
377 1286 512 1319 Neron.
540 1291 622 1316 c.Lr
635 1291 687 1313 11.

332 1329 646 1382 Quemadmodum
664 1327 934 1376 projicerentur,
969 1333 1082 1363 unco,
1109 1318 1252 1360 scilicet,
1276 1328 1296 1352 a

274 1383 439 1423 -tm-nifice
460 1380 624 1433 protraffiti
642 1380 676 1415 in
695 1377 886 1414 Gemonias
904 1403 914 1418 ,
946 1384 1037 1423 patet
1064 1374 1106 1409 C.
1129 1370 1240 1407 Taciti
1258 1372 1296 1405 &

278 1436 432 1474 Suetonii
451 1435 533 1471 locis
557 1429 671 1467 anted.
702 1432 739 1464 ὃ(
762 1427 914 1464 Suetonii
944 1423 1089 1460 Tiberio
1110 1434 1139 1457 c.
1161 1433 1240 1457 in.
1259 1423 1296 1455 ὃς

279 1499 384 1525 lxxv.
403 1489 440 1522 ὅ(
460 1488 502 1522 C.
516 1482 626 1520 Taciti
660 1479 840 1517 Historiar.
866 1476 924 1512 lib.
950 1489 1028 1512 111.
1068 1474 1100 1508 A
1117 1471 1299 1508 Gemoniis

282 1537 405 1574 deinde
425 1535 520 1572 trasti
540 1544 676 1584 quoque
695 1529 770 1581 post
791 1530 826 1564 in
842 1526 1002 1564 Tiberim
1027 1553 1038 1568 ‚
1081 1534 1117 1559 ut
1143 1521 1233 1572 apud
1253 1524 1295 1558 C.

281 1590 367 1627 Plin.
392 1599 485 1623 c.x1..
511 1585 570 1621 lib.
593 1597 633 1621 vi
648 1597 657 1618 1
672 1596 699 1618 1.
737 1580 795 1617 ubi
814 1578 957 1615 Sabinus
975 1572 1177 1624 Vespasiani
1199 1571 1302 1608 frater

282 1638 491 1683 natumaior
507 1634 553 1672 sic
569 1633 708 1671 trahitur
723 1661 734 1676 ‚
772 1630 831 1680 qui
854 1629 978 1665 traCms
1003 1637 1141 1675 quoque
1160 1634 1240 1660 ante
1267 1623 1302 1658 in

280 1689 505 1731 Gemonias,
520 1685 610 1737 apud
627 1684 788 1721 Tacitum
816 1694 892 1717 111.
923 1676 1053 1714 Histor.
1078 1675 1124 1711 fic
1142 1677 1176 1712 in
1196 1674 1304 1710 Tibe-

285 1744 356 1780 rim
371 1740 470 1777 traeti
497 1748 634 1786 quoque
663 1732 849 1782 complices
880 1729 993 1775 Seiani
1019 1725 1109 1777 apud
1136 1726 1302 1763 Tacitum

287 1790 414 1830 Annali
428 1803 486 1827 vr.
506 1786 657 1825 Suetonii
672 1784 818 1820 Tiberio
835 1795 864 1818 c.
882 1792 986 1817 Lxxv.
1015 1776 1061 1814 sic
1079 1774 1167 1814 infra
1177 1775 1307 1825 Vespa-

289 1842 374 1879 fiani
394 1853 513 1877 cxix.
538 1841 575 1874 in
595 1836 741 1872 Tiberim
756 1832 923 1882 projicere.

345 1889 484 1941 Egit&
499 1889 632 1936 gratias
647 1887 676 1922 ei
701 1885 792 1931 apud
812 1880 951 1930 amplzff.
975 1875 1167 1925 ordinem]
1211 1877 1310 1915 Ritus

290 1943 440 1980 solennis
454 1950 595 1989 accepto
619 1949 640 1972 a
666 1935 821 1984 Principe
839 1931 1013 1969 beneficio
1032 1960 1044 1974 ,
1075 1941 1110 1966 ut
1134 1927 1309 1977 magistra-

292 2005 351 2036 tu,
380 1992 505 2043 gratias
530 1989 561 2024 ei
579 1985 703 2037 agendi
732 1986 767 2020 in
792 1984 920 2020 senatu.
977 1983 1030 2018 Sic
1064 1979 1168 2017 AElius
1200 1981 1312 2015 Verus

291 2036 477 2082 Hadriano
493 2038 584 2090 apud
602 2043 710 2088 Spart.
737 2032 781 2070 fic
801 2036 844 2069 C.
869 2033 950 2069 Plin.
978 2028 999 2068 a
1017 2033 1174 2076 Traiano
1195 2028 1314 2065 consu-

290 2094 405 2131 ]atum
425 2093 564 2141 adeptus
575 2089 605 2125 ei
620 2087 744 2137 gratias
762 2085 832 2133 agit
847 2084 1003 2119 oratione
1021 2081 1076 2117 illa
1088 2108 1101 2124 ,
1129 2092 1236 2130 quam
1247 2079 1315 2128 ple-

295 2144 418 2181 becula
431 2141 669 2192 panegyricum
689 2145 791 2175 vocat
808 2163 819 2178 ,
861 2146 942 2170 cum
961 2131 1002 2168 fit
1027 2128 1216 2168 Gratulatio
1245 2129 1316 2167 sive

296 2196 494 2232 Gratiarum
538 2191 628 2226 aetio
661 2217 672 2232 ,
716 2186 774 2223 sed
820 2195 959 2235 propter
1018 2182 1134 2218 laudes
1179 2181 1321 2225 Traiani

296 2246 448 2295 speciem
476 2242 626 2292 aliquam
658 2237 790 2275 habens
815 2234 1019 2286 panegyrici.
1074 2233 1254 2279 Recteque
1287 2232 1321 2267 in

297 2309 427 2346 genere
465 2292 592 2330 eodem
630 2288 768 2326 Ausonii
798 2285 843 2322 ad
884 2286 1082 2332 Principem
1129 2283 1240 2318 oratio
1271 2281 1322 2317 in-

301 2347 422 2397 scripta
439 2374 450 2389 ‚
477 2357 548 2381 non
563 2340 777 2390 panegyricus
796 2366 807 2381 ,
830 2335 888 2373 sed
906 2336 1109 2371 Gratiarum
1126 2332 1231 2368 aelio..
1280 2335 1321 2368 Et

303 2397 413 2447 ipsum
432 2395 580 2432 Plinium
599 2391 801 2428 Gratiarum
821 2387 960 2423 actionis
977 2415 988 2430 ,
1023 2397 1095 2420 non
1120 2394 1238 2420 autem
1256 2387 1323 2417 Pa-

304 2448 446 2498 negyrici
464 2445 607 2483 nomine
624 2441 749 2478 librum
766 2438 860 2475 illum
879 2435 1057 2486 indigetari
1073 2431 1211 2471 voluiffe
1222 2462 1233 2476 ,
1252 2433 1320 2482 ipse

306 2498 396 2534 testis
417 2493 705 2547 locupletissimus.
762 2492 861 2526 Nam
878 2490 915 2524 ὅ(
934 2484 1038 2536 ipsius
1055 2485 1220 2522 orationis
1237 2484 1324 2534 prin-

309 2550 421 2597 cipio,
450 2554 684 2594 lentumque,
712 2541 842 2590 inquit,
867 2550 890 2573 a
898 2538 1000 2585 specte
1017 2535 1225 2571 adulationis
1236 2531 1321 2582 absit

306 2604 500 2646 gratiarum
519 2596 606 2632 acrio
630 2606 731 2636 mea,
756 2596 825 2627 &c.
883 2593 925 2625 Et
944 2600 1057 2629 mox,
1081 2585 1256 2632 Principi,
1277 2586 1326 2620 in-

314 2651 409 2698 quit,
442 2648 593 2696 gratiam
623 2647 779 2685 acturus,
805 2645 873 2677 δίς.
918 2637 1020 2686 Epist.
1042 2650 1146 2673 xiii.
1174 2635 1230 2672 lib.
1249 2649 1327 2672 111.

317 2712 395 2735 cum
419 2700 463 2734 ait
481 2727 492 2742 ,
520 2697 659 2732 Librum
678 2723 690 2737 ,
717 2705 780 2742 quo
807 2699 907 2738 nuper
928 2691 1047 2737 optimo
1076 2685 1225 2734 Principi
1245 2698 1327 2734 gra-

319 2749 382 2783 tias
400 2750 471 2796 egi,
497 2745 569 2794 misi
598 2745 740 2792 exigenti
763 2742 826 2777 tibi
842 2770 853 2784 ,
888 2743 960 2775 ἃς.
1018 2741 1059 2774 Et
1086 2736 1239 2783 ejusdem
1267 2735 1328 2772 lib.

321 2798 413 2844 epist.
432 2811 493 2834 xvi
508 2811 517 2832 1
534 2812 562 2833 1.
578 2809 657 2831 curn
680 2795 724 2829 ita
744 2792 878 2828 scribit:
903 2788 1057 2835 Officium
1074 2787 1260 2834 consulatus
1280 2787 1331 2822 in-

317 2847 435 2894 junxit
453 2846 559 2886 mihi,
588 2857 625 2880 ut
653 2845 730 2891 reip.
774 2844 907 2878 nomine
926 2837 1077 2885 Principi
1098 2836 1231 2886 gratias
1259 2849 1331 2884 age-

324 2908 395 2930 rent
415 2925 427 2937 ,
463 2899 530 2930 ἃς,
586 2897 668 2941 Quo
686 2894 765 2929 loco
783 2894 885 2928 etiam
906 2900 996 2939 patet
1018 2889 1103 2924 ratio
1119 2916 1131 2930 ,
1176 2900 1233 2923 cur
1260 2900 1333 2922 non

327 2945 545 2992 Panegyricus
561 2944 612 2979 ille
635 2943 673 2979 iit
689 2972 700 2985 ,
743 2942 799 2978 sed
826 2941 1029 2977 Gratiarum
1057 2939 1142 2973 attio
1163 2952 1173 2972 :
1209 2939 1334 2987 quippe

329 2996 408 3044 quia
424 2995 531 3029 dietus
545 2995 606 3027 ritu
625 2993 766 3028 solemni
784 3020 795 3034 ‚
827 3004 898 3040 quo
919 2989 1063 3036 Principi
1083 2989 1207 3038 gratias
1224 2981 1335 3036 'agere

331 3044 415 3081 ioliii
433 3044 466 3079 in
486 3042 620 3083 senatu,
648 3043 703 3089 qui
722 3038 891 3077 beneficio
909 3041 980 3083 ejus
996 3038 1209 3074 consulatum
1223 3038 1335 3087 adepti

332 3093 453 3134 offeni„
503 3090 604 3129 Unde
623 3091 700 3128 iliud
718 3091 812 3126 Plinii
840 3088 931 3137 epist.
963 3087 1017 3124 illa
1033 3100 1161 3125 xviii.
1189 3100 1231 3124 ex
1249 3100 1337 3125 more

692 181 793 233 IN
870 158 1427 228 estser'oN.

1123 261 1166 295 Et
1183 257 1273 293 Dio·
1310 254 1457 315 fecissem
1479 282 1507 310 ³.
1531 255 1600 289 &e
1658 255 1702 289 In
1732 254 1851 305 repub.
1890 266 2007 294 vetere
2031 253 2151 293 confiil
2178 255 2350 308 principio

1319 319 1390 342 initi
1412 304 1629 353 magistratus
1649 303 1781 353 populo
1800 317 1901 353 agere
1917 306 2032 343 solitus
2048 308 2172 357 gratias
2190 320 2253 356 pro
2263 301 2348 344 con'-

1506 161 1927 218 szspts.

1322 358 1421 393 cione
1434 383 1444 397 ,
1473 366 1509 390 ut
1526 364 1619 403 patet
1639 353 1766 389 AEmilii
1785 356 1880 391 Pauli
1899 356 2060 406 exemplo
2079 357 2167 408 apud
2178 357 2348 395 Plutarch.

1325 410 1360 465 in
1380 407 1463 464 Yita
1487 406 1572 462 eius.
1632 405 1729 439 Patet
1755 417 1892 453 quoque
1923 408 2013 455 apud
2029 408 2240 445 Ciceronem
2263 409 2356 458 prin-

1326 471 1419 503 cipio
1440 457 1590 506 Agrariae
1608 468 1619 490 1
1632 469 1660 490 1.
1690 457 1731 490 In
1752 467 1823 504 rep.
1852 466 1969 492 autern
1988 470 2080 494 nova
2099 459 2252 509 Principi
2272 471 2354 494 aoe-

1327 509 1386 545 bat
1406 509 1533 558 gratias
1553 506 1588 541 in
1607 504 1745 548 senatu,
1772 516 1808 540 ut
1829 505 1974 548 Plinius,
2004 506 2171 545 Ausonius
2187 539 2199 552 ,
2231 513 2269 546 ὃ(
2285 490 2351 545 aiiii,

1327 562 1524 608 Receptum
1541 568 1660 592 autem
1680 555 1747 592 hoc
1767 556 1810 590 ita
1835 556 1870 591 in
1889 569 1961 605 rep·
1992 567 2085 592 nova
2102 561 2199 602 Scto,
2229 559 2273 595 de
2284 571 2358 610 quo

1326 612 1369 646 C.
1381 608 1507 645 Plinius
1523 606 1599 644 cad.
1629 618 1714 643 orat.
1745 607 1940 642 Parendum
1953 634 1964 649 ‚
1977 606 2083 656 inquit
2093 635 2104 650 ,
2131 608 2173 647 est
2183 613 2254 645 Scto
2266 638 2278 653 ,
2292 622 2356 659 quo

1328 673 1370 696 ex
1391 659 1541 695 utilitate
1557 656 1694 706 publica
1706 655 1836 704 placuit
1850 684 1861 699 ‚
1892 667 1930 692 ut
1951 668 2033 693 cos.
2053 670 2153 701 voce,
2169 657 2234 706 sub
2257 660 2357 696 titulo

1328 713 1526 758 gratiarum
1556 707 1766 756 agendarum
1787 735 1798 750 ,
1841 707 1917 742 boni
1945 702 2115 755 Princijzes
2136 736 2148 750 ,
2184 721 2250 756 qua
2266 709 2361 754 face-

1336 771 1411 796 rent
1430 789 1442 805 ,
1480 756 1740 807 recognoscerent
1763 773 1773 792 .·
1802 757 1899 799 ‚mali
1921 778 1951 799 ,-
1970 770 2037 806 quo
2049 758 2170 803 facere
2193 757 2363 797 deberent.

1339 814 1410 848 &c.
1467 809 1570 845 Unde
1588 808 1713 858 liquet,
1732 806 1887 844 senatum
1908 806 2018 857 ipsum
2035 806 2177 845 voluiffie
2195 807 2364 854 eiusmodi

1343 862 1517 898 orationes
1536 861 1732 896 Gratiarum
1749 859 1905 895 actiones
1923 859 2061 902 vocari,
2091 872 2164 896 non
2182 861 2366 909 Panegyri-

1345 926 1404 949 cos
1426 932 1436 957 3
1469 922 1669 961 quanquam
1688 907 1748 947 sub
1773 908 1883 959 specie
1911 909 2153 960 gratulationis
2176 910 2370 948 laudaretur

1346 975 1486 1013 quoque
1506 963 1679 1010 Princeps.

1399 1010 1550 1049 Adhaesit
1578 1023 1696 1048 autem
1727 1009 1771 1046 illi
1799 1012 1841 1047 C.
1858 1009 1955 1047 Plinii
1974 1011 2122 1048 orationi
2140 1022 2274 1048 nomen
2293 1017 2364 1048 Pa-

1344 1065 1487 1120 negyrici
1505 1091 1516 1105 ,
1547 1063 1637 1119 ‘quia
1669 1059 1716 1097 sic
1758 1072 1839 1096 eam
1872 1061 1990 1098 Sidon.
2030 1062 2241 1112 Apollinaris
2267 1073 2373 1100 vocat

1347 1113 1440 1170 epist.
1460 1127 1492 1149 x.
1527 1111 1591 1169 jib.
1621 1125 1728 1149 viii.
1773 1122 1876 1159 atque
1906 1113 1941 1147 in
1967 1124 2122 1148 errorem
2146 1114 2247 1150 traxit
2269 1126 2375 1163 porro

1335 1170 1456 1198 'etiam
1476 1164 1688 1198 Criticorum
1718 1163 1873 1208 agmina.
1928 1161 2099 1212 Idemque
2125 1163 2283 1200 Sidonius
2312 1167 2376 1200 Pa-

1350 1213 1552 1264 negyricum
1570 1211 1668 1247 illum
1685 1221 1790 1248 vocat
1808 1211 2063 1259 comparabilem
2081 1227 2092 1246 .·
2123 1213 2232 1256 Justus
2242 1213 2376 1262 Lipsius

1351 1267 1398 1301 V.
1410 1267 1451 1301 C.
1470 1263 1632 1312 corrigit,
1661 1260 1968 1308 incomparabilem.
2026 1261 2094 1297 Sed
2110 1262 2211 1310 ipsius
2220 1266 2262 1300 C.
2278 1265 2377 1301 Sido-

1352 1315 1399 1350 nii
1426 1314 1521 1350 sensu
1546 1325 1586 1349 ac
1613 1311 1726 1349 verbis
1757 1310 1928 1348 refellitur.
1987 1313 2087 1347 Nam
2132 1314 2377 1360 Panegyricum

1350 1365 1467 1408 illum,
1497 1376 1532 1401 ut
1549 1364 1616 1414 ipse
1636 1363 1816 1404 nominat,
1845 1361 1954 1398 videri
1970 1361 2215 1399 vultinferiore
2229 1361 2301 1400 five
2311 1365 2377 1400 mi-

1352 1430 1437 1453 nore
1455 1415 1574 1458 laude,
1602 1425 1710 1464 quam
1727 1411 1882 1458 eiusdem
1902 1414 1945 1449 C.
1967 1412 2068 1448 Plinii
2092 1414 2292 1450 orationem
2312 1427 2377 1465 pro

1352 1469 1456 1553 Aetia&
1467 1465 1621 1552 {sariola
1681 1466 1770 1501 Non
1793 1461 1876 1500 effer
1892 1474 2010 1500 autem
2020 1461 2182 1508 inferior,
2210 1462 2237 1500 si
2253 1464 2379 1503 incom-

1346 1528 1436 1568 para
1457 1531 1468 1553 z
1484 1530 1524 1555 ις.

1410 1575 1543 1605 Honore
1562 1580 1653 1604 coeno
1677 1568 1837 1616 dignatus
1852 1566 1960 1616 esset]
2000 1569 2125 1604 Coenae
2141 1566 2384 1616 Imperatoriae

1355 1617 1429 1658 five
1448 1617 1627 1668 Principali
1643 1618 1799 1655 adhiberi
1821 1648 1833 1662 ,
1875 1618 1989 1655 honor
2012 1619 2134 1667 ingens
2157 1645 2170 1660 ,
2219 1627 2255 1652 ut
2294 1628 2385 1667 patet

1356 1671 1509 1708 Suetonii
1530 1671 1621 1717 Caio
1645 1682 1677 1707 c.
1697 1681 1824 1707 xxxiX.
1853 1670 1989 1706 Domit.
2013 1682 2043 1706 c.
2054 1680 2157 1705 xxiv.
2215 1666 2328 1717 Atque
2357 1669 2387 1705 is

1355 1721 1458 1779 honor
1484 1720 1596 1768 mensa
1632 1720 1762 1768 Regalis
1792 1719 1886 1770 apud
1905 1721 2026 1757 Amm.
2072 1716 2212 1755 Marcel.
2237 1716 2293 1754 lib.
2319 1730 2378 1757 xv.

1362 1775 1455 1808 Hinc
1481 1769 1762 1814 Eucharisticon‚
1811 1769 1881 1808 five
1918 1770 2189 1807 Gratulatorium
2221 1779 2384 1813 carmen,

1363 1821 1433 1860 five
1464 1823 1653 1871 gratiarum
1681 1822 1772 1857 affio
1802 1822 1936 1871 Papinii
1962 1821 2006 1857 ad
2038 1819 2286 1857 Domitianum
2323 1827 2387 1866 pro

1362 1873 1594 1921 eptatihonore.
1651 1872 1962 1910 Silva11.1ib.1v.
2007 1870 2078 1908 Ubi
2117 1873 2156 1907 δε
2186 1869 2285 1906 causa
2314 1868 2392 1914 illa,

1363 1937 1420 1959 cur
1448 1934 1559 1959 tantus
1587 1923 1640 1957 hic
1665 1922 1778 1957 honor
1803 1923 2036 1959 aestimaretur.
2098 1922 2267 1968 Nempe,
2292 1920 2388 1968 quod

1366 1985 1542 2029 nunquam
1559 1973 1640 2008 alias
1668 1973 1828 2020 cuiquam
1852 1970 1904 2008 fas
1921 1971 2099 2006 sedentem
2110 1969 2202 2018 loqui
2221 1969 2363 2020 Principi
2375 1998 2388 2013 ‚

1368 2024 1426 2060 nisi
1449 2026 1483 2060 in
1501 2023 1617 2072 epulo..
1671 2025 1772 2058 Tunc
1790 2022 1886 2058 enim
1907 2021 2011 2057 etiam
2040 2020 2163 2065 jacenti
2188 2017 2259 2058 sive
2287 2031 2387 2056 accu-

1370 2075 1469 2112 banti
1485 2075 1601 2110 sermo
1620 2070 1685 2109 effe
1712 2073 1820 2119 potuit
1841 2070 1884 2107 ad
1904 2084 1985 2108 eum
2005 2080 2209 2120 purpurato,
2238 2079 2274 2104 ut
2293 2070 2389 2119 apud

1373 2129 1415 2162 C.
1436 2125 1615 2162 Sidonium
1646 2121 1738 2173 epist.
1758 2136 1815 2159 xi.
1832 2121 1890 2159 lib.
1921 2136 1949 2159 1.
1984 2121 2096 2157 Dietae
2121 2131 2207 2157 vero
2224 2120 2391 2170 Principis

1370 2176 1478 2226 epulae
1496 2176 1619 2211 divina
1640 2185 1675 2209 ut
1693 2172 1714 2211 l.
1727 2186 1809 2210 v11.
1849 2175 1891 2208 C.
1911 2171 1956 2208 de
1977 2169 2163 2207 comitibus
2185 2172 2222 2206 ὃ(
2241 2170 2388 2208 tribunis

1370 2226 1513 2263 scholar.
1548 2228 1668 2273 quue
1686 2222 1767 2259 facit
1785 2221 1928 2260 Martial.
1950 2223 2055 2273 epigr.
2067 2233 2190 2259 xxxix.
2208 2219 2319 2260 lib.v1
2332 2235 2344 2259 1
2356 2235 2384 2258 1.

1372 2275 1681 2327 epigr.xc111.lib.
1706 2287 1762 2312 ix.>

1431 2479 1566 2529 Equites
1596 2480 1740 2515 Romani
1763 2475 1969 2526 Sabratenfis
2002 2489 2044 2513 ex
2077 2476 2238 2525 Africus]
2290 2472 2394 2514 Bono

1375 2530 1596 2573 discrimine„
1620 2529 1743 2578 equitis
1763 2525 2103 2575 Ro7n..Saeratens15,
2131 2539 2168 2564 ut
2185 2525 2401 2570 fignificat-er

1378 2583 1530 2631 equitem
1564 2584 1774 2616 Romanum
1818 2578 1959 2627 quidem
1978 2606 1990 2621 ,
2034 2576 2091 2613 sed
2129 2571 2392 2627 municipalem.

1377 2633 1537 2682 Equitum
1556 2634 1804 2667 Romanorum
1827 2643 1935 2680 genus
1951 2627 2069 2678 triplex
2088 2626 2161 2666 fuit.
2218 2632 2316 2666 Nam
2337 2639 2394 2664 aut

1379 2683 1494 2720 domo
1514 2681 1584 2718 sive
1605 2682 1736 2731 origine
1755 2681 1910 2717 Romani
1935 2677 2029 2715 fuere
2058 2680 2193 2728 proprie
2210 2679 2365 2716 Romani
2382 2693 2393 2715 ε

1382 2745 1439 2770 aut
1459 2747 1500 2769 ex
1519 2733 1708 2781 municipio
1725 2731 1828 2767 Italiae
1845 2760 1857 2774 ,
1895 2732 1983 2780 iique
2001 2729 2240 2778 municipales.
2286 2728 2398 2774 cujus-

1383 2783 1481 2820 modi
1500 2785 1549 2819 Μ,
1574 2786 1611 2818 ὅ(
1627 2784 1682 2830 Q
1695 2783 1818 2818 Cicero
1840 2796 1856 2818 r..
1883 2782 1997 2830 itaque
2015 2779 2104 2830 apud
2129 2778 2282 2823 Juvenal.
2318 2782 2387 2817 Sat.

1383 2848 1491 2872 vili.
1537 2834 1668 2869 Cicero,
1694 2832 1910 2880 municipalis.
1931 2843 2039 2879 eques.
2082 2840 2139 2865 aut
2173 2842 2213 2864 ex
2255 2831 2394 2876 provin-

1385 2886 1435 2922 cia
1452 2913 1470 2928 ,A
1506 2884 1596 2933 iique
1627 2882 1848 2932 provinciales
1866 2912 1876 2927 ,
1920 2879 2112 2927 cujusmodi
2139 2881 2241 2928 eques
2271 2882 2311 2915 L.
2334 2883 2393 2916 Se-

1386 2948 1489 2973 neca..
1541 2938 1660 2984 Itaque
1689 2932 1756 2982 ipse
1784 2933 1872 2983 apud
1903 2934 1948 2968 C.
1977 2931 2139 2967 Tacitum
2173 2928 2389 2966 Annalixtv.

1385 2984 1522 3035 equestri
1550 2984 1582 3020 se
1616 2988 1652 3020 δε
1672 2983 1880 3031 provinciali
1909 2981 1974 3017 loco
2008 2989 2119 3014 ortum
2153 2978 2215 3015 ait.
2273 2981 2395 3016 Primo

1388 3036 1593 3085 dignationis
1619 3033 1727 3084 gradu
1756 3035 1882 3083 equites
1909 3029 2098 3070 Romani,
2144 3027 2291 3065 secundo
2318 3043 2397 3065 mu-

1392 3084 1550 3135 nicipales
1575 3112 1588 3128 ,
1641 3084 1741 3123 tertio
1785 3079 2019 3133 provinciales.
2094 3076 2220 3116 Diffirt
2277 3091 2395 3118 aurem

2310 3142 2398 3177 <wo--
