2504 3425
192 196 449 270 „cssh‘gkffiw
577 197 1988 257 T1TusFLAv1usVEspAs.Au0.
2178 203 2280 254 (ξω

188 288 471 343 recordatum,
1365 289 1445 336 Sed
1471 289 1630 335 nullam
1652 287 1834 334 habuisse
1853 286 2061 348 persancffst
2085 289 2279 337 Domitia

537 306 633 335 uam
657 305 755 335 cum
781 288 914 337 fratris
936 307 1061 336 uxore
1094 289 1296 336 habuerit.

185 352 343 409 jurabat
361 386 374 408 ,
425 305 534 398 hauii
551 368 769 415 negatura,
805 354 833 400 si
856 370 936 417 qua
960 356 1140 399 omnino
1161 353 1326 398 fuisiet:
1361 355 1494 398 immo
1507 354 1631 398 etiam
1649 351 1890 414 gloriatura,
1927 351 2042 412 quod
2061 352 2119 395 illi
2137 369 2282 412 prom-

109 447 158 478 11
185 413 385 460 tiffimum
407 430 490 462 crat
513 417 558 462 in
583 417 783 463 omnibus
804 418 978 479 probris,
1043 416 1222 463 Excessit
1245 419 1287 461 in
1314 416 1479 471 eadem,
1514 433 1594 479 qua
1609 429 1745 477 pater,
1779 415 1896 467 villa,
1930 414 2074 459 Idibus
2087 418 2282 476 Septem-

185 475 291 534 bris,
326 478 418 539 post
443 479 667 527 biennium
697 497 742 527 ac
765 481 926 527 menses
949 481 1073 535 duos,
1109 480 1278 541 diesque
1304 495 1355 524 xx
1404 497 1531 541 quam
1554 477 1784 524 successerat
1808 479 1932 540 patri,
1969 479 2096 523 altero
2120 483 2162 524 δε
2178 497 2282 541 qua«

181 539 416 603 dragesimo
438 546 564 590 aetatis
584 561 709 590 anno.
777 545 908 602 Quod
934 558 978 588 ut
1002 545 1134 605 palam
1160 542 1314 587 faetum
1337 542 1420 595 est,
1455 559 1543 586 non
1568 543 1679 586 secus
1698 556 1820 604 atque
1846 542 1890 584 in
1917 540 2144 587 domestico
2163 544 2278 591 luftu

183 605 446 652 maerentibus
470 606 635 669 publice
659 608 819 654 cunffis
840 643 854 663 ,
901 607 1061 653 senatus
1082 608 1193 667 prius
1215 621 1339 666 quam
1360 606 1498 650 edieto
1518 620 1815 650 convocaretur
1836 638 1848 658 ,
1892 603 1940 647 ad
1966 607 2139 649 Curiam
2167 623 2276 653 con-

182 670 340 715 currit:
374 669 656 734 obseratisque
678 671 809 717 adhuc
826 671 990 716 foribus
1015 705 1027 725 ,
1060 669 1209 714 deinde
1230 669 1378 727 apertis
1403 703 1416 723 ‚
1452 682 1579 712 tantas
1601 683 1768 713 mortuo
1788 668 1934 730 gratias
1958 669 2045 730 egit
2063 702 2077 724 ,
2111 669 2274 716 laudes-

180 748 289 794 que,
323 748 495 796 quantas
519 734 725 799 congessit
752 751 806 780 ne
830 739 929 782 vivo
954 732 1126 796 quidem
1151 746 1352 792 umquam
1374 745 1498 792 atque
1521 729 1718 792 praesenti.
2106 796 2151 841 D

2156 814 2272 846 omi-

238 921 280 946 10
306 908 646 958 Dimotisplagulis.]
676 909 823 945 Dimotis
839 906 979 955 pallulis
996 903 1199 952 injuratiffi-
1251 904 1347 942 illum
1389 902 1454 941 sibi
1488 903 1638 942 indixisse
1671 903 1844 951 justitium.
1916 905 2101 943 Annalium
2130 908 2187 948 lib.
2216 915 2267 952 11.

178 958 247 995 mis
263 960 468 1010 antiquitatis
479 959 571 996 libris
581 959 700 1012 reperi.
722 957 801 1006 quid
811 958 846 993 ni
857 958 951 993 enim
962 956 1037 994 vela
1047 955 1198 992 obduCta
1255 961 1310 992 82.
1367 961 1431 991 Hos
1452 955 1549 1011 uulgi
1560 956 1727 1009 sermorzes
1752 955 1875 990 auditu
1892 967 1978 989 mors
2001 957 2081 990 adeo
2097 960 2269 1004 incendit,

177 1005 309 1045 leuicae
331 1009 463 1056 pallula
486 1009 602 1047 vocari
625 1012 776 1057 queant?
811 1007 904 1057 quod
923 1007 968 1043 ita
987 1019 1006 1042 a
1027 1019 1085 1042 me
1103 1003 1196 1041 affir-
1248 1015 1287 1041 ut
1306 1015 1387 1041 ante
1413 1005 1561 1041 eddium
1590 1003 1851 1052 magistratuum
1871 1030 1883 1046 ‚
1919 1011 1999 1039 ante
2009 1004 2273 1056 senatusconfifc„

175 1068 310 1101 matur,
329 1069 365 1095 ut
377 1068 496 1094 tamen
518 1057 660 1107 plagulis
680 1058 724 1094 de
742 1057 801 1093 suo
818 1059 889 1103 jure
908 1057 1038 1093 nullam
1056 1066 1195 1092 contro·
1246 1063 1323 1090 tum
1342 1083 1353 1097 ‚
1383 1054 1634 1105 sumtojustitio
1652 1054 1876 1101 desererentur
1887 1053 1971 1099 fora
1985 1080 1998 1095 ‚
2035 1053 2270 1096 clauderentur

176 1106 327 1143 versiam
341 1106 467 1144 faciam
484 1136 497 1151 ‚
521 1120 565 1143 ne
582 1108 758 1144 momenti
779 1109 958 1144 astionem
978 1106 1066 1143 mihi
1085 1107 1194 1142 inten-

174 1155 279 1201 dant,
306 1160 344 1194 δε
361 1169 382 1193 a
399 1169 547 1206 praetore
563 1157 690 1194 restitui
706 1169 844 1208 petant,
872 1155 898 1192 si
917 1169 935 1192 a
956 1170 1014 1193 me
1034 1156 1194 1200 dejician-

174 1216 239 1242 tur.
266 1210 493 1245 TunNEBus.
522 1208 659 1244 Pallulae
677 1206 781 1244 exstat
799 1209 834 1243 in
854 1206 945 1243 Cod.
970 1206 1110 1243 Salmass

226 1261 345 1306 Neque
361 1258 522 1308 cuiquam
531 1258 640 1304 facile
648 1258 860 1306 [accuratu]
892 1256 983 1294 Cod.
1000 1256 1105 1294 Salm.
1115 1256 1194 1304 suc-

168 1316 300 1346 currat,

521 1369 556 1403 T
581 1379 605 1403 0
638 1378 659 1402 n
693 1380 718 1404 n
747 1378 768 1403 E
797 1379 823 1403 N
851 1379 887 1405 τ.

234 1438 247 1461 ι
261 1439 290 1464 ι.
307 1423 456 1472 Excessit.
474 1425 491 1472 ]
509 1426 566 1461 De
582 1437 696 1462 morte
713 1427 802 1469 Titi,
827 1429 865 1463 ὅ(
877 1423 1015 1474 quidem
1025 1436 1193 1475 tanquam

172 1485 311 1511 veneno
329 1475 467 1517 sublati,
498 1475 662 1511 nonnulla
680 1477 827 1512 minime
848 1475 1002 1524 vulgaria
1023 1479 1060 1512 δε
1079 1475 1188 1512 Philo.

171 1523 292 1561 stratus
300 1525 343 1562 de
352 1526 422 1563 vita
431 1524 605 1575 Apollonii
616 1525 674 1563 lib.
688 1540 728 1564 v1
741 1530 793 1564 .&
804 1526 1088 1577 Xiphilin.Q1em
1096 1525 1189 1562 vide.

176 1623 212 1662 ο
228 1576 292 1660 {qd
314 1578 444 1611 curiam
463 1578 619 1613 cucurrit.
636 1575 649 1624 l
683 1589 765 1614 mss,
785 1576 855 1615 duo
874 1579 1058 1620 concurrit,
1075 1586 1109 1613 ut
1119 1575 1191 1625 sup.

216 1634 226 1658 t
253 1652 263 1661 .
275 1637 348 1671 cap.
360 1638 402 1664 vi
416 1639 426 1662 1
440 1639 469 1662 1.

228 1677 389 1721 Quantas
414 1673 595 1723 congeffit.]
640 1675 743 1713 Male.
792 1673 840 1712 fic
866 1677 961 1712 enirn
980 1675 1166 1712 leoendum
1179 1702 1211 1719 „

171 1732 290 1760 tantus
307 1735 437 1760 mortuo
450 1724 584 1771 gratias
602 1727 686 1773 egit,
715 1726 894 1774 laudesque
904 1706 1066 1773 congeffit‚
1086 1738 1194 1772 quan·
1220 1763 1224 1778 1

170 1781 226 1807 tas
248 1786 289 1808 ne
305 1777 390 1809 vivo
406 1774 541 1822 quidem
562 1787 726 1823 unquam.
784 1778 905 1822 Quam
923 1776 1019 1820 hujus
1038 1775 1103 1811 loci
1119 1788 1194 1811 cor-

170 1823 366 1879 restionem
393 1823 560 1873 Eutropio
580 1823 775 1869 debemus,
809 1826 962 1862 Suetonii
982 1825 1089 1865 verba
1107 1823 1196 1861 refe-

170 1882 270 1909 renti.

479 1933 878 1972 CASAuBou.

230 2005 244 2030 1
257 1989 433 2038 1.Excfft
442 1991 630 2034 incudem,
648 2000 842 2041 ψωμίον,
861 1991 984 2041 villas]
1013 1990 1197 2031 Eusebius:

174 2042 269 2080 Titus
294 2041 406 2078 morbo
421 2041 528 2089 periit
547 2043 585 2076 in
601 2053 641 2076 ea
658 2043 749 2079 villa
766 2056 836 2091 qua
847 2051 947 2090 pater
965 2045 1031 2093 ejus
1051 2071 1064 2086 ‚
1104 2056 1192 2079 anno

167 2093 273 2129 atatis
290 2103 354 2129 xm
368 2107 396 2130 ι.
424 2090 642 2128 Exstinstum
663 2106 801 2131 veneno
820 2093 947 2142 leporis
974 2094 1099 2130 marini
1117 2093 1192 2131 sunt

167 2143 227 2192 qui
244 2153 391 2180 narrent.
448 2145 623 2179 Tzetzes:
644 2146 745 2183 Τῖτος
764 2143 903 2184 &vtio-am
920 2141 1102 2192 βεςρωκὼς
1127 2152 1191 2179 λοι-

169 2193 240 2235 γὸν
256 2195 318 2229 ταῖν
335 2192 552 2228 θαλασσίων.
581 2193 710 2233 eadem
730 2194 834 2230 etiam
852 2192 976 2243 Glycas
995 2195 1031 2230 in
1049 2193 1189 2231 Annali-

170 2241 245 2280 bus.
269 2242 363 2279 aliter
380 2242 453 2286 alii,
481 2253 517 2280 ut
531 2253 628 2279 notat
643 2243 791 2293 Scaliger
807 2244 851 2280 ad
876 2244 1071 2282 Eusebium.

226 2293 339 2329 Idibus
362 2292 591 2340 Septembris.]
615 2294 800 2337 Eusebius,
824 2294 929 2345 pridie
943 2293 1022 2330 1dus
1031 2298 1123 2343 Sept.

226 2343 298 2387 Post
316 2342 510 2385 biennium,
527 2345 698 2390 tic-menses
715 2345 795 2380 (laos
807 2373 819 2388 ,
844 2345 975 2393 diesque
983 2359 1037 2382 xx.
1052 2348 1066 2391 j
1092 2348 1187 2382 Con-

169 2391 316 2429 sentiunt
348 2392 420 2428 Dio
442 2395 480 2428 δε
516 2397 682 2431 Zonaras.
740 2393 906 2432 Clemens
943 2395 1014 2432 dies
1047 2397 1185 2433 omittit.

169 2442 265 2480 aliter
283 2443 348 2480 alii.

229 2500 308 2529 Non
318 2493 412 2540 secus
431 2501 533 2539 atque
551 2491 719 2538 domestico
736 2492 829 2528 luftu
847 2493 1064 2529 moerentibus
1074 2493 1185 2541 publi-

172 2556 206 2580 ce
225 2541 389 2587 curulia]
438 2545 478 2577 Et
510 2540 596 2577 istud
624 2542 778 2578 videntur
805 2545 917 2578 Graeci
942 2543 984 2578 de
1021 2544 1186 2580 Suetonio

172 2591 303 2630 vertisse
319 2621 331 2636 ‚
369 2604 474 2639 quem
504 2593 608 2627 etiam
625 2594 804 2640 Eutropius
831 2592 878 2628 est
903 2593 1062 2629 imitatus.
1120 2595 1187 2628 Ce-

173 2643 296 2679 drenus
310 2671 322 2685 ,
351 2641 443 2681 velis
465 2643 595 2691 potius,
622 2641 712 2678 unde
732 2641 836 2678 habet
853 2641 1052 2679 Cedrenus:
1073 2643 1187 2678 ‘roc-›J-

1250 1105 1380 1142 domus.

1302 1154 1534 1203 Obseratifque
1552 1154 1665 1190 adhuc
1680 1152 1856 1199 foribus.]
1900 1155 2030 1190 Mutata
2049 1153 2268 1195 distinstione

1220 1208 1223 1252 f
1245 1203 1342 1241 scrib.
1362 1205 1506 1251 senatus
1525 1206 1621 1252 prius
1645 1216 1750 1253 quum
1777 1204 1883 1239 ediffbo
1918 1216 2157 1254 convocaretur
2175 1235 2187 1250 ,
2223 1211 2270 1245 ad

1219 1253 1223 1304 1
1245 1257 1378 1290 curiam
1397 1255 1568 1297 cucurrit,
1594 1252 1752 1301 obseratis
1769 1252 1882 1289 adhuc
1890 1252 2026 1298 foribus
2043 1269 2053 1288 .·
2080 1255 2201 1292 deinde
2211 1268 2271 1306 ap.

1244 1316 1300 1341 aut
1320 1306 1426 1341 etiarn
1444 1318 1523 1340 cum
1542 1303 1664 1352 copula
1683 1301 1916 1351 obseratisque.
1946 1303 1992 1338 ita
2006 1305 2157 1343 Memm.
2177 1310 2268 1355 apud

1245 1356 1428 1398 Tacitum,
1457 1354 1561 1403 vulgo
1579 1354 1762 1396 homines,
1789 1352 1848 1389 ubi
1868 1352 1996 1389 laetiora
2011 1352 2052 1389 de
2070 1355 2264 1395 valetudine

1244 1406 1443 1441 Germanici
1467 1415 1562 1440 erant
1582 1404 1703 1446 allata,
1732 1403 1868 1449 cursant
1880 1411 1941 1450 per
1956 1402 2095 1447 urbem,
2123 1406 2270 1445 moliun-

1243 1463 1302 1490 tur
1317 1455 1513 1502 templorum
1521 1455 1623 1498 fores.
1680 1456 1790 1489 Porro
1810 1451 1882 1488 haec
1899 1465 1976 1502 qua:
2001 1464 2179 1492 narrantur
2199 1456 2270 1496 hoc

1243 1504 1344 1548 loco,
1376 1505 1434 1541 sub
1457 1504 1691 1555 crepusculum
1713 1502 1778 1539 diei
1795 1502 1952 1541 videntur
1969 1501 2034 1539 effe
2050 1502 2155 1552 gesta.
2181 1518 2267 1545 nam

1244 1555 1384 1606 vespera
1403 1566 1494 1599 erat,
1524 1554 1664 1604 quando
1693 1555 1821 1589 Romae
1840 1552 1886 1588 de
1912 1563 2028 1589 morte
2056 1554 2263 1606 Titipalam

1219 1623 1223 1638 i
1244 1606 1292 1643 est
1307 1605 1450 1643 saecum.
1507 1605 1599 1643 Vide
1624 1603 1799 1640 historiam
1812 1601 2011 1640 Miscellam.

1611 1675 1914 1710 VAnxoa.

1305 1761 1359 1786 ιι.
1383 1746 1518 1795 Exceffit
1536 1747 1573 1783 in
1590 1746 1731 1787 eadem,
1759 1756 1828 1793 qua
1843 1751 1963 1790 pater,
1992 1742 2119 1792 villu]
2164 1741 2268 1781 Periit

1244 1800 1423 1844 conjectus
1442 1799 1475 1833 in
1492 1809 1609 1833 arcam
1629 1796 1782 1844 ligneam
1806 1795 1884 1831 nive
1907 1793 2106 1843 oppletam,
2131 1793 2157 1830 si
2179 1794 2268 1832 Dio·

1220 1861 1222 1865 ’
1244 1849 1280 1885 ni
1298 1848 1480 1885 credimus.
1538 1846 1644 1883 Aliter
1664 1849 1817 1881 Tzetzes
1835 1872 1846 1887 ,
1883 1844 1940 1879 esu
1969 1843 2093 1891 leporis
2119 1845 2267 1883 marini:

1219 1877 1223 1931 l
1244 1901 1344 1938 Τῖτος
1369 1898 1406 1933 δὲ
1434 1894 1575 1937 θνήσκει
1602 1892 1780 1943 βεςρωκὼς
1806 1893 1923 1934 λαγὼν
1947 1894 2010 1928 τῶν
2037 1893 2261 1932 θαλασσίων.

1220 1934 1223 1963 l
1242 1948 1345 1984 Unde
1365 1947 1538 1985 Graeculus
1566 1946 1638 1982 haec
1657 1957 1729 1980 tarn
1750 1942 1971 1992 discrepantia
1990 1954 2010 1978 a
2029 1943 2147 1979 Dione
2165 1972 2178 1986 ,
2225 1947 2265 1981 δι

1242 1997 1344 2037 aliis?
1385 1997 1578 2035 Plutarchus
1606 1997 1640 2032 in
1670 1994 1797 2031 balneo
1830 1992 2033 2029 exstinctum
2060 1992 2154 2030 fuiffe
2173 2022 2185 2037 ,
2229 1995 2266 2031 in

1243 2048 1332 2086 libro
1350 2048 1501 2091 ὀγιεινῶν
1512 2043 1833 2094 παραγγελμάτων.
1855 2042 1950 2079 Stulti
1968 2043 2096 2087 Judaei,
2108 2044 2264 2082 muscam

1241 2100 1278 2135 in
1315 2101 1389 2143 ejus
1423 2097 1606 2135 cerebrum
1634 2092 1848 2143 ingrestum,
1893 2092 1982 2129 unde
2019 2093 2267 2137 σφακελιο-θεὶς

1241 2149 1384 2198 perierit.
1443 2152 1533 2196 Qae
1569 2145 1644 2182 sunt
1676 2155 1836 2194 portenta
1863 2142 2015 2187 Judaica.
2070 2144 2257 2187 Josepnus

1239 2203 1448 2236 SCALXGER.

1299 2250 1360 2286 Ad
1376 2249 1514 2286 curiam
1530 2245 1717 2292 cucumin]
1763 2247 1805 2280 In
1837 2242 1995 2280 Palatinis
2025 2241 2127 2280 codd.
2165 2241 2254 2288 effe,

1240 2301 1423 2342 concurrit,
1454 2309 1577 2335 monet
1593 2299 1756 2334 Gruterus
1777 2309 1786 2331 :
1814 2293 1908 2343 quod
1925 2292 2014 2328 haud
2025 2292 2126 2328 dubie
2135 2294 2262 2332 restius

1239 2349 1297 2387 est.
1354 2351 1452 2385 Nam
1472 2346 1644 2393 cucurriffe
1663 2345 1833 2381 senatores
1850 2372 1861 2386 ,
1898 2343 1972 2392 quis
1990 2342 2105 2379 credat
2125 2346 2136 2380 Ξ
2171 2346 2260 2380 Con-

1238 2413 1373 2437 currere
1392 2410 1510 2435 autem
1528 2427 1539 2441 ‚
1566 2409 1602 2433 ut
1619 2400 1654 2433 δ(
1676 2392 1836 2443 confluere
1855 2421 1867 2436 ,
1896 2396 2061 2430 Romane
2080 2392 2261 2442 loquenten

1239 2451 1344 2486 etiarn
1363 2449 1406 2485 de
1422 2450 1461 2486 iis
1479 2448 1655 2497 usurpant,
1684 2446 1740 2493 qui
1761 2442 1866 2488 βάὸκν
1885 2442 2021 2485 eundo,
2049 2443 2260 2482 conveniunt

1239 2499 1444 2548 frequentes.
1502 2501 1621 2534 BERN.
1679 2497 1779 2531 Hanc
1799 2494 1988 2530 leffionem
2012 2490 2131 2528 firmat
2160 2492 2252 2532 Cod.

1241 2549 1345 2585 Salm.
1367 2552 1404 2584 ὅ(
1426 2547 1521 2584 Rob.
1537 2546 1651 2594 Steph.
1673 2545 1726 2581 ed.

1293 2599 1433 2634 Gratias
1452 2598 1516 2644 egit
1537 2596 1714 2643 laudesque
1736 2590 1899 2641 congessit,
1925 2601 2072 2642 quantas
2087 2591 2165 2640 ne.]
2201 2592 2256 2630 Sic

1239 2660 1311 2684 uno
1338 2649 1501 2695 Eutropio
1528 2647 1667 2681 austore
1694 2644 1896 2680 Torrentius
1913 2672 1925 2685 ‚
1979 2655 2060 2678 cum
2091 2654 2169 2678 mss.
2212 2647 2253 2680 δε

174 2708 228 2729 ⁷05
245 2695 360 2741 θρῖνος
382 2692 498 2739 imni
514 2693 658 2738 τελευτῇ
678 2692 723 2728 ra?
745 2694 834 2728 Τίτε
858 2692 1011 2737 κατέσχε
1034 2691 1088 2731 τήν
1109 2689 1188 2727 Ῥῶ·
1239 2697 1320 2733 editi
1337 2709 1494 2734 veteres:
1527 2695 1659 2744 gratias
1675 2705 1738 2741 egit
1767 2693 1946 2741 laudesque
1961 2721 1972 2735 ,
2011 2701 2157 2741 quantae
2181 2705 2255 2729 con-

173 2759 255 2788 μην,
286 2741 327 2782 ὣς
351 2742 378 2780 ἔν
395 2742 504 2789 χρόνῳ
520 2744 645 2787 πολλῷ
664 2743 762 2778 τὲτον
779 2740 1186 2785 ἀπομνημονεύοντες,κκὶ
1234 2745 1322 2794 geffit
1347 2760 1388 2783 ne
1414 2747 1510 2782 vivo.
1575 2744 1683 2791 Quod
1709 2756 1833 2780 vereor
1857 2755 1900 2778 ne
1934 2753 2109 2779 mutatum
2137 2739 2179 2778 sit
2202 2742 2254 2780 ob

174 2793 369 2841 τοὶςάρετὰς
388 2795 482 2829 auu}
506 2790 816 2840 ἀναλογιζόμενοι,
852 2790 1006 2840 δημοσίᾳ
1028 2807 1088 2827 και
1112 2792 1189 2831 κειΤ
1240 2796 1438 2833 sermonem
1474 2796 1650 2844 antiquum
1688 2797 1725 2830 δε
1762 2793 1907 2829 minime
1944 2792 2125 2844 vulgarem
2159 2804 2257 2840 agere

175 2842 275 2884 οἵκες
292 2844 444 2885 κλαίειν,
472 2841 585 2890 (ἕο-ντες
606 2842 720 2886 οἰκείῳ
739 2841 842 2877 πάθει
862 2844 1087 2888 κατεχόμενος
1110 2841 1188 2876 ἔκαι-

174 2909 244 2933 ςος.
272 2906 378 2944 quam
394 2893 484 2929 bene
495 2890 629 2929 assecuti
649 2890 712 2927 sint
725 2890 867 2928 Graeculi
884 2891 933 2928 isti
947 2903 1102 2928 mentem
1113 2895 1192 2928 Sue·
1240 2895 1357 2932 laudes
1384 2910 1442 2943 ugo
1468 2894 1520 2938 Εἴ
1534 2905 1648 2943 grates
1664 2894 1859 2942 gratiasque
1883 2892 1996 2930 habeo.

174 2945 281 2988 conii,
308 2945 364 2994 qui
380 2943 495 2982 Valent
515 2943 662 2990 judicio,
689 2941 764 2979 satis
782 2941 982 2991 intelligunt.

2001 2848 2104 2878 Latus
2139 2841 2255 2879 lubens

2055 2893 2173 2931 Livius
2193 2893 2251 2929 lib.

1240 2845 1369 2883 laudes.
1432 2845 1567 2882 Plautus
1599 2845 1812 2880 Trinummo
1839 2858 1873 2887 4.
1916 2856 1944 2879 1.

1244 2960 1278 2992 7.
1310 2947 1388 2982 Diis
1415 2945 1531 2981 laudes
1557 2948 1732 2992 gratesque
1752 2953 1868 2990 agunt.
1904 2942 1961 2979 lib.
1983 2949 2040 2980 26.
2096 2945 2254 2979 Primam

228 3000 371 3031 Senatus
384 2996 476 3041 prius
491 3006 595 3043 quum
618 2992 722 3028 edicto
742 3004 979 3029 convocaretur
996 2993 1044 3028 ud
1060 2994 1192 3031 curiam
1245 2996 1311 3032 dtis
1339 2995 1587 3033 immortalibus
1611 2993 1789 3042 laudesque
1806 2991 1858 3034 Εἴ
1872 3004 1984 3041 grates
1999 2992 2074 3040 egit.
2115 2992 2171 3028 lib.
2196 3006 2253 3038 27.

175 3046 322 3080 cucurrit
344 3044 358 3092 Ἰ

398 3044 513 3080 Simile
532 3044 608 3080 huic
636 3041 701 3086 est,
730 3042 824 3093 quod
854 3043 896 3079 de
919 3043 1047 3093 populo
1061 3047 1195 3080 Roma-

173 3105 222 3132 no
243 3093 403 3135 observat
422 3096 587 3133 Tacitus:
616 3092 729 3131 audita
748 3105 864 3132 mone
883 3095 1083 3132 Germanici
1107 3093 1196 3132 ultro
1246 3108 1317 3145 ago.

1250 3045 1328 3082 Diis
1348 3044 1617 3089 immortalibus,
1644 3056 1682 3080 ut
1713 3057 1750 3079 m
1776 3043 1838 3078 tali
1859 3056 1914 3085 re,
1947 3042 2063 3079 laudes
2079 3041 2255 3091 gratesolue

1374 3099 1548 3133 Gitonov.

1690 3146 1874 3181 Ooooa
2102 3143 2191 3180 Το
2223 3151 2268 3176 κ·
