2504 3425
717 167 1845 256 PRAEFATIQ

217 336 328 378 um
369 307 616 379 scientia
665 330 904 378 tantum
957 309 1293 399 adjumenti
1342 319 1399 375 ὃς
1438 309 1682 377 luminis
1717 310 1812 378 his
1843 306 2066 378 artibus
2103 311 2342 405 elegan-

222 428 474 495 tioribus
512 484 529 513 ‚
609 435 889 523 inprimis
939 426 1283 511 auctoribus
1326 422 1591 509 :melioris
1623 437 1760 498 aevi
1791 429 1991 497 attulit
2018 482 2039 514 ,
2089 450 2157 498 ut
2187 455 2344 524 quos

222 568 366 610 cum
415 570 487 612 eo
538 545 814 611 conferas
848 594 867 626 ,
948 550 1053 636 qui
1104 550 1167 611 in
1216 543 1337 611 hoc
1384 570 1603 637 genere
1655 545 1987 613 studiorum
2035 569 2071 610 a
2120 555 2345 616 renatis

222 655 431 722 litteris
467 655 598 721 sunt
630 653 842 722 versati
881 705 899 731 ‚
962 680 1193 750 paucos
1235 693 1253 740 ς
1321 682 1477 750 quos
1511 663 1566 724 ei
1605 679 1943 752 anteponas
1974 703 1995 733 ,
2040 662 2142 723 vix
2190 657 2347 721 ullos

221 777 502 862 reperias,
611 774 937 838 Summam
1003 774 1410 840 eruditionem
1475 772 1741 841 ornabat
1816 772 1998 840 officii
2066 769 2290 862 religio
2326 822 2348 854 ,

221 907 591 976 morumque
625 884 993 952 incredibilis
1046 885 1304 958 suavitas
1356 936 1375 962 ‚
1454 912 1585 980 qua‘
1639 892 1923 955 omnium
2005 885 2350 951 voluntates

223 995 573 1068 alliciebat,·
621 1024 737 1065 nec
766 1023 894 1065 non
944 1000 1094 1066 alios
1144 1003 1490 1083 erudiendi,
1545 1011 1603 1066 &
1646 1026 1680 1066 a
1714 1024 1905 1093 prava
1944 1000 2048 1067 illa
2080 997 2351 1065 sordida-

221 1134 342 1201 que
391 1108 723 1177 studiorum
752 1118 1019 1187 ratione,
1081 1139 1238 1206 quae
1271 1115 1396 1182 solo
1432 1112 1680 1206 quaestu
1718 1115 2006 1207 vulgique
2044 1111 2352 1181 existima-

224 1229 395 1290 tione
445 1231 799 1291 terminatas
846 1225 1036 1291 habet
1083 1227 1357 1294 scientias
1389 1276 1405 1304 ‚
1470 1228 1835 1305 avertendi,
1902 1238 1963 1293 &
2012 1230 2090 1295 ad
2141 1253 2351 1294 veram

155 1383 161 1388 -
224 1318 598 1430 solidamque
648 1334 1069 1408 eruditionem
1106 1341 1535 1410 inflammandi
1585 1348 2042 1409 maximum'&
2091 1339 2354 1408 indefes-

223 1450 353 1517 sum
403 1451 662 1516 studium
697 1503 714 1533 ‚
767 1472 832 1515 ut
879 1459 986 1518 uni
1034 1455 1159 1521 fere
1209 1454 1497 1521 debeatur
1546 1460 1870 1521 Gronovio
1904 1506 1922 1536 ,
1988 1456 2158 1547 quod
2191 1455 2354 1521 litte-
2402 1469 2405 1472 '

225 1587 429 1630 rarum
476 1588 706 1629 nomen
756 1569 820 1628 in
869 1567 1179 1636 foederata
1231 1571 1490 1660 >Belgica
1555 1551 1615 1643 ,‚
1672 1592 1802 1633 non
1849 1550 2027 1632 utin
2076 1567 2353 1663 finitimis

225 1677 575 1769 regionibus
603 1724 623 1752 ,
683 1701 840 1769 quae
888 1678 1002 1746 hac
1048 1680 1236 1747 laude·
1274 1689 1601 1774 praecipue
1650 1681 1984 1747 floruerunt
2033 1681 2294 1747 antehac
2325 1680 2357 1748 »ἶ

228 1788 296 1855 fit
374 1795 634 1884 stirpitus
699 1797 1053 1862 extinctum.
1179 1794 1480 1885 Equidem
1542 1813 1608 1859 ut
1671 1792 1825 1857 mihi
1873 1792 2031 1858 duco
2075 1792 2356 1883 gloriae,

227 1907 393 1998 quod
429 1906 579 1969 olim
613 1925 786 1969 tanto
837 1907 1085 1972 doctore
1125 1960 1142 1988 ,
1195 1905 1402 1997 postea
1453 1931 1597 1972 vero
1646 1925 1943 1997 perpetuo
1991 1929 2170 1973 meae
2218 1909 2350 1975 lau-

229 2021 316 2086 dis
351 2018 617 2093 fautore,
669 2022 996 2109 amicoque
1045 2019 1365 2087 certiffimo
1415 2017 1525 2085 fim
1571 2018 1751 2086 usus:
1800 2016 1881 2084 fic
1928 2017 2165 2110 semper
2220 2027 2351 2114 ejus

229 2137 533 2199 memoria
578 2129 732 2197 mihi
779 2138 891 2198 erit
935 2127 1142 2198 sancta
1168 2178 1186 2208 ‚
1270 2142 1333 2201 &
1380 2131 1651 2226 religiose
1700 2131 1950 2207 coletur.
2047 2137 2353 2225 Irrepara-

230 2245 422 2312 bilem
470 2265 672 2310 autem
712 2250 1016 2334 jacturam
1050 2294 1069 2321 2
1115 2270 1304 2340 quam
1335 2253 1399 2313 in
1449 2252 1574 2338 ejus
1624 2265 1821 2315 morte
1851 2268 2046 2337 nuper
2076 2245 2224 2313 fecit
2259 2271 2352 2314 res

232 2360 521 2424 litteraria
555 2411 574 2441 ,
654 2383 971 2453 nunquam
1038 2358 1173 2426 satis
1210 2361 1538 2451 ,deplorare
1586 2378 1909 2452 poterunt,
1959 2344 2179 2451 ⁵quibus
2227 2364 2353 2449 ejus

236 2469 385 2538 salus
446 2471 529 2536 est
578 2474 758 2537 cordi.
887 2476 1001 2541 Sed
1052 2472 1533 2541 excellentiffimi
1592 2479 1706 2539 viri
1759 2474 1963 2540 lau-des
2011 2496 2141 2538 non
2209 2470 2353 2536 sunt·

233 2600 269 2644 εν
302 2594 464 2658 παρόδῳ
512 2582 925 2653 recensendae.
1023 2587 1288 2652 Dabitur
1334 2588 1477 2653 alia-s
1517 2639 1536 2669 ‚
1624 2584 1797 2678 spero
1831 2638 1850 2668 ‚
1901 2584 1976 2649 de
2007 2589 2129 2673 ejus
2161 2587 2353 2648 virtu-

238 2695 394 2761 tibus
429 2696 771 2792 meritisque
804 2700 1044 2766 dicendi
1079 2700 1246 2765 locus
1281 2698 1687 2766 commodior.
1787 2702 2354 2779 Qantum'contu-

237 2808 370 2873 lerit
414 2811 486 2873 ad
536 2810 698 2876 hanc
749 2816 1081 2880 editionem
1113 2818 1383 2879 Suetonii
1433 2811 1898 2903 expoliendam,
1933 2807 2113 2873 facile
2146 2831 2256 2898 per
2291 2828 2352 2874 te

240 2919 535 3010 intelliges
565 2977 583 3004 ,
650 2923 752 2989 ubi
801 2951 936 2994 eam
990 2925 1330 3019 inspexeris,
1425 2929 1642 2991 Meum
1669 2922 1927 2989 studium
1963 2925 2027 2985 in
2063 2920 2166 2985 illa
2196 2944 2349 2985 con-

239 3017 546 3099 cinnanda
594 3038 926 3127 plurimum
987 3041 1349 3131 adjuvarunt
1395 3057 1676 3129 excerpta
1721 3034 1970 3101 Codicis*
2015 3037 2347 3101 Memmia-

573 3164 576 3166 ’
2236 3168 2339 3221 111,
