2504 3425
740 174 1051 230 No‘rAE

1126 190 1226 226 iu
1302 169 1848 223 CAESAREM.

2280 178 2309 234 5

164 272 277 319 tibus
296 272 408 328 aliis»,
442 288 540 319 meo
559 271 735 335 quidem
755 272 916 330 judicio
936 270 1111 333 optime.
1144 269 1215 314 En
1284 265 1526 329 quempiam
1549 262 1725 308 divitem
1757 259 2022 314 habendum,
2057 261 2130 320 qui
2165 277 2307 305 annuo

173 352 398 410 nummum
413 354 541 400 quem
552 339 651 383 citat
684 336 807 395 hujus
830 332 1120 381 controverfiae
1144 338 1214 390 ju-

173 399 335 527 chicem,
374 404 417 451 in
445 419 533 466 quo
557 399 780 449 manifeste
804 402 957 464 legitur
981 401 1213 447 Verrius

207 480 360 514 uDEx.

243 983 343 1041 Pag.
361 991 431 1038 25.
467 980 566 1019 Cum
580 972 756 1021 Bibulo]
793 966 914 1012 Istius
938 961 1219 1008 Bibulinum-

181 1060 299 1090 mum
322 1040 452 1086 edidit
474 1036 648 1100 quidem
686 1033 887 1078 Goltzius
910 1063 922 1083 ‚
972 1026 1022 1070 ad
1060 1040 1220 1069 annum

179 1112 239 1154 V.
256 1106 311 1152 C.
345 1115 570 1149 Dcxcin
586 1117 621 1145 1.
657 1097 841 1143 Utinam
864 1094 989 1138 illum
1026 1093 1071 1135 δε
1109 1089 1220 1134 alios

177 1172 231 1219 ab
254 1169 404 1216 eodem
427 1165 613 1219 affertos,
648 1176 716 1206 aut
739 1156 976 1205 vidissemus
1003 1189 1015 1209 ,
1050 1166 1119 1198 aut
1143 1169 1222 1198 an-

178 1237 356 1300 tiquitus
375 1230 575 1296 signatos,
610 1243 688 1290 pro
712 1236 930 1286 comperto
947 1217 1221 1264 haberemus:

173 1317 301 1365 quam
326 1298 514 1361 proxime
537 1308 647 1338 certe
669 1289 719 1337 ad
750 1289 950 1349 antiquos
984 1281 1190 1328 accedunt
1207 1314 1221 1336 ,

178 1366 265 1414 five
287 1361 570 1409 eruditionem
602 1354 757 1419 spectes
776 1389 789 1408 ‚
833 1351 914 1397 sive
957 1344 1217 1399 industriam.

179 1429 263 1477 Sed
285 1429 336 1474 de
359 1425 425 1470 his
443 1421 571 1468 fufius
594 1423 638 1465 in
664 1415 913 1463 Praefatione
944 1413 1104 1457 aestum.

245 1497 346 1554 Pag.
363 1506 435 1547 29.
474 1490 520 1531 L.
539 1480 859 1535 LucullayHic
884 1478 953 1523 ille
980 1476 1039 1520 est
1065 1473 1222 1520 Lucul-

180 1558 271 1614 lus,
295 1556 369 1620 qui
392 1550 636 1598 Mithridate
657 1552 700 1593 δε
727 1546 918 1607 Tigrane
935 1576 948 1596 ‚
985 1541 1087 1584 mira
1121 1536 1219 1583 feli-

180 1625 333 1677 citate,
370 1616 588 1679 superatis,
623 1625 755 1657 tantas
780 1624 881 1670 opes
900 1615 1138 1668 paraverat,
1173 1615 1219 1646 ut

181 1687 309 1742 inde,
343 1682 394 1728 ad
417 1674 701 1739 sumptuosam
736 1674 865 1730 vitam
885 1667 1136 1722 conversus,
1172 1666 1216 1710 in

181 1750 289 1798 aedes
311 1784 322 1802 ,
358 1742 636 1791 bibliothecas
671 1756 716 1784 ac
742 1736 928 1800 praetoria
952 1729 1216 1785 exstruenda,

182 1817 230 1863 in
255 1813 371 1862 villas
393 1805 619 1869 hortosque
652 1803 788 1848 omni·
808 1799 1022 1863 signorum
1057 1794 1217 1839 tabula-

182 1893 360 1941 rumque
392 1887 546 1937 genere
582 1865 844 1915 exornandos
870 1898 883 1919 ,
918 1859 1214 1907 incredibilem

180 1945 270 1992 auri
294 1942 382 1990 vim
405 1934 654 2001 profuderit.
713 1930 831 1975 Cum
863 1926 1033 1972 interim
1070 1925 1215 1986 quoti-

179 2009 308 2056 diano
332 2004 549 2068 epularum
569 2009 757 2061 apparatu
772 1994 860 2039 fere
883 1992 928 2036 in
943 1986 1217 2052 proverbium

180 2074 357 2122 veniret.
425 2062 693 2114 HacLuculli
717 2056 857 2120 effigie
873 2092 884 2112 ‚
918 2051 1105 2113 ejusdem
1129 2052 1218 2096 lau-

182 2139 320 2185 titiam
343 2132 572 2196 exprimere
595 2121 765 2173 voluisse
787 2122 943 2183 opinor
960 2116 1220 2179 sculptorem

181 2201 366 2255 Italum,
399 2194 589 2261 quisquis
621 2189 792 2235 demum
841 2183 967 2229 istum
1003 2196 1224 2226 nummum

182 2265 318 2312 finxit.
354 2260 615 2322 Imperitiam
635 2267 742 2299 certe
766 2249 921 2296 Latinae
943 2247 1097 2309 linguae
1135 2258 1221 2288 tur-

187 2331 294 2394 piter
314 2323 521 2389 prodidit,
554 2317 722 2364 dumC
758 2315 937 2359 litteram
962 2317 1016 2372 τῷ
1054 2312 1080 2354 S
1120 2315 1236 2370 prae-⁹

188 2392 299 2440 misit
310 2427 322 2447 ,
350 2387 506 2452 quibus
520 2398 664 2429 notam
677 2373 1016 2424 senatusconsulti
1027 2371 1220 2435 designa-

190 2477 234 2507 re
255 2455 339 2502 sine
364 2452 496 2498 dubio
519 2447 673 2494 mittit:
699 2441 914 2488 necenim
930 2442 1022 2486 alio
1044 2435 1221 2483 confilio

194 2522 352 2570 factum
376 2515 492 2563 fuisse
505 2548 518 2568 ,
543 2510 750 2557 arbitror..

262 3072 452 3127 pag-32.
487 3062 708 3121 Craffizm.]
755 3056 820 3101 M.
845 3049 1009 3098 Crassus
1029 3049 1225 3094 omnium

196 3136 492 3194 Rornanorum
529 3123 613 3172 fuit
644 3120 864 3171 ditissimus
883 3153 896 3177 ,
932 3112 1224 3180 negabatque‚

1243 2321 1262 3125 l

1276 330 1412 377 reditu
1432 329 1658 375 exercitum
1679 326 1784 370 alere
1808 341 1896 369 non
1921 321 2049 385 posset
2077 342 2087 368 :
2137 323 2304 368 tandem

1275 396 1319 440 in
1342 392 1614 455 expeditione
1639 387 1826 436 Parthica
1849 387 1994 433 misere
2014 386 2306 440 occubuit,de

1274 476 1361 522 quo
1387 454 1628 503 Plutarchus
1658 459 1702 499 &
1722 454 1956 515 Appianas.
2000 453 2168 496 Faciem
2195 455 2308 506 ejus,

1275 525 1318 567 in
1343 522 1525 584 antiquis
1548 517 1806 564 numismatis
1834 533 1921 562 non
1940 514 2165 561 exstantem
2180 549 2193 570 ,
2231 512 2307 559 sibi

1273 585 1396 631 finxit
1430 583 1552 642 hujus
1580 581 1776 644 scalpt0r‚
1812 597 1942 643 quem
1976 579 2073 626 ideo
2105 594 2302 642 apponO,

1276 667 1327 697 ne
1360 667 1437 713 pro
1470 649 1645 711 antiquo
1677 645 1934 692 obtrudatur.

1339 1235 1438 1294 Pag.
1454 1245 1474 1292 3
1490 1241 1526 1289 ς.
1562 1226 1758 1277 Titurio]
1790 1217 2169 1282 Ejusfrequentem
2184 1232 2305 1261 men-

1274 1296 1441 1340 tionem
1465 1292 1627 1338 faciunt
1654 1286 1791 1335 Caesar
1808 1284 1886 1331 lib.
1905 1301 1946 1346 3.
1982 1283 2033 1328 de
2055 1282 2153 1327 bell.
2191 1282 2306 1326 Gali.

1274 1359 1432 1406 Cicero
1453 1361 1496 1402 &
1517 1355 1679 1400 Florus.
1747 1353 1989 1396 T1TUR1AE
2014 1347 2154 1410 gentis
2180 1362 2202 1389 e
2231 1348 2307 1389 Sa·

1272 1422 1384 1469 binis
1407 1435 1504 1468 ortae
1529 1419 1666 1482 plures
1679 1417 1842 1462 nummi
1858 1412 2018 1458 exstant
2046 1413 2090 1456 in
2113 1411 2303 1453 Familiz's

1271 1492 1386 1533 Rom.
1426 1503 1522 1554 pag.
1563 1482 1664 1540 278.
1732 1478 1790 1524 ob
1825 1480 2057 1539 Tarpejam
2094 1474 2306 1535 virginem

1271 1566 1517 1616 raptumque
1542 1547 1789 1593 Sabinarum
1815 1542 1909 1588 satis
1931 1537 2189 1602 speciabiles.

1339 1621 1523 1679 Pag.45.
1558 1612 1742 1673 Afranio
1772 1618 1834 1654 ἔφ’
1858 1608 1934 1651 M.
1950 1608 2173 1655 Varrone.]
2217 1601 2311 1645 an

1267 1699 1361 1728 rum
1394 1693 1593 1726 nummos
1635 1672 1840 1719 exhibent
1871 1675 1990 1715 Fam.
2043 1671 2160 1712 Rom.
2208 1666 2303 1722 Qui

1267 1748 1382 1810 quod
1401 1744 1468 1790 vel
1490 1738 1713 1802 effigiebus
1736 1748 1929 1789 careant,
1964 1727 2151 1777 velnihil
2186 1727 2305 1773 inso-

1267 1813 1332 1858 liti
1355 1807 1601 1860 exhibeant,
1637 1822 1658 1848 a
1672 1800 1797 1847 nobis
1810 1797 1956 1860 sponte
1977 1794 2306 1856 praetermittun-

1268 1891 1358 1923 tur:
1395 1887 1536 1936 neque
1564 1869 1679 1915 enim
1703 1880 1877 1917 omnes,
1903 1874 2086 1923 quorum
2123 1858 2303 1904 nomina

1268 1943 1434 1988 Aufior
1469 1932 1618 1987 refert,
1655 1931 1884 1991 exprimere
1919 1924 2083 1969 animus
2116 1919 2190 1966 est.

1335 2006 1522 2068 I>ag.46.
1558 1999 1627 2044 De
1649 1994 1895 2042 Pharnace]
1927 1989 2014 2034 Hic
2038 1982 2194 2048 patrem
2210 1986 2304 2031 Mi*

1269 2070 1490 2117 thridatem
1529 2079 1552 2107 a
1570 2062 1777 2121 Pompejo
1798 2056 1957 2102 vietum
1981 2053 2027 2096 in
2042 2051 2154 2113 regia
2177 2047 2303 2095 obse-

1274 2136 1334 2182 dit
1351 2141 1395 2181 &
1425 2131 1475 2178 ad
1499 2141 1649 2174 necem
1672 2122 1936 2186 spontaneam
1949 2114 2166 2176 compulit.
2202 2115 2303 2158 Da

1270 2199 1367 2246 inde
1391 2213 1489 2245 cum
1524 2196 1676 2249 majore
1712 2186 1846 2232 civilis
1878 2183 1978 2231 belli
2005 2214 2020 2235 ,
2058 2177 2173 2240 quod
2207 2191 2316 2223 tum.
2348 2216 2351 2218 .

1276 2267 1385 2312 inter
1420 2256 1623 2308 Caesarem
1659 2257 1701 2298 δέ
1732 2250 1923 2310 Pompeji
1947 2245 2102 2290 liberos
2120 2241 2300 2304 gereba-

1272 2344 1363 2387 tur,
1385 2344 1511 2392 quam
1535 2319 1791 2384 propriarum
1805 2313 1958 2358 virium
1971 2307 2148 2360 fiducia,
2180 2306 2298 2367 Cap-

1271 2395 1487 2459 padociam
1509 2382 1732 2435 invasisset,
1768 2395 1789 2423 a
1814 2374 1973 2423 Caesare
2000 2371 2216 2429 celerrime
2231 2373 2297 2415 vi-

1271 2462 1360 2506 &us
1372 2457 1443 2506 est.
1471 2458 1622 2502 Rnols
1643 2447 1821 2492 Mrem
1852 2446 2148 2486 PHARNAcis
2164 2451 2294 2479 num-

1272 2543 1389 2571 mum
1413 2522 1481 2568 hic
1515 2516 1641 2563 habes
1664 2547 1677 2567 ,
1719 2524 1848 2572 quem
1882 2520 2006 2568 porro
2038 2498 2313 2546 Mithridatis*

1273 2589 1408 2636 filium
1432 2602 1521 2632 non
1553 2579 1734 2641 opinor,
1768 2589 1867 2617 cum
1900 2569 2012 2614 hunc
2051 2566 2290 2610 MAGNUM

1273 2652 1621 2718 cognominatum
1641 2656 1728 2686 non
1754 2639 1888 2700 legam
1910 2630 2018 2695 apud
2042 2627 2307 2675 Strabonem-

1274 2720 1348 2766 lib.
1369 2737 1386 2765 1
1401 2720 1492 2764 L&
1515 2732 1531 2759 1
1547 2727 1583 2754 2.
1618 2704 1864 2766 Appianum
1879 2735 1891 2755 ‚
1926 2698 1976 2743 de
1995 2694 2093 2740 bell.
2139 2691 2288 2737 Mithr.

1278 2789 1322 2830 &
1346 2784 1395 2828 de
1417 2780 1514 2828 bell.
1541 2774 1653 2822 civil.
1675 2766 1768 2813 libr.
1784 2783 1822 2811 2.
1857 2760 2041 2824 aliosque
2064 2759 2137 2821 qui
2160 2757 2211 2801 de
2236 2772 2289 2802 eo
2312 2805 2318 2808 x

1273 2846 1528 2910 scripserunt.
1562 2836 1735 2884 Mallem
1749 2829 1797 2875 ad
1812 2830 1991 2891 priorem
2006 2822 2260 2870 Pharnacem
2275 2853 2289 2871 ,

1276 2912 1326 2958 de
1344 2928 1431 2975 quo
1454 2910 1508 2957 sic
1532 2902 1693 2951 Plinius
1721 2893 1794 2940 lib.
1811 2908 1884 2957 33.
1905 2907 1992 2953 cap.
2012 2902 2080 2934 12.
2116 2888 2292 2948 Argenti

1275 2980 1380 3038 ufitm
1421 2978 1463 3018 in
1500 2972 1643 3028 statuas
1676 2963 1849 3028 primum
1881 2956 1937 3002 ad
1968 2955 2147 3000 honorem
2179 2952 2292 2994 Divi

1276 3039 1445 3104 Augusti
1489 3040 1530 3080 in
1576 3031 1838 3076 adulationem
1878 3034 2088 3087 temporum
2130 3014 2289 3072 tnmsttyb

1270 3107 1369 3170 falfi]
1394 3101 1642 3166 cnrfflznaztnr.
1678 3094 1786 3151 Jam
1806 3090 1909 3134 enim
1930 3080 2119 3148 triumpho
2131 3079 2289 3135 qum·

1630 3162 1672 3206 A
1714 3174 1732 3219 3
2172 3145 2317 3197 Pmssi*
