2504 3425
362 118 1095 250 LECTORI.
1159 109 2063 228 BENEVOLO
2104 85 2235 224 ὃς

726 416 1052 512 Omplures
1102 421 1260 482 anniv
1298 412 1435 479 sunt
1477 413 1660 506 elapfi
1696 469 1714 498 ,
1764 436 1904 480 cum
1941 410 2360 502 typographus

769 532 1166 602 deliberatum
1203 526 1455 594 haberet
1497 532 1853 593 Suetonium
1889 545 2044 588 cum
2080 527 2363 589 Laevinii

526 514 535 520 .,
584 487 693 529 f„

271 530 303 552 «
387 494 693 593 fatae

588 660 592 667 r
645 604 714 667 x?

528 645 535 648 ²
714 728 724 733 „
768 650 1090 717 Torrentii
1123 638 1625 710 annotationibus
1658 689 1678 717 ,
1724 662 1881 734 quae
1914 636 2142 729 saepius
2179 661 2212 713 a
2246 636 2364 704 stu-

340 799 351 820 r
581 749 586 752 ³
641 792 645 800 2
689 811 697 821 ‚
770 757 943 827 diofis
1004 756 1360 851 politiorum
1425 754 1762 819 litterarum
1816 748 2309 815 desiderabantur
2343 802 2362 831 ,

544 857 618 891 st
763 869 1091 962 publicare
1207 868 1477 957 lniquior
1525 867 1590 927 in
1658 865 2061 928 Torrentium
2116 859 2228 926 fuit
2277 860 2365 933 V.

754 978 850 1044 Cl.
905 981 1197 1041 Octavius
1243 978 1540 1039 Ferrarius
1574 1026 1593 1056 ‚
1645 999 1782 1038 cum
1820 996 1958 1036 eum
2013 968 2370 1062 compilasse-

239 1078 517 1144 Beroaldi
556 1089 613 1145 ὃς
644 1087 884 1176 Egnatii
920 1085 1134 1152 scrinia
1166 1089 1541 1149 criminatur.
1661 1079 1774 1147 Etfi
1813 1107 1940 1146 non
1970 1082 2133 1145 nulla
2165 1086 2234 1146 iis
2266 1082 2371 1146 de-

241 1187 383 1253 beat
416 1189 608 1274 forte,
660 1203 961 1288 praecipue
992 1198 1067 1262 ad
1112 1204 1471 1262 Romanum
1505 1190 1783 1257 vestitum
1822 1191 2186 1283 spectantia,
2239 1213 2369 1260 tam

241 1301 434 1365 multa
481 1321 689 1369 tamen
723 1316 783 1371 &
831 1328 958 1374 tam
991 1307 1300 1398 praeclara
1334 1329 1408 1368 ex
1441 1308 1798 1368 interiorum
1832 1304 2168 1372 litterarum
2203 1330 2369 1397 penu

242 1411 566 1502 depromta
597 1424 834 1482 notavit
867 1473 884 1502 ,
936 1443 1089 1510 quae
1124 1425 1191 1483 iis
1240 1440 1556 1511 nunquam
1608 1423 1672 1482 in
1709 1439 1985 1485 mentem
2033 1422 2388 1503 venerunt,.

241 1544 308 1589 ut
347 1528 564 1587 merito
615 1525 825 1618 Lipfio
857 1575 873 1603 ,
941 1527 1309 1594 Casaubono
1342 1583 1360 1611 ,
1427 1526 1832 1620 omnibusque
1896 1529 2383 1619 elegantioribus-

241 1626 599 1693 hominibus
647 1630 878 1726 semper
927 1636 1150 1701 fuerint
1197 1638 1590 1709 admirationi
1624 1642 1776 1703 &in
1816 1638 2059 1703 deliciis.
2177 1639 2373 1729 Plagii

243 1733 392 1800 sane·
433 1738 689 1807 accusari
718 1750 862 1834 'jure
910 1772 1035 1811 non
1097 1746 1308 1838 potest.
1409 1747 1601 1833 Qod
1650 1755 1753 1842 qui
1806 1750 2046 1815 illorum
2087 1758 2145 1813 δε
2197 1748 2390 1839 hujus·
2465 1796 2471 1800 -

245 1858 761 1918 commentarium
825 1855 1143 1921 conferent
1209 1853 1386 1920 facile
1437 1851 1707 1944 liquebit.
1825 1858 1965 1918 Hoc
2027 1878 2175 1919 vero
2231 1879 2387 1920 cum

245 1977 490 2020 mecum
527 1959 1030 2028 communicasset
1062 1960 1377 2028 confilium
1412 1962 1831 2054 typographus
1882 2016 1899 2044 ‚
1951 1972 2162 2030 auctor
2198 1971 2250 2030 ei
2282 1955 2388 2029 fuis

246 2078 310 2123 ut
359 2071 418 2125 &
471 2065 815 2134 Casauboni
862 2078 1379 2137 commentarium
1428 2071 1642 2144 eadem
1695 2094 1880 2162 opera
1922 2074 2136 2163 praelis
2199 2098 2373 2138 com-

246 2175 549 2243 mitteret..
648 2179 923 2246 Verebar
956 2188 1122 2248 enim
1158 2236 1175 2265 ,
1244 2208 1320 2248 ne
1369 2181 1409 2246 fi
1444 2181 1595 2246 haec
1635 2180 1905 2273 glisceret
1936 2182 2149 2273 pesti8‚
2215 2210 2371 2277 quae

251 2303 416 2345 nunc
463 2304 590 2351 tam
640 2313 921 2379 proterve
956 2339 974 2365 ,
1043 2313 1294 2383 tamque
1340 2292 1590 2357 licenter
1623 2289 1913 2383 graffatur
1942 2299 2005 2359 in
2049 2295 2391 2361 doctorum*>

252 2388 582 2461 hominum
627 2399 1075 2467 lucubrationes
1107 2455 1124 2484 ‚
1191 2400 1462 2468 delibans
1512 2402 1652 2467 inde
1683 2451 1702 2478 ,
1765 2428 1919 2495 quae
1970 2405 2251 2497 cujusque
2281 2432 2373 2471 re-

252 2488 555 2584 spondent
586 2503 794 2594 palato
816 2559 833 2589 ‚
886 2512 989 2597 qui
1021 2504 1192 2598 saepe
1227 2533 1352 2576 non
1391 2518 1586 2603 magis
1618 2510 1764 2602 sapit
1797 2515 1872 2579 ad
1905 2514 2370 2607 exquisitissimas

257 2606 497 2676 delicias
532 2659 550 2686 ,
599 2640 787 2706 quam
833 2615 941 2682 suis
975 2617 1203 2685 occisae
1235 2674 1252 2702 ‚
1317 2620 1549 2687 resectis
1582 2624 1930 2690 melioribus
1966 2638 2024 2693 &
2070 2628 2317 2715 abjectis
2352 2680 2369 2709 ,

258 2716 590 2790 brevi'tam
629 2729 792 2794 docti
828 2741 887 2796 &
923 2732 1094 2798 utiles
1128 2733 1265 2799 libri
1304 2736 1486 2825 plane
1519 2737 1951 2804 interciderent
1979 2785 1998 2812 2
2045 2762 2117 2802 ac
2151 2763 2265 2828 pro
2299 2745 2368 2805 iis

262 2830 744 2925 relinquerentur
792 2840 1039 2911 exsucca
1088 2855 1146 2911 &
1190 2846 1348 2910 male
1399 2851 1539 2911 viva
1571 2852 1865 2916 cadavera
1896 2896 1913 2922 ,
1961 2875 2195 2940 magno
2228 2876 2369 2916 cum

262 2949 350 3009 rei
382 2946 703 3019 litterariae
736 2952 1120 3034 detrimentm
1220 2961 1350 3033 Vix
1382 2967 1547 3033 enim
1579 2961 1703 3054 ipsa
1734 2959 2036 3029 barbaries
2067 2972 2366 3059 majorem

2310 3090 2384 3150 ei-
