2504 3425
523 159 2102 260 DEDICATIO.

259 327 570 406 merciis
617 391 640 426 ‚
736 356 821 408 ac
870 326 1243 408 omnium
1277 354 1533 411 rerum
1567 329 1972 415 affluentia
2013 404 2037 439 ‚
2108 338 2366 423 indies

256 484 412 566 que
440 456 609 537 fieri
640 455 1112 570 copiosiores
1135 461 1221 546 &
1255 458 1745 546 florentiores
1765 531 1787 565 ,
1848 489 1938 549 ut
1966 498 2166 582 quae
2189 501 2368 559 ante

256 582 551 668 {tuerint
617 589 1036 695 lateritiae,
1098 621 1308 677 nunc
1366 590 1515 674 sint
1557 626 2060 683 marmoreae.
2177 605 2369 688 Hoc

256 742 498 796 nemo
537 712 1055 821 diffitebitur,
1115 729 1302 835 qui,
1361 745 1450 806 ut
1484 723 1585 806 de
1614 729 1782 824 aliis
1821 754 2157 841 taceam,
2197 738 2368 817 'Be-

255 838 604 921 rolinum
638 870 768 926 aut
806 848 1453 964 Magdeburgum
1488 860 1765 940 Tuum
1795 864 2029 946 vidit.
2147 866 2368 951 Haec

254 973 612 1082 inprimis
672 976 902 1060 Urbs
976 980 1073 1060 ab
1116 984 1263 1066 illo
1307 985 1750 1075 miserrimo
1830 997 2125 1080 excidii
2170 1023 2366 1083 tem·
2474 1099 2477 1101 Α

252 1121 444 1203 pore
470 1163 490 1197 ,
555 1128 732 1180 cum
752 1101 1093 1188 flammis
1119 1114 1207 1194 ὃς
1231 1110 1444 1198 ferro
1462 1149 1672 1206 anno
1692 1126 2089 1236 trigesimo
2105 1136 2367 1242 primo

248 1216 664 1332 superioris
694 1226 924 1314 seculi
961 1234 1348 1323 deleretur
1384 1246 1476 1328 &
1502 1276 1955 1361 aequaretur
1985 1250 2201 1346 solo,
2265 1257 2366 1341 ad

247 1351 525 1438 *Tuum
573 1359 811 1473 usqne
845 1359 1190 1453 seculum
1245 1375 1329 1452 in
1364 1380 1765 1485 parietinis
1813 1384 1903 1467 δί
1949 1385 2359 1470 ruderibus

252 1479 495 1575 jacuit
528 1553 550 1586 ,
630 1518 839 1570 nunc
899 1524 1095 1580 Vero
1156 1501 1359 1582 Tuis
1431 1510 1783 1619 auspiciis
1827 1518 1936 1593 ita
1992 1518 2208 1630 quasi
2245 1549 2359 1634 re-

245 1634 424 1703 nata
461 1614 606 1716 est,
677 1643 761 1699 ut
791 1650 1018 1733 caput
1058 1627 1285 1711 altius
1324 1634 1677 1740 tolleret,
1737 1670 1975 1753 quam
2005 1671 2353 1758 unquam
2402 1676 2403 1679 ’

249 1763 429 1820 ante
463 1741 609 1825 hac
644 1746 1092 1857 sustulerat,
1166 1770 1531 1872 quamvis
1580 1763 2211 1857 fortunatiffimis
2255 1779 2348 1861 &

245 1864 799 1980 superbissimis
865 1883 1232 1969 Urbibus
1289 1892 1753 1976 Germaniae
1788 1921 1965 1979 ante
2024 1895 2348 1986 fatalem

246 1995 480 2079 illum
515 2001 774 2087 casum
814 2037 1462 2100 annumeraretur.
1581 2022 2091 2109 CanitPoeta
2112 2033 2347 2114 Grae-
2459 2076 2464 2079 “

248 2154 380 2207 cus
446 2138 1034 2245 peringeniosus
1072 2211 1096 2244 ,
1194 2146 1520 2261 capillos
1578 2151 1992 2263 Apollinis
2042 2158 2348 2242 'stillare

245 2259 595 2366 quodam
652 2297 821 2350 rore
874 2272 1180 2359 salutari
1212 2346 1243 2377 ,,
1318 2284 1537 2381 cujus
1571 2307 1877 2392 guttam
1920 2354 1943 2387 ,
2025 2289 2349 2371 reddere

249 2402 570 2490 terram,
631 2396 715 2473 in
746 2426 1304 2516 quamcunque
1339 2406 1756 2501 deciderit,
1816 2410 2333 2517 uberrimam,

248 2532 336 2589 ut
358 2512 732 2598 omnibus
754 2520 982 2608 bonis
1016 2529 1299 2615 affluat.
1416 2540 1542 2618 De
1574 2539 1743 2639 Te,
1806 2543 1983 2623 Rex
2009 2544 2342 2652 Optime
2442 2561 2480 2621 I

251 2640 341 2719 23<
362 2642 855 2753 Remmiam,
919 2655 1110 2740 haec
1142 2692 1325 2745 Vera
1361 2666 1561 2750 sunt.
1681 2670 2106 2783 Qudquid
2147 2673 2338 2755 Tuo
2405 2707 2414 2720 ⁴

246 2760 656 2865 subjicitur
713 2779 1017 2895 sceptro
1077 2790 1298 2876 lactis
1359 2797 1773 2883 efflorescit
1806 2806 2328 2884 incrementis,

245 2895 470 2981 Nam
508 2906 699 2989 Tibi
745 2943 910 2996 non
961 2943 1271 3007 tantum
1322 2958 1546 3013 curae
1593 2934 1700 3014 est
1750 2931 1947 3016 Tibi
1979 2932 2328 3018 subditas

2057 3089 2324 3174 genlCCS
