2504 3425
229 158 458 229 Nora-2
500 174 579 227 ru
617 171 995 228 SUB-rona
1031 157 1461 226 'ILLusTREs-
1495 165 2086 225 GR‘AMMA-rmos
2142 175 2247 242 827

146 269 236 304 circa
252 267 401 304 mediam
418 266 556 304 noctem.
612 268 683 315 Qi
702 267 792 305 hunc
817 265 937 304 locum
968 264 1167 317 expenderit

145 318 354 360 accuratius,
381 316 479 353 facile
498 316 732 367 deprehendet
748 317 951 354 sententiam
982 328 1059 354 non·
1079 315 1166 353 ferre

145 367 182 402 τὶ
198 375 247 402 at.
289 365 426 417 Scripsit
447 369 644 406 Suetonius:
675 370 723 405 ad
741 368 895 404 mediam
912 370 1051 404 nollem.
1080 367 1169 404 circa

147 415 196 453 est
211 418 446 466 interpretatio
463 418 511 455 τέ
524 419 581 456 ud.
609 419 703 469 quod
721 431 801 456 cum
819 419 854 456 in
874 429 1074 455 contextum
1091 418 1170 454 irre-

123 464 210 516 'psit
228 495 239 510 ‚
288 469 335 503 ad
366 479 536 504 mutatum
561 468 609 506 est
633 471 668 506 in
685 480 736 509 at.
793 470 857 505 Ad
874 469 1026 505 mediam
1044 471 1172 504 nobiem

144 515 320 555 dicebatur
337 530 475 568 tempus
490 519 585 568 quod
609 517 836 568 intempestam
864 519 1063 567 sequebatur
1088 547 1099 562 ,
1136 520 1173 554 &

144 568 295 604 mediam
313 572 439 604 noctem
459 569 687 618 praecedebat-
745 567 952 605 Censorinus
975 568 1020 605 de
1040 569 1094 605 die
1116 580 1174 604 na-

145 616 204 653 tali
224 629 298 666 cap.
313 632 368 664 24.
399 620 531 655 Exinde
550 618 741 668 intempesta
753 647 764 662 ‚
793 619 830 654 id
848 619 889 665 est
904 646 915 662 ,
941 619 1058 655 multu
1083 630 1149 653 nox
1161 645 1172 660 ,

145 679 216 716 qua
234 669 322 703 nihil
342 669 398 717 agi
416 669 651 716 tempestivum
669 669 711 716 est
734 684 744 703 :
782 680 861 704 tunc
884 670 930 704 acl
949 670 1098 704 medium
1114 680 1174 723 no-

145 719 230 753 clem
249 719 398 755 dicitur:
428 717 480 761 Εἴ
493 720 538 766 sic
547 720 659 755 media
679 732 755 755 nox.
815 720 867 755 Sic
887 719 982 755 &ad
998 718 1172 755 meridiem

142 766 192 803 est
212 780 348 819 teinpus
366 798 376 812 ‚
413 769 507 818 quod
534 769 716 806 meridiem
744 767 978 805 antecedebat.

136 817 207 865 post
225 819 283 854 hoc
303 819 351 855 ad
366 820 540 855 meridiem
558 848 570 863 ,
604 830 684 856 tunc
703 819 868 856 meridies.
928 822 970 854 In
999 818 1064 861 Jul.
1097 828 1171 865 cap.

147 881 203 911 31.
232 869 294 904 Ad
311 869 417 905 lucem
435 871 516 906 duce
532 878 667 917 reperto.
699 872 733 904 in
752 869 885 904 Domit.
908 879 982 917 cap.
1014 867 1172 917 sequente

147 931 201 963 17.
230 919 293 954 Ad
315 919 421 967 ipsafn
446 919 566 954 horam
592 918 741 954 dolonem
771 918 936 964 interjecit
988 915 1059 960 (fic
1078 917 1173 953 enim

141 966 330 1015 legendum
349 982 430 1006 cum
448 971 600 1004 Fen-ario
609 967 627 1012 )
657 966 704 1003 est
721 967 807 1003 circa
820 967 928 1016 ipsam
938 965 1061 1002 horam
1075 970 1099 1009 ,'
1115 965 1173 1003 sub

143 1010 253 1066 ipsam
274 1018 406 1056 horam.
469 1018 564 1054 Nihil
582 1018 646 1053 huc
670 1019 841 1066 pertinent
856 1029 932 1065 quae
953 1018 1085 1053 notavit
1104 1016 1176 1053 Sal-

144 1067 285 1105 masius.
329 1082 400 1104 non
428 1069 523 1104 enirn
546 1067 676 1103 dietum
698 1066 745 1103 est
768 1077 803 1102 ut
824 1068 871 1101 ad
883 1068 1041 1114 praesens,
1079 1080 1148 1117 quo

144 1117 243 1154 idem
269 1118 316 1154 est
339 1131 378 1156 ac
395 1120 431 1154 in
452 1117 604 1167 praesenti
626 1145 638 1160 ,
683 1115 740 1153 sed
759 1129 793 1154 ut
810 1115 947 1154 inferius
964 1118 999 1154 in
1017 1129 1091 1167 cap.
1114 1131 1168 1154 21.

142 1169 208 1204 Ad
226 1168 346 1204 horam
371 1167 478 1214 fiamni
504 1168 593 1204 nihil
622 1167 719 1203 aliud
742 1180 850 1216 quam
871 1167 994 1214 secreto
1018 1168 1171 1217 ambula·

142 1217 214 1253 bat.
243 1219 330 1254 Caes.
353 1217 411 1255 lib.
429 1232 457 1256 π.
486 1217 620 1255 deBell.
649 1218 728 1255 Civ.
755 1233 784 1260 3.
823 1217 921 1267 Mtſjo
935 1219 985 1254 ud
998 1218 1172 1267 vesperum

133 1266 274 1316 senatu.
334 1267 433 1307 Aliud
453 1281 538 1306 vero
564 1267 612 1305 est
639 1269 674 1305 in
695 1268 806 1318 Calig.
833 1281 861 1305 c.
879 1282 936 1314 45.
976 1269 1022 1304 ad
1039 1269 1172 1306 luminu

143 1318 296 1366 reversus
311 1347 323 1361 ,
359 1318 455 1369 quod
478 1321 528 1357 vir
545 1319 700 1356 summus
729 1330 912 1369 perperam
935 1320 1171 1369 interpretatur

143 1368 231 1405 circa
247 1368 325 1405 illud
342 1381 478 1420 tempus
495 1383 565 1420 quo
584 1369 728 1406 lucerna:
750 1369 1000 1413 accenduntur,
1028 1371 1094 1408 hoc
1107 1373 1171 1408 La-

142 1419 221 1456 tinis
246 1419 364 1456 dicitur
385 1420 568 1456 luminibus
583 1419 742 1468 accenfis,
772 1431 828 1456 aut
842 1421 1050 1467 primnface.
1110 1424 1172 1458 Ad

140 1467 278 1505 lumina
294 1471 422 1506 reverti
437 1471 485 1506 est
503 1469 653 1507 accensss
671 1475 707 1508 ὃ(
724 1470 867 1522 praelatis
885 1469 1015 1508 facibus
1029 1474 1170 1516 reverti,

144 1520 229 1555 utin
247 1519 312 1562 Jul.
343 1521 391 1555 ad
409 1519 543 1556 lumina
566 1520 714 1563 ascendit
730 1521 939 1569 Capitolium
954 1550 966 1564 ‚
995 1535 1070 1571 quae
1090 1522 1173 1560 scili-

144 1579 199 1605 cet
215 1582 295 1606 cum
313 1568 509 1618 lychnuchis
527 1571 705 1622 gestabant
722 1571 944 1622 quadraginta
964 1572 1144 1623 elephanti.

204 1633 257 1663 ¹7·
288 1621 390 1656 Modo
405 1621 542 1666 ferrum
562 1632 782 1670 extorquere,
819 1624 935 1665 modo,
971 1636 1170 1673 quanquam

144 1668 286 1705 laniatis
302 1670 436 1718 digitu,
466 1672 569 1708 oculos
589 1672 722 1720 effodere
740 1674 933 1719 conatum]
967 1672 1090 1710 Codex
1104 1674 1171 1712 Sal-

145 1718 231 1756 mas}
261 1719 346 1756 dum
366 1722 461 1757 modo
475 1723 612 1767 serrum
628 1733 830 1772 extorquere.
861 1723 937 1773 lege
946 1736 1025 1759 cum
1037 1725 1173 1762 Rober-

146 1780 184 1806 to
202 1769 399 1819 Stephano,
434 1771 603 1820 probante
618 1772 854 1820 Salmaliano,
894 1775 976 1809 (lum
993 1776 1088 1811 modo
1100 1777 1174 1820 Jer-

145 1832 223 1856 rum
246 1829 438 1870 extorquere
457 1850 468 1865 ,
503 1825 598 1867 modo
617 1851 628 1867 ‚
666 1835 864 1873 quanquam
878 1824 1020 1860 laniatis
1037 1825 1169 1873 digitis,

145 1869 250 1907 oculos
269 1869 404 1920 effodere
422 1883 574 1911 conatur.

207 1928 258 1958 18.
288 1928 357 1958 Hoc
376 1922 481 1959 etiam
502 1924 599 1960 illum
607 1922 715 1971 fimul
726 1923 828 1973 ftque
845 1924 1019 1973 consolans.
1036 1924 1051 1973 ]
1101 1928 1175 1963 Co-

146 1967 212 2007 dex
229 1970 370 2010 Salmafi
409 1972 491 2009 Pan.
528 1973 674 2012 Robert.
717 1976 836 2024 Steph.
862 1975 923 2012 hoc
941 1976 1045 2011 etiam
1066 1974 1172 2023 simul

143 2020 242 2058 illum
254 2022 355 2072 seque
374 2023 553 2071 confhlans.
583 2025 724 2063 Salmas.
755 2027 859 2062 etiam
879 2025 940 2061 hec
965 2039 1026 2075 pro
1044 2026 1114 2064 hoc.

201 2074 334 2109 Eadem
354 2087 408 2110 me
427 2085 544 2110 tumen
562 2087 701 2112 manent
720 2077 914 2124 capillorum
919 2074 1041 2123 fana]
1073 2080 1173 2114 V.C.

146 2123 268 2160 festius
285 2136 393 2174 quam
410 2126 444 2160 in
463 2125 608 2174 vulgatis
627 2141 636 2162 ε
682 2128 798 2162 eadem
819 2137 936 2162 tamen
963 2138 1104 2163 manent
1122 2140 1175 2163 me

146 2185 223 2209 cum
239 2173 353 2220 capillo
373 2175 461 2215 futu.
518 2179 550 2212 F.
585 2174 737 2214 Urlinus.
764 2176 820 2212 sed
837 2177 904 2213 hoc
924 2177 1088 2214 Latinitas
1105 2191 1175 2214 non

147 2220 224 2259 fert.
282 2225 482 2262 Dicendum
506 2223 604 2263 esset:
630 2228 747 2263 eadem
765 2238 880 2262 tumen
899 2238 1039 2262 manent
1054 2241 1108 2263 me
1120 2241 1174 2264 cu-

140 2271 226 2319 pillo
236 2273 333 2318 suta.
362 2276 477 2311 eadem
497 2276 632 2323 capillo,
660 2276 706 2313 est
727 2277 850 2313 eadem
872 2290 947 2325 quoe
963 2276 1098 2314 fuet-nm
1119 2290 1175 2314 ca-

149 2321 232 2367 pillo
253 2320 331 2359 fata.
388 2325 519 2360 Eadem
538 2339 613 2360 eum
632 2327 749 2374 capillo
766 2340 838 2364 nou
848 2327 894 2363 est
907 2328 1018 2365 Latini
1034 2328 1170 2378 saporis.

146 2371 206 2409 sed
226 2372 362 2422 vulgata
381 2386 453 2410 non
470 2374 516 2411 est
535 2374 751 2414 sollicitanda.

210 2436 265 2466 ¹9·
299 2422 537 2472 Prehentisssjue
557 2433 614 2472 pro
624 2427 754 2474 scopo.]
788 2428 840 2464 Sic
858 2427 937 2476 lego
956 2441 1037 2465 cum
1056 2431 1089 2466 F.
1110 2432 1174 2466 Ur-

1046 767 1144 804 Idem
1164 780 1174 802 ε

152 2524 270 2573 inepte
291 2523 395 2572 vulgo
407 2524 547 2571 scopulo.

1434 326 1518 363 IN
1575 327 2046 367 ILLUSTRES

1330 402 2148 475 GRAMMATICO&

1280 530 1308 553 1.
1337 516 1409 565 Q?
1424 517 1527 554 iidem
1543 526 1635 566 poeto
1655 518 1707 562 Εἴ
1725 531 1868 557 oratores
1879 521 2094 572 semigraeci.]
2137 527 2247 562 Semiss

1222 568 1322 616 graeci
1347 568 1502 604 dicuntur
1521 597 1532 612 ‚
1584 571 1662 618 quia
1687 571 1803 608 Livius
1821 571 1882 608 fuit
1901 576 2026 610 Graccis
2055 576 2248 624 parentibus

1223 628 1322 652 natus
1339 645 1350 659 ‚
1380 629 1417 653 ut
1435 620 1506 663 ejus
1527 631 1658 655 nomen
1680 620 1836 658 ostendit.
1898 625 1988 660 Hinc
2005 628 2246 664 *Terentianus

1225 669 1361 702 Maurus
1379 666 1421 702 de
1440 669 1556 704 Metris
1571 683 1581 704 ε
1604 670 1723 706 Livius
1738 671 1793 706 ille
1811 682 1909 708 vetus
1921 676 2020 719 Grujo
2037 679 2222 724 cognomine
2236 692 2248 712 .-

1225 717 1352 752 Ennius
1367 729 1452 754 vero
1469 717 1682 768 semigraecus
1701 721 1838 764 dicitur,
1865 724 1942 772 quia
1957 719 2016 761 suit
2033 726 2069 761 in
2088 725 2249 764 Calabria

1225 776 1332 802 natus.
1388 766 1510 803 Rudiae
1530 770 1625 804 enim
1644 771 1715 814 ejus
1732 770 1779 807 est
1798 774 1912 819 patria.

1282 828 1312 851 z.
1338 816 1456 863 Missus
1476 818 1522 852 ad
1532 817 1725 867 senatum]
1757 824 1843 857 Non
1872 827 1920 859 est
1943 837 1978 861 ut
2005 839 2084 862 cum
2115 827 2247 865 Achille

1224 864 1328 902 addas
1346 865 1482 912 legatus.
1544 869 1643 903 Nam
1660 870 1794 904 mittere
1814 872 1902 921 saepe
1926 874 1972 910 est
1995 875 2146 920 legatum
2170 879 2248 915 mit-

1224 925 1306 951 tere.
1340 916 1450 954 Tacit.
1475 930 1502 952 1.
1529 916 1684 963 Hist.x74.
1717 920 1838 966 Rursus
1855 923 1901 956 acl
1912 919 2091 973 utrum—ciue
2106 932 2249 964 Germa-

1223 968 1337 1001 nicum
1353 967 1537 1002 exercitum
1554 966 1607 1009 εἴ
1628 970 1674 1002 ad
1692 966 1847 1016 legionem
1866 972 2021 1007 Italicam
2035 976 2135 1021 specie
2148 971 2249 1024 sena-

1223 1024 1276 1051 tus
1293 1014 1395 1063 mefit.
1441 1020 1580 1054 Sueten.
1632 1018 1720 1067 Aug.
1746 1033 1803 1064 44.
1841 1020 1895 1056 Sic
1917 1024 1953 1057 ὅ(
1972 1025 2081 1060 Graeci
2097 1026 2249 1070 πέμπει,

1225 1066 1436 1104 Matth.x11.
1451 1075 1503 1105 16.
1534 1071 1571 1104 ὅ(
1588 1067 1678 1105 alibi.

1275 1117 1389 1154 Latius
1408 1117 1639 1165 Archelaum
1669 1121 1765 1156 Cum
1788 1121 1824 1157 in
1838 1121 2088 1161 Mediolanensi
2099 1124 2250 1169 editione

1224 1165 1264 1203 sit
1282 1166 1398 1204 Lalius
1417 1168 1609 1212 Archias,-
1627 1169 1760 1208 videtur
1779 1170 1934 1221 scripfisse
1945 1176 2125 1212 Suetonius
2135 1176 2251 1213 Laelius

1224 1217 1404 1255 Archelas.
1435 1217 1517 1256 sicut
1535 1221 1629 1256 enim
1648 1220 1801 1258 dixerunt
1828 1222 1995 1271 Arcefilas
2013 1253 2026 1270 ,
2061 1228 2099 1263 δε
2119 1225 2250 1277 Arcefi-

1219 1268 1314 1312 laus,
1340 1266 1387 1305 sic
1413 1273 1450 1306 δε
1471 1269 1651 1314 archetas,
1679 1269 1731 1314 Εἴ
1753 1270 1952 1312 Archelaus.

1276 1334 1306 1363 3.
1338 1324 1466 1356 Lenaeus
1485 1318 1674 1371 Melissa]
1723 1324 1870 1358 Nomen
1889 1329 2019 1361 Lenaeus
2050 1338 2250 1377 corruptum

1222 1366 1286 1405 esse
1306 1369 1450 1407 censeo.·
1489 1375 1523 1408 Is
1543 1371 1637 1407 enim
1661 1369 1723 1407 fuit
1740 1375 1901 1423 Pompeii
1917 1374 2076 1421 libertus,
2101 1378 2250 1417 utdocet

1218 1418 1356 1457 inferius
1375 1432 1448 1471 cap.
1468 1430 1527 1466 15.
1560 1422 1651 1458 Hinc
1674 1425 1710 1457 δε
1728 1423 1837 1460 Plinio
1864 1424 1982 1461 dicitur
2002 1432 2168 1477 Pompejus
2189 1434 2251 1464 Le-

1218 1483 1311 1510 naeus.
1368 1471 1434 1508 Sed
1468 1471 1615 1520 Meliffus
1635 1470 1698 1509 fuit
1729 1473 1866 1511 libertus
1897 1478 2093 1514 Mecaenatis
2111 1506 2124 1521 ,
2171 1478 2249 1515 vide

1218 1533 1292 1570 cap.
1314 1535 1372 1558 21-
1422 1522 1631 1572 Legendum
1658 1523 1793 1560 Cilnim
1824 1525 1983 1574 MeliffW·
2052 1530 2150 1565 Nam
2175 1530 2250 1579 quis

1227 1572 1364 1621 ignorat
1383 1568 1611 1609 hiecaeitatent
1635 1572 1789 1611 Cilnium
1809 1573 1874 1612 esse
1889 1575 2033 1613 dietum.
2089 1579 2183 1615 Hinc
2210 1583 2249 1617 δε

1226 1622 1334 1658 Plinio
1356 1636 1440 1660 xxvi
1457 1638 1466 1659 1
1481 1638 1507 1660 1.
1520 1631 1554 1661 6.
1581 1635 1723 1661 vocatur
1741 1627 1914 1663 Mecaenas
1933 1626 2102 1665 Melissus:
2130 1634 2162 1664 Τ
2160 1631 2251 1665 rien*

1220 1673 1273 1708 nlo
1291 1678 1510 1710 Mecaenatem
1530 1674 1699 1722 Meliffiam
1720 1679 1901 1724 accepimus
1913 1675 2089 1726 filontium
2105 1677 2174 1727 fibi
2185 1679 2252 1715 im-

1217 1723 1337 1771 peraffe
1355 1752 1366 1766 ‚
1397 1736 1418 1758 a
1448 1722 1654 1772 convulfione
1679 1725 1811 1761 reddito
1829 1729 2006 1775 sanguine.
2065 1728 2132 1765 Sed
2158 1729 2250 1779 apud

1193 1811 1195 1818 ,
1221 1771 1370 1811 Gellium
1384 1802 1396 1817 ,
1424 1786 1495 1824 cap.
1510 1782 1542 1811 6.
1561 1774 1617 1811 lib.
1629 1787 1669 1812 x1
1684 1788 1732 1812 ιΧ.
1779 1776 1861 1814 alius
1879 1777 1927 1813 est
1944 1777 2055 1813 AElius
2074 1779 2248 1828 Meltffiu,

1219 1826 1281 1872 qui
1300 1825 1383 1862 vixit
1408 1837 1566 1875 tempore
1586 1825 1694 1862 Gellii.
1753 1829 1846 1864 Sicut
1865 1831 1903 1865 δε
1921 1827 2006 1864 alius
2023 1830 2171 1876 Melissus
2186 1828 2248 1866 fuit

1221 1874 1429 1922 illeSasnluqs
1450 1904 1463 1918 ‚
1502 1878 1596 1920 cuius
1612 1876 1718 1914 vitam
1745 1876 1915 1928 descripsit
1942 1880 2120 1926 Diogenes
2138 1907 2151 1922 ,
2190 1881 2250 1929 qui

1223 1925 1326 1974 longe
1344 1924 1405 1961 fuit
1425 1926 1583 1963 vetustior
1603 1941 1611 1962 :
1645 1926 1728 1963 alius
1745 1929 1896 1975 Meliffios
1915 1929 2076 1965 Euboicus
2091 1957 2104 1974 ,
2154 1932 2249 1979 cujus

1225 1976 1415 2026 Fulgentius
1433 1978 1595 2013 meminit
1618 1991 1671 2015 11.
1701 1977 1848 2026 Mythol·

1280 2042 1331 2065 11.
1363 2026 1557 2075 Miratur.]
1588 2027 1733 2076 Optime
1752 2030 1895 2075 Gujetus
1909 2029 2064 2067 miretur,

1280 2077 1478 2126 Tegula-sub
1499 2076 1605 2125 una.]
1652 2079 1794 2123 Gujetus
1823 2080 2016 2117 emendat:
2054 2079 2166 2130 tegula
2182 2080 2249 2130 sub

1223 2127 1308 2165 ima.
1367 2129 1472 2177 Qod
1498 2127 1575 2165 ferri
1596 2140 1667 2164 non
1691 2127 1801 2178 potest
1818 2159 1830 2173 ,
1874 2144 1956 2167 cum
1985 2132 2161 2168 coenacula
2184 2130 2250 2168 fint

1225 2179 1260 2214 in
1283 2178 1442 2228 suprema
1459 2178 1592 2216 aedium
1608 2190 1714 2229 parte.
1770 2181 2043 2226 Conjiciebatn:
2069 2182 2249 2230 tegulasub

1225 2230 1309 2265 uda.
1353 2241 1434 2266 nam
1460 2229 1596 2266 Plautus
1622 2228 1782 2266 imbrices
1807 2234 1844 2267 δε
1867 2230 1995 2280 tegulas
2010 2244 2146 2281 quoque
2166 2245 2248 2269 con-

1224 2280 1344 2329 jungit.
1375 2279 1442 2315 hoc
1464 2279 1510 2316 est
1526 2308 1537 2322 ‚
1584 2280 1618 2315 in
1646 2280 1825 2316 coenaculo
1842 2309 1854 2324 ‚
1905 2283 1998 2326 cujus
2016 2283 2146 2318 tectum
2171 2295 2249 2332 per·

1222 2329 1315 2379 pluit.
1373 2329 1446 2366 Sed
1476 2331 1588 2367 invitis
1612 2328 1702 2365 libris
1736 2329 1816 2366 nihil
1843 2333 1952 2367 muto.
2008 2331 2123 2368 Potest
2152 2334 2246 2371 enim

1222 2379 1288 2417 else
1324 2379 1595 2430 angustiss'imum
1632 2380 1849 2418 coenaculum
1890 2393 1931 2417 ac
1968 2382 2244 2432 gurgustiolum,

1222 2431 1285 2466 ὑπε
1309 2428 1467 2470 Commag.

149 2471 227 2509 fino
242 2485 285 2510 ex
306 2483 423 2511 vetere
443 2474 560 2510 codice
576 2503 588 2517 ,
624 2478 661 2512 ὅ(
679 2476 774 2513 Rob.
826 2480 988 2528 Stephani
1011 2480 1172 2516 editione.
1199 2461 1203 2527 l
1289 2446 1304 2477 Ρ

1282 2495 1293 2517 1
1307 2494 1336 2525 5.
1362 2480 1505 2516 Catenis
1515 2478 1727 2528 subreptus]
1760 2476 1864 2517 Fuisse
1880 2481 2074 2525 ostiarium,
2110 2485 2147 2519 ὅ(
2166 2469 2247 2521 hinc

1226 2529 1318 2579 posse
1348 2530 1412 2566 dici
1439 2533 1565 2565 catenis
1584 2530 1781 2576 subreptum
1813 2532 2037 2568 casaubonus
2064 2532 2245 2572 existimat.

209 2586 264 2617 23.
294 2575 432 2609 Divum
451 2572 615 2622 appellare
634 2574 805 2622 conatu5.]
861 2575 982 2612 Melius
1002 2576 1108 2614 Salm.
1134 2581 1172 2615 δε
1226 2580 1366 2615 Catenis
1381 2578 1535 2627 alligatos
1547 2577 1645 2617 ‚fuiffe
1664 2579 1816 2616 ostiarios
1842 2594 1949 2618 nemo
1976 2583 2121 2630 ignorat.
2177 2584 2248 2622 Sed

149 2625 299 2661 Robert.
344 2623 459 2672 Steph.
500 2625 636 2660 Divum
653 2625 815 2673 appellare
834 2635 972 2661 conatus
989 2626 1042 2672 est.
1088 2641 1176 2676 quos

151 2672 285 2724 sequor.
314 2687 400 2710 mox
421 2673 560 2711 Salmas.
594 2684 839 2723 temperarent,
866 2686 901 2710 ut
916 2683 995 2723 pars
1018 2676 1054 2712 in
1061 2677 1175 2723 frusta

145 2724 275 2773 secant.
307 2722 363 2760 sed
381 2736 400 2760 a
421 2723 558 2773 vulgata
576 2737 648 2761 non
665 2724 923 2761 discedendum.

207 2774 401 2811 Eradendos
419 2775 540 2823 ubique
559 2774 708 2822 πταίσῃ]
750 2778 861 2820 Hujus
886 2776 933 2811 rei
962 2776 1101 2826 vestigia
1128 2778 1177 2814 in·

154 2825 271 2863 venies
289 2826 323 2860 in
334 2824 547 2873 inscriptione
567 2829 614 2862 11.
627 2839 662 2874 p.
678 2828 806 2861 X11.&
823 2829 863 2859 V.
896 2838 929 2873 p.
944 2828 1177 2864 LXXXVlll.

153 2876 272 2922 operis
286 2876 488 2912 Gruteriani.
545 2876 583 2911 ln
604 2875 666 2915 illis
685 2877 781 2914 enim
805 2877 1026 2926 Imperatoris
1053 2878 1178 2916 Domi-

154 2926 237 2964 tiani
259 2938 394 2966 nomen
410 2924 458 2964 est
475 2924 638 2966 deletum.

572 3027 587 3052 a

1225 2628 1350 2664 catenis
1362 2627 1490 2675 subripi
1512 2641 1620 2664 nemo
1637 2630 1839 2666 Latinorum
1858 2632 1892 2667 in
1914 2632 1978 2668 hac
1998 2634 2140 2669 notione
2156 2633 2247 2671 dixe-

1223 2679 1285 2720 rit,
1315 2681 1351 2714 &
1373 2676 1583 2715 intellexerit.
1614 2681 1778 2715 Praeterea
1797 2682 1923 2718 ostiarii
1943 2695 2015 2719 non
2034 2695 2131 2720 erant
2140 2686 2249 2733 pueri·'

1225 2731 1323 2764 Nam
1342 2727 1432 2777 apud
1452 2730 1494 2765 C.
1510 2731 1592 2777 Nep
1624 2729 1657 2764 in
1679 2730 1831 2766 Hannib.
1856 2740 1937 2778 puer
1954 2734 2097 2780 ajanua
2116 2734 2164 2770 est
2181 2736 2248 2771 iet-

1226 2791 1287 2815 vus
1305 2790 1324 2813 a
1345 2780 1464 2823 janua,
1493 2790 1528 2814 ut
1545 2780 1673 2814 centies
1690 2779 1760 2815 hoec
1782 2793 1850 2817 vox
1871 2781 1921 2818 hic
1940 2783 2027 2832 apud
2049 2786 2191 2821 Latinos
2207 2789 2246 2822 δ(

1226 2831 1365 2865 Graecos
1382 2829 1560 2878 accipitur,
1588 2840 1623 2864 ut
1639 2829 1724 2866 olim
1744 2831 1952 2869 notabamus
1970 2833 2012 2870 ad
2036 2832 2242 2874 Hesiodum.

1227 2880 1338 2915 Recte
1356 2878 1594 2928 proculdubio
1614 2879 1794 2924 viderunt,
1824 2882 2009 2929 legendum
2037 2882 2104 2921 effe
2135 2884 2249 2922 Athe·-

1228 2929 1278 2964 nis
1292 2929 1476 2976 subreptus.
1509 2928 1627 2965 ultima
1645 2928 1751 2966 littera
1773 2934 1928 2980 proxime
1947 2935 2166 2983 praecedentis
2185 2948 2246 2972 vo-

1228 2980 1273 3015 cis
1286 2978 1418 3020 adhuc,
1448 2990 1483 3014 ut
1497 2979 1604 3031 soepe,
1633 2979 1678 3017 ab
1695 2981 1855 3018 oscitante
1871 2982 2007 3020 librario
2018 2984 2066 3021 est
2084 2986 2245 3033 repetita,

1229 3032 1265 3064 δε
1286 3028 1440 3079 aspiratio
1450 3030 1570 3065 omitia
1589 3030 1653 3066 hoc
1674 3032 1795 3068 vitium
1815 3034 1953 3083 peperit.
2014 3038 2099 3071 Haec
2109 3049 2245 3085 quoque

1230 3078 1392 3118 sententia
1409 3077 1474 3119 fuit
1491 3079 1630 3119 Nicolai
1652 3080 1784 3118 Heintii
1804 3085 1850 3122 τὲ
1868 3084 1977 3130 πάνυ,
2006 3088 2098 3135 cujus
2115 3084 2246 3123 defide-

1660 3132 1756 3172 iiiii
1787 3148 1810 3179 3⁷
2158 3135 2263 3174 rium=
