2504 3425
217 211 325 265 394

226 284 276 329 ad
303 279 497 328 Pisonem
523 314 535 336 ,
559 291 714 324 contra
739 269 1058 319 accumbentem
1080 299 1093 320 ‚
1138 264 1244 307 Noli
1266 274 1424 303 uxorem
1443 272 1572 300 meam
1589 269 1793 319 premere:

230 344 439 392 abduxisse
473 359 563 388 eam
589 343 752 391 (ecum,
789 340 830 378 &
857 331 1048 392 proximo
1083 326 1149 371 die
1185 322 1349 369 edixisse
1374 356 1386 375 ‚

609 175 1636 240 C.SUET.TRANQU1LL1
1691 161 1974 217 Lutlv.

1842 250 2060 311 statimque
2085 264 2107 292 e
2133 249 2330 292 convivio

1434 315 1930 365 MATRIMONIUM
1963 315 2070 359 SIBI
2104 310 2333 357 REPER-

237 411 391 456 TUM
424 403 713 452 EXEMPLO
751 394 1001 443 ROMULI
1041 391 1122 435 ET
1159 385 1471 434 AUGUSTI.
1536 383 1716 429 Lolliam
1744 379 2000 432 Paulfinam,
2047 377 2101 421 C.
2123 376 2333 419 Memmio

237 472 464 527 consulari,
499 468 698 514 exercitus
731 461 895 523 regenti
914 493 926 513 ‚

237 541 348 584 rimae
374 572 387 592 ‚
432 533 569 579 subito
592 544 641 573 ex
672 524 885 588 provincia
907 522 1098 566 evocavit
1122 552 1135 573 ‚
1182 534 1226 561 ac
1250 531 1321 576 per

240 600 394 647 missam
418 597 545 650 fecit,
578 590 800 638 intel-dieto
821 584 1059 647 cujusquam
1084 583 1126 627 in
1150 594 1396 642 perpetuum
1417 576 1545 620 coitu.

1230 645 1287 687 lio
1308 644 1400 687 viro
1423 641 1549 684 trium
1570 635 1748 682 filiarum
1763 670 1775 691 ‚
1811 631 1879 678 sed
1906 632 2074 677 luxuriae

1241 723 1279 752 t:
1320 719 1363 750 ut
1391 702 1489 765 saepe
1512 700 1727 769 chlamyde
1755 698 1954 767 peltaque
1989 699 2032 740 &
2067 693 2182 755 galea
2215 709 2337 737 orna-

245 679 380 725 neque
401 673 517 707 aetate
537 659 721 718 integra,
755 664 1013 711 matremque
1036 653 1116 705 jam
1141 662 1190 690 ex
1207 661 1228 688 a

243 726 434 790 perditae,
470 727 514 768 δε
536 720 742 767 ardentius
764 720 807 761 δε
830 711 1084 760 constantius
1103 724 1236 755 amavr

244 807 326 836 tam
343 825 356 846 ,
391 793 435 834 &
459 791 571 846 juxta
591 782 901 844 adequitantem
923 812 936 833 ‚
972 773 1176 821 militibus
1199 769 1423 815 ostenderit
1452 785 1462 813 ε

963 470 1133 518 nuptam
1148 489 1160 510 ,
1195 450 1299 497 faeta
1335 450 1549 494 mentione
1571 447 1667 503 aviae
1691 448 1803 502 ejus,
1838 456 1886 487 ut
1910 439 2123 502 quondam
2143 435 2333 498 pulcher-

1323 513 1487 558 du&am
1514 528 1536 556 a
1560 511 1709 554 marito
1732 506 1950 563 conjunxit
1975 502 2050 548 fibi
2075 537 2086 555 ,
2131 502 2336 562 brevique

1614 570 1848 617 Caesoniam
1873 584 2008 631 neque
2030 564 2133 611 facie
2157 564 2337 626 insigni,

2098 645 2141 675 ac
2167 626 2338 674 lafciviae

1505 766 1649 813 amicis
1679 779 1780 811 vero
1810 776 1934 806 etiam
1969 758 2136 804 nudam.

2199 760 2340 813 Qam

247 855 414 900 enixam
433 851 582 897 uxorio
616 847 792 893 nomine
827 843 1019 905 dignatus
1054 837 1141 893 est,
1189 851 1276 881 uno
1308 849 1432 895 atque
1468 830 1618 876 eodem
1652 827 1720 872 die
1753 823 1974 888 professus,
2012 827 2056 868 ὃς
2084 822 2278 866 maritum
2300 818 2340 865 se

248 936 362 978 ejus,
396 921 439 962 &
475 928 630 977 patrem
664 907 839 955 infantis
871 923 922 952 ex
957 921 1003 949 ea
1035 916 1150 948 natae.

249 1000 321 1044 per
341 981 535 1027 omnium
557 976 724 1022 dearum
747 972 900 1034 templa
923 964 1221 1016 circumferens
1239 996 1254 1021 ‚

252 1043 547 1093 instituendam
566 1036 889 1087 commendavit.

568 1181 938 1215 TORRBNT.

316 1297 335 1320 2
345 1297 370 1329 5.
383 1286 526 1319 Uxorem
535 1289 648 1316 meam
654 1283 814 1324 premere.
826 1269 842 1319 ]
870 1268 1006 1307 Plautus
1017 1265 1111 1305 Asin.
1134 1266 1209 1302 Ast.
1226 1278 1277 1303 iv.

1220 897 1429 943 Infantem
1467 909 1605 940 autem
1638 892 1791 955 juliam
1827 887 2053 935 Drusillam

1295 963 1498 1007 Minervae
1528 959 1692 1022 gremio
1718 950 1916 1016 imposuit
1940 987 1954 1008 ,
1997 952 2089 996 alen
2121 963 2270 1011 amque
2298 951 2341 992 &

956 1033 1053 1079 Nec
1087 1030 1175 1075 ullo
1208 1026 1392 1074 firmiore
1415 1023 1576 1071 indicio
1597 1021 1658 1071 sui
1679 1018 1849 1066 seminis
1870 1014 1948 1062 esse
1972 1013 2186 1068 credebat,
2222 1027 2348 1073 quam

2079 884 2319 994 agpellatam
2330 918 2344 937 ,

2203 1072 2350 1122 ferita-

1633 1160 1665 1195 C
1695 1169 1717 1194 A
1746 1168 1763 1192 s
1794 1167 1816 1192 Α
1845 1167 1870 1191 υ
1902 1165 1922 1190 Β
1951 1166 1975 1190 0
2005 1164 2044 1189 u.

1385 1274 1438 1307 25.
1462 1258 1608 1295 Lolliam
1618 1257 1804 1294 Paulinam
1821 1259 1862 1292 C.
1874 1253 2036 1291 Memmio
2055 1250 2242 1301 consulari,
2260 1263 2352 1286 exer-

264 1338 362 1372 Scen.
387 1347 414 1370 1.
445 1338 561 1379 Neque
579 1328 653 1364 illac
677 1323 738 1362 ulli
751 1323 835 1371 pede
845 1321 965 1368 pedem
981 1318 1110 1355 homini
1135 1325 1281 1365 premat.
1328 1311 1415 1348 εἶπα
1434 1310 1580 1358 regenti,
1598 1306 1779 1356 nuptam]
1809 1305 1970 1343 Eusebius
1986 1304 2021 1340 in
2038 1303 2216 1339 Chronico
2231 1313 2355 1338 nume-

320 1382 508 1430 Abduxiffe
524 1391 599 1416 eam
611 1372 768 1426 secum]

264 1436 341 1472 hac.
399 1437 498 1481 Lego
518 1431 637 1481 igitur,
680 1423 849 1470 abduxiffe
857 1421 897 1470 se
915 1434 991 1458 cum
1009 1419 1073 1456 hac
1092 1447 1104 1463 ,

266 1483 392 1531 duxisse
400 1483 514 1532 seeum
525 1509 538 1524 ‚
558 1492 597 1516 ac
610 1477 763 1526 proximo
775 1502 787 1518 ,
804 1477 872 1510 &c.

316 1533 448 1570 Romuli
465 1529 518 1574 Εἴ
535 1525 718 1578 Augusti.]
761 1528 818 1562 De
836 1519 997 1560 Romulo
1021 1531 1075 1557 res
1092 1530 1175 1557 nota
1190 1547 1202 1563 ,

275 1582 429 1634 Augusto
446 1595 519 1632 cap.
531 1592 593 1618 th
607 1594 634 1616 1.

322 1633 467 1671 Lolliam
486 1627 725 1675 Pitumnum]
757 1629 806 1664 M.
820 1625 923 1663 Lollii
938 1622 981 1660 de
991 1620 1074 1660 Tib.
1088 1632 1165 1670 cap.
1178 1632 1217 1657 xi
1232 1632 1287 1655 11.

267 1696 428 1735 neptem.
485 1682 579 1721 Vide
599 1679 748 1718 Plinium
779 1677 836 1714 lib.
861 1690 912 1714 ix.
939 1686 1013 1725 cap.
1032 1685 1129 1711 xxxv.
1173 1673 1293 1707 Sueto-

270 1737 368 1774 nium
390 1733 512 1772 Claud.
525 1745 564 1771 ca
590 1744 714 1768 .xxv1.

325 1790 367 1823 C.
382 1785 555 1823 Memmio.
610 1781 712 1819 Libb.
726 1791 814 1823 tres,
833 1781 874 1815 C.
887 1774 1068 1818 Memmii,
1092 1769 1293 1821 consularis,

273 1835 442 1874 exercituo
462 1844 601 1885 regentu
620 1840 774 1880 nuptam.
831 1831 888 1866 De
918 1828 985 1864 hoc
1007 1823 1131 1862 Euseb.
1160 1821 1293 1858 Chron.

273 1890 379 1935 Cajus
398 1885 557 1921 Memmii
575 1883 690 1930 Reguli
705 1880 806 1918 duxit
818 1891 980 1921 uxorem,
1008 1875 1178 1924 impellens
1196 1885 1295 1915 eum,

277 1946 316 1974 ut
351 1937 465 1972 uxoris
487 1934 551 1983 sua
573 1941 707 1980 patrem
739 1933 796 1979 effe
813 1930 852 1978 fit
878 1926 1048 1977 scriberet.
1104 1925 1215 1973 Atque
1244 1922 1297 1958 hic

279 1985 425 2037 quidem
451 1987 493 2022 C.
515 1982 706 2021 Memmius
725 1979 882 2029 Regulus
900 2006 912 2022 ,
947 1977 1050 2015 rebus
1074 1974 1207 2012 Tiberii
1232 1973 1298 2008 im-

280 2035 383 2086 pense
401 2034 541 2078 favens,
568 2046 611 2072 eo
628 2043 721 2069 anno
739 2028 854 2067 consul
870 2028 952 2072 fuit,
987 2040 1060 2077 quo
1084 2028 1223 2074 Sejanus
1242 2036 1300 2061 oc-

283 2087 367 2124 cisus
383 2086 441 2124 est.
469 2087 577 2123 Dion.
1018 2092 1021 2095 ·
1048 2089 1051 2094 ·

340 2135 563 2186 caſsinium]
608 2137 713 2173 Hanc
738 2133 867 2171 ottavo
894 2128 1014 2167 mense
1040 2139 1162 2165 natam
1188 2124 1302 2164 scribit

285 2187 373 2225 Plin.
386 2187 499 2227 l1⁴b.v1
512 2201 540 2224 1.
565 2199 639 2237 cap.
658 2198 691 2222 v.

339 2237 530 2286 chlamyde
540 2237 695 2284 peltaque
713 2231 766 2276 Εἴ
780 2231 893 2280 gladie
913 2226 1119 2275 comatam]
1159 2227 1211 2264 Sic
1233 2227 1307 2277 qui·
1356 2217 1509 2269 profiteri
1527 2246 1539 2261 ,

286 2288 373 2326 dem
390 2287 495 2324 etiam
509 2286 701 2337 Gryphius,
726 2283 782 2320 sed
803 2281 991 2319 Frobeniu÷
1009 2307 1020 2323 ‚
1043 2282 1079 2315 ὃς
1102 2290 1183 2315 MSS.
1205 2276 1277 2313 duo
1294 2304 1306 2320 ‚

290 2348 467 2375 armatam
483 2366 495 2382 ‚
523 2336 579 2374 alii
597 2345 768 2372 ornatam.

295 2401 431 2426 zonum
459 2389 524 2425 ritu
557 2387 669 2424 dixit?
721 2385 775 2420 An
803 2395 889 2420 vero
909 2390 1072 2428 comptam
1098 2377 1310 2428 legendum?

292 2437 529 2488 Chlamydem
549 2448 666 2474 autem
697 2435 915 2471 intertextam
951 2442 1035 2466 auro
1064 2429 1168 2464 ctiam
1196 2429 1315 2477 Agrip·

293 2490 375 2540 pina
392 2488 567 2531 induerat,
588 2501 657 2537 quo
668 2497 826 2536 tempore
837 2480 1002 2519 Claudius
1023 2478 1196 2516 celebrem
1217 2478 1311 2514 illam

294 2539 541 2577 naumachiam
559 2540 594 2575 in
611 2537 704 2576 veste
723 2535 862 2573 militari
875 2531 1000 2578 edidit.
1031 2531 1150 2573 Dion,
1169 2532 1205 2566 δι’.
1226 2528 1311 2564 Plin.

292 2590 353 2628 lib.
370 2603 522 2627 xxx111.
543 2602 616 2640 cap.
644 2603 719 2626 ιιι.

352 2641 487 2678 Amicis
509 2654 588 2676 vero
607 2639 710 2675 etiam
734 2633 905 2681 nudam]
956 2630 1059 2669 Libb.
1081 2643 1161 2667 MSS.
1188 2641 1315 2666 omnes

300 2691 416 2728 micis
435 2691 567 2727 nudam
587 2690 691 2725 etiam
708 2717 719 2733 ‚
750 2687 821 2724 slne
836 2697 927 2721 vero.

353 2741 473 2776 Uxorio
493 2740 627 2777 nomine
643 2740 804 2787 dignatus
826 2735 906 2782 est.]
939 2732 1058 2771 Verba
1077 2730 1149 2767 haec
1178 2730 1211 2765 in
1228 2729 1316 2765 libro

299 2802 373 2840 opt.
403 2788 645 2826 desiderantur.
704 2790 803 2825 Dion
830 2796 942 2821 narrat
972 2782 1137 2819 adulterio
1174 2781 1203 2815 ei
1227 2780 1317 2828 prius

299 2839 394 2876 fuiffe
414 2844 610 2888 cognitam,
639 2838 886 2888 gravidamque
907 2832 1029 2871 duxiffe
1047 2860 1058 2875 ‚
1086 2843 1121 2868 ut
1137 2827 1319 2879 trigesimo

305 2890 358 2926 die
379 2900 520 2940 pareret.
579 2892 695 2937 Qiare
713 2888 794 2925 nihil
813 2888 863 2922 hic
885 2898 994 2924 muto.

357 2940 522 2974 Minerva
537 2937 699 2986 gamm]
749 2936 887 2985 Josepli.
907 2935 1018 2972 scribit
1038 2930 1176 2982 perinde
1197 2942 1235 2966 ac
1257 2927 1319 2965 fibi

305 3003 386 3028 cum
414 2991 501 3032 love
521 3000 771 3029 cormunnem,
802 2985 971 3022 simulacri
994 2985 1066 3030 ejus
1084 2982 1230 3032 genibus
1255 2981 1320 3016 im-

307 3037 458 3090 posuisse.

354 3093 482 3177 ffssam
491 3088 659 3136 feritatis.
677 3087 693 3135 ]
732 3086 876 3125 Mallem
888 3084 1055 3131 feritate,
1081 3095 1116 3121 ut
1130 3084 1165 3120 in
1184 3083 1324 3131 optimo

307 3153 360 3178 co'
377 3152 438 3178 κε.

799 1371 905 1410 Liber
926 1381 999 1421 opt.
1018 1367 1190 1416 abduxisse
1208 1379 1283 1402 cum
1329 1375 1369 1398 ro
1396 1372 1543 1398 MMtvi.
1584 1359 1692 1407 Cajm
1728 1356 1885 1393 Memmii
1922 1353 2036 1403 Reguli
2063 1365 2201 1389 uxorem
2231 1352 2354 1393 duxit,

1153 1428 1210 1453 aut
1226 1416 1285 1452 ab·
1329 1412 1498 1460 impellens
1519 1422 1616 1451 eum,
1645 1418 1683 1444 ut
1700 1410 1813 1445 uxoris
1822 1406 1888 1455 sue
1905 1414 2042 1454 patrem
2064 1403 2120 1451 effe
2133 1403 2164 1449 se
2175 1402 2351 1450 scriberet.

1332 1463 1388 1498 Ait
1412 1459 1594 1502 Eusebius,
1611 1457 1792 1506 scriberet,
1820 1468 1952 1505 nempe
1967 1455 2002 1491 in
2021 1452 2128 1489 dotali
2149 1451 2353 1490 instrumen-

1243 1516 1287 1554 de
1333 1525 1381 1550 to.
1419 1524 1504 1549 nam
1522 1521 1557 1545 ut
1576 1508 1696 1545 omnia
1713 1509 1790 1544 adia
1806 1505 1962 1556 legitime
1985 1503 2206 1546 viderentur,
2235 1503 2358 1539 omnia

1333 1562 1483 1600 solennia
1507 1559 1580 1596 sunt
1600 1558 1740 1598 servata.
1768 1558 1908 1594 maritus
1933 1555 2034 1605 igitur
2060 1566 2122 1604 pro
2150 1564 2245 1601 patre
2272 1551 2358 1596 fuit,

1334 1615 1393 1664 qui
1412 1626 1493 1650 eam
1511 1612 1601 1655 Caio
1627 1607 1861 1659 desponsavit,
1887 1606 2008 1644 dotem
2028 1603 2108 1640 dixit
2125 1632 2138 1648 ,
2172 1606 2211 1640 δ(
2233 1603 2278 1640 ad
2296 1616 2363 1641 no·

1337 1678 1422 1703 vum
1446 1663 1610 1700 maritum
1630 1658 1795 1710 perduxit.
1832 1659 1953 1695 au&or
1979 1656 2063 1692 Dio.
2102 1654 2180 1691 hinc
2208 1653 2365 1705 intelligi-

1339 1728 1419 1752 mus
1437 1712 1587 1752 Suetonii
1614 1711 1787 1762 sequentia
1809 1708 1915 1751 verba
1930 1735 1943 1753 ,
1976 1706 2182 1755 perductam
2199 1716 2223 1740 a
2239 1706 2365 1747 marito

1340 1766 1512 1816 conjunxit
1533 1760 1605 1813 fibi.

1693 1864 2000 1901 vinxos.

1394 1978 1414 2003 2
1423 1980 1449 2012 5.
1479 1969 1535 2002 Ac
1545 1964 1745 2014 perductam
1762 1975 1785 2000 a
1798 1961 1924 2001 marito
1934 1958 2104 2008 conjunxit
2105 1955 2183 2007 fibi.
2197 1955 2211 2005 ]
2231 1957 2367 2007 Qiem-

1346 2016 1542 2054 admodum
1570 2014 1739 2066 Augustus
1768 2025 1914 2051 uxorem
1941 2011 2077 2048 Liviam
2104 2020 2125 2044 a
2153 2009 2264 2057 pri-ore
2291 2009 2368 2047 viro

1348 2071 1495 2105 Nerone
1532 2065 1708 2102 abducens
1735 2077 1818 2100 eam
1849 2073 2012 2109 tanquam
2039 2071 2059 2094 a
2084 2069 2178 2108 patre
2207 2057 2369 2096 traditam

1352 2118 1509 2169 accepit,
1557 2117 1603 2152 ita
1630 2117 1736 2152 etiam
1762 2111 1918 2163 Caligula
1948 2108 2314 2147 Lolliam‘Paulinam
2347 2120 2369 2146 a

1352 2168 1527 2207 Memmio
1545 2166 1713 2216 accipiens
1732 2192 1744 2208 ,
1783 2164 1897 2212 coegit
1923 2174 2004 2198 eum
2024 2157 2091 2195 sese
2116 2157 2200 2195 illius
2235 2171 2370 2209 patrem

1580 2219 1618 2254 &
1644 2216 1767 2252 dotem
1792 2213 1917 2250 dicere.
1975 2211 2066 2246 Hinc
2092 2207 2253 2246 Eusebius
2270 2222 2371 2248 num.

1358 2282 1502 2308 MMva.
1561 2266 1732 2314 Impellens
1753 2277 1827 2301 eum
1848 2292 1859 2306 ,
1910 2271 1948 2298 ut
1970 2262 2081 2296 uxoris
2099 2267 2234 2307 patrem
2262 2259 2318 2308 effe
2333 2260 2373 2308 se

824 2333 879 2368 An
898 2341 1076 2368 comatam
1094 2325 1183 2364 forte
1204 2328 1311 2364 Ama-
1356 2321 1489 2356 diceret.
1521 2320 1577 2356 De
1589 2319 1735 2353 Nerone
1746 2314 1884 2352 Liviam
1901 2311 2100 2349 octaviano
2112 2308 2266 2346 tradente
2277 2310 2370 2359 Dio:

1361 2368 1502 2416 ἐξέδωκε
1527 2366 1565 2404 δὲ
1584 2365 1790 2406 dornheim-‘05
1809 2364 1823 2399 ὁ
1844 2362 1922 2411 ‹2er?
1936 2391 1946 2405 ‚
1961 2359 2078 2407 ‹iim-ig
2093 2376 2140 2400 τις
2161 2358 2289 2421 ποιτῆς,
2314 2362 2373 2397 De

1361 2420 1535 2457 Memmio
1554 2418 1648 2454 idem
1671 2432 1681 2454 ε
1717 2416 1884 2453 διαλιπὼν
1904 2411 1942 2450 ἐν
1965 2412 2086 2454 ὀλίγοις
2108 2409 2234 2457 ἠμέρας
2261 2409 2371 2455 ἔγημε

1363 2469 1513 2506 Λολλίοιν
1539 2468 1712 2505 Παυλίνοιν
1730 2497 1743 2512 ‚
1772 2464 1868 2501 ἀυτόν
1892 2463 1941 2499 τὶν
1959 2461 2062 2509 ἄνδρα
2080 2461 2183 2500 lev-:57⁶5
2211 2459 2370 2505 Μέμμιον

1362 2522 1529 2563 Ῥηγὲλον
1548 2519 1724 2562 ἐγγυῆσαι
1745 2515 1777 2552 o}
1801 2515 1855 2555 τήν
1875 2515 2029 2557 γυναῖκα
2054 2509 2282 2553 ἀναγκάσεις,
2324 2509 2373 2553 pm}

1365 2574 1424 2608 zati
1444 2567 1720 2613 ozve‘wvovo’tijv
1738 2566 1834 2610 παρὰ
1852 2565 1913 2604 τές
1935 2563 2035 2606 rep-83
2054 2559 2157 2608 λοὶὲῃ.
2184 2563 2378 2609 Nonpote-

1364 2634 1414 2659 rat
1429 2633 1509 2658 eam
1526 2621 1649 2657 ducere
1668 2617 1730 2655 nisi
1745 2615 1988 2666 desponsatam
2001 2642 2012 2656 ‚
2039 2610 2239 2661 desponsare
2257 2621 2375 2647 autem

1365 2673 1465 2724 patris
1483 2671 1540 2708 est.
1598 2672 1737 2706 Patrem
1757 2669 1855 2718 igitur
1871 2665 2035 2703 maritum
2049 2662 2115 2700 sese
2132 2660 2242 2697 dicere
2254 2661 2378 2710 coegit.

1364 2737 1436 2767 Jos.
1452 2732 1655 2758 scALIGER.

1420 2777 1538 2822 Qam
1548 2772 1685 2807 enixam
1704 2768 1819 2805 uxorio
1844 2764 1975 2804 nomine
1993 2762 2152 2809 dignates
2167 2759 2220 2806 esi,
2238 2761 2253 2807 ]
2287 2759 2381 2798 Pala.

1367 2825 1424 2861 tini
1445 2825 1496 2860 hic
1519 2822 1635 2859 turbas
1657 2821 1749 2856 dant.
1809 2821 1906 2854 Nam
1925 2814 2073 2864 pn'mus:
2136 2823 2217 2846 team
2231 2812 2381 2848 omnium

1368 2875 1483 2911 uxorio
1501 2874 1633 2909 nomine
1644 2871 1802 2918 dignatae
1813 2867 1853 2914 est
1871 2864 2018 2900 enixam.
2050 2860 2249 2898 Secundus:
2266 2870 2380 2897 uxorio

1369 2925 1502 2962 nomine
1517 2926 1681 2971 dignatus
1698 2919 1739 2966 est
1755 2929 1858 2966 quam
1883 2912 2031 2949 enixam.
2061 2925 2125 2948 nec
2139 2911 2233 2948 secus
2253 2912 2375 2947 tertius.

1371 2976 1528 3026 Suspicor
1545 2967 1823 3009 rescribendum:
1851 2976 1955 3013 quam
1968 2963 2120 3009 primum
2140 2962 2256 2998 uxorio
2275 2960 2381 2996 nomi·

1370 3041 1411 3062 ne
1427 3026 1588 3075 dignatae
1608 3021 1650 3068 est
1675 3019 1824 3055 enixam.
1878 3016 2097 3050 Guu'rERus.
2154 3007 2382 3049 Salmafianus

1346 3087 1354 3158 ξ
1372 3076 1482 3113 codex
1502 3070 1700 3121 suffragatur
1716 3063 1866 3104 secundo
1882 3067 1920 3102 ὃ(
1940 3063 2040 3101 tertio
2055 3062 2220 3102 Palatino.
2237 3084 2244 3108 ,-

2231 3164 2390 3203 Ton-
