2504 3425
476 189 1033 245 TissER1us

1111 189 1404 243 NERO
1481 185 1864 240 CAESAR.

2155 198 2259 252 311

177 300 265 332 rem
297 280 577 330 contubernio
608 282 847 330 admoverat
876 316 891 337 ,
937 296 1038 328 tunc
1076 283 1257 329 maxime
1291 294 1481 343 expertus
1513 277 1571 324 est
1605 312 1618 332 ‚
1666 274 1937 323 affirmantem
1971 291 2075 320 nave
2109 274 2271 336 provisa

176 346 373 410 gaudium
398 344 568 402 afferri,
612 364 708 394 cum
743 346 916 410 quidem
949 348 1067 392 illum
1101 345 1241 393 durius
1262 381 1274 401 ‚
1310 350 1351 390 &
1375 359 1517 390 contra
1549 340 1739 405 praedieta
1767 338 2010 385 cadentibus
2043 337 2189 394 rebus,
2226 354 2272 386 ut

175 409 326 456 salium
350 417 393 456 &
416 409 667 457 secretorum
701 425 854 456 temere
886 410 1124 466 conscium,
1161 428 1213 456 eo
1248 408 1336 471 ipso
1372 424 1591 452 momento
1626 406 1727 450 dum
1763 404 1952 466 spatiatur
1985 419 2091 458 una,
2126 405 2271 464 praci-

106 492 154 541 15
177 475 305 536 pitare
341 477 386 520 in
421 492 532 521 mare
560 472 799 521 destinasset.
867 475 1054 520 Romam
1084 473 1264 521 reversus
1283 509 1296 530 ,
1332 472 1513 517 detineto
1538 473 1581 516 in
1617 468 1758 515 forum
1788 469 1879 514 filio
1907 465 2051 513 Druso
2071 502 2085 522 ,
2132 467 2268 514 statim

178 554 202 583 e
225 539 392 584 Carinis
413 556 457 585 ac
481 543 734 600 Pompeiana
757 538 887 584 domo
910 574 924 594 ,
965 538 1170 602 Esquilias
1202 540 1247 586 in
1282 537 1427 582 hortos
1460 536 1782 581 Maecenatianos
1815 530 2118 594 transmigravit
2141 549 2152 576 :
2201 545 2272 576 to-

175 600 351 665 tumque
385 601 425 648 se
460 604 509 650 ad
540 606 728 666 quietem
750 605 949 659 contulit,
984 598 1140 666 privata
1159 602 1289 647 modo
1309 599 1445 645 officia
1463 599 1612 644 obiens
1635 633 1648 653 ‚
1682 615 1725 643 ac
1748 596 2010 659 publicorum
2046 612 2268 644 muncrum

176 682 333 727 expers.

402 668 511 726 Cajo
534 671 577 711 &
610 668 744 712 Lucio
778 669 882 712 intra
914 669 1143 713 triennium
1173 664 1382 711 defunc'iis
1403 699 1415 719 ,
1455 663 1669 724 adoptatur
1703 662 1752 707 ab
1785 660 1980 725 Augusto
2015 659 2133 707 simul
2167 678 2269 706 cum

175 727 299 776 fratre
323 747 469 777 eorum
493 731 784 792 M.Agrippa:
801 732 967 775 coaetus
981 733 1091 792 prius
1104 730 1190 792 ipse
1207 729 1512 775 Germanicum
1534 726 1665 772 fratris
1685 724 1740 770 sui
1765 725 1899 770 filium
1920 726 2125 787 adoptare.
2169 727 2268 772 Nec

175 794 410 857 quidquam
434 792 573 856 postea
597 809 673 854 pro
697 791 987 854 patrefamilias
1007 796 1115 857 egit:
1150 807 1219 839 aut
1243 798 1328 851 jus,
1361 790 1477 853 quod
1499 790 1724 853 adoptione
1746 788 1953 845 amiserat,
1988 806 2037 834 ex
2063 790 2143 834 ulla
2156 803 2265 850 parte

174 859 359 904 retinuit.
380 859 494 904 Nam
506 872 646 920 neque
659 856 858 915 donavit,
871 874 1011 919 neque
1026 855 1286 904 manumisit:
1303 872 1356 902 ne
1370 853 1636 900 hereditatem
1651 853 1824 917 quidem
1836 887 1848 909 ‚
1859 866 1927 898 aut
1939 855 2070 915 legata
2084 856 2271 915 percepit

2186 919 2268 962 ulla

175 993 297 1042 phiam
316 992 558 1045 profitebatur,
588 1005 661 1030 non
681 992 827 1030 curiosas
844 992 922 1031 istas
940 1005 1052 1031 artes:
1080 1006 1192 1045 eoque
1246 994 1479 1033 minutionem
1503 990 1635 1044 passus,
1662 1002 1704 1027 ac
1722 988 1781 1027 sub
1796 988 1930 1026 alterius
1949 989 2149 1027 constitutus
2171 1002 2267 1041 pote-

174 1046 321 1081 nomine
341 1046 495 1102 vprimum
513 1040 607 1080 fuisse
624 1045 660 1080 in
682 1043 950 1081 contubernium
974 1044 1106 1082 Tiberii
1134 1045 1194 1082 ad·
1246 1044 1340 1083 state.
1398 1048 1451 1083 Sic
1468 1046 1636 1082 nimirum
1655 1041 1868 1083 Antoninus,
1897 1053 1978 1076 cum
1996 1053 2113 1077 recens
2130 1040 2175 1077 ab
2195 1044 2269 1077 Ha-

176 1093 338 1138 miffum,
366 1096 475 1131 innuit
501 1093 712 1131 Themistius
730 1095 887 1131 oratione
901 1108 982 1131 x11.
1013 1099 1052 1132 δε
1072 1099 1193 1133 Sueto-

177 1145 253 1182 nius
274 1144 344 1195 ipse
369 1145 437 1182 hoc
460 1143 541 1181 loco
560 1173 572 1188 ‚
605 1142 821 1192 Thrasyllum
837 1173 850 1188 ,
874 1155 913 1181 ut
928 1144 1098 1193 sapientia
1118 1153 1194 1193 pro-

166 1194 342 1243 fiffbrem,
369 1194 583 1231 contubernio
596 1195 812 1231 admoverat.
838 1197 897 1231 De
917 1208 961 1232 eo
974 1206 1071 1235 vetus
1090 1195 1196 1234 Scho-

173 1242 287 1282 liastes
300 1244 494 1289 juvenalis:
520 1243 718 1292 Thrasyllus
740 1244 931 1282 multarum
944 1246 1076 1283 artium
1086 1248 1196 1295 scien-

178 1294 267 1332 tiam
278 1295 434 1344 profhffus
452 1325 464 1340 ,
487 1294 648 1344 postremo
658 1293 696 1342 se
713 1294 808 1331 dedit
832 1295 1007 1333 Platonica
1020 1297 1108 1344 feHae
1118 1325 1130 1342 ,
1157 1310 1197 1335 ac

178 1345 299 1384 deinde
312 1344 474 1394 mathefi:
501 1357 571 1394 qua
589 1345 745 1393 precipue
762 1345 874 1393 viguit
897 1347 987 1394 apud
1003 1346 1197 1392 Tiberium,

181 1409 260 1433 cum
277 1408 341 1446 quo
358 1395 417 1442 sub
433 1394 555 1431 honore
576 1394 718 1443 ejusdem
734 1396 822 1430 artis
836 1395 1065 1441 familiariter
1091 1398 1197 1435 vixit.

180 1458 282 1494 quem
299 1446 408 1494 postea
426 1444 575 1481 Tiberius
593 1445 631 1480 in
654 1444 766 1491 insula
783 1444 896 1481 Rhodo
913 1446 1121 1493 precipitare
1138 1461 1198 1483 vo-

181 1495 249 1532 luit
266 1495 303 1531 in
322 1495 479 1542 pelagum
496 1523 508 1538 ,
535 1492 629 1544 quasi
645 1493 807 1540 conscium
821 1494 975 1548 promzfflz
998 1496 1200 1533 dominatio-

181 1545 245 1582 nis.
285 1546 398 1591 Qem
417 1543 531 1580 dolum
557 1556 633 1580 cum
652 1541 854 1591 prasenfiffet
869 1573 882 1588 ,
900 1545 1007 1594 fugit.
1062 1548 1200 1596 Experi-

182 1605 367 1638 mentum,
392 1593 487 1643 quod
506 1594 560 1631 hic
578 1603 693 1630 narrat
714 1595 911 1638 Suetonius,
939 1595 1089 1633 referunt
1107 1597 1199 1647 paul-

181 1644 219 1684 lo
237 1645 332 1683 aliter
361 1645 500 1685 Tacitus
518 1658 577 1685 v1.
609 1642 734 1681 Annal.
765 1644 838 1684 Dio
859 1644 985 1686 lib.1.v.
1014 1649 1052 1683 ὅ(
1073 1647 1203 1685 Cedre-

181 1708 256 1735 nus.

502 1774 866 1813 TORRENT.

238 1872 293 1905 15.
321 1860 475 1897 Βεάιιέῖο
493 1859 530 1895 in
540 1860 659 1906 fhrum
669 1859 743 1907 filio
753 1857 903 1907 Drufh.]
932 1856 973 1894 Id
989 1856 1197 1894 tirociniidie

180 1908 308 1953 fiebat,
329 1923 399 1960 quo
416 1909 651 1946 adolescentes
667 1908 775 1960 posita
795 1920 977 1959 praetexta,
998 1908 1198 1957 sumptaque

180 1960 265 1999 virili
282 1972 385 2011 toga,
413 1972 521 2010 quam
539 1963 577 1997 ὅ(
595 1972 719 2011 puram
737 1959 932 2002 vocabant,
960 1970 1127 2007 tanquam
1147 1957 1200 1994 fo-

181 2009 336 2048 rensibus
361 2013 434 2058 jam
452 2010 522 2060 apti
545 2011 715 2061 negotiis,
740 2011 775 2046 in
789 2008 909 2046 forum
928 2008 1195 2045 deducebantur.

178 2065 260 2112 Sup.
283 2062 373 2113 Aug.
394 2072 467 2111 cap.
480 2072 584 2098 xxw.
612 2059 671 2098 inf,
691 2060 802 2110 Calig.
819 2072 895 2109 cap.
907 2073 939 2097 x.
959 2059 1002 2096 de
1020 2061 1106 2096 Ner.
1121 2071 1196 2109 cap.

179 2125 263 2151 vix.
292 2112 392 2149 Plura
411 2111 456 2149 ad
477 2114 600 2149 Horat.
618 2109 676 2147 lib.
696 2125 724 2148 1.
748 2114 815 2147 Sat.
834 2125 845 2146 x
859 2125 886 2147 1.

260 2163 416 2201 Nomina
421 2161 573 2211 sefflasur
589 2161 685 2198 modo
696 2164 837 2209 sumpta
849 2158 937 2206 ‘veste
955 2158 1064 2197 verili.

235 2217 265 2250 E
286 2213 426 2249 Carinis
450 2224 490 2248 ac
506 2211 708 2260 Pompejana
728 2210 864 2257 domo]
907 2210 960 2246 Sic
991 2212 1132 2247 Sueton.
1155 2209 1198 2246 de

181 2265 315 2302 Lenaeo
335 2262 578 2300 Grammatico
595 2289 607 2305 ‚
635 2262 797 2312 Pompeii
823 2260 946 2297 liberto
966 2274 976 2296 ε
1014 2261 1141 2296 Docuit
1160 2261 1198 2296 in

182 2314 319 2350 Carims
337 2314 385 2349 ad
394 2311 535 2350 Telluris
551 2313 649 2349 adem
662 2340 673 2354 ,
687 2313 724 2348 in
742 2324 812 2361 qua
829 2311 955 2360 regione
970 2311 1199 2360 Pompejorum

182 2364 298 2399 domus
305 2364 437 2409 suerat.
489 2366 578 2399 Eam
595 2361 688 2399 bello
706 2361 797 2400 civili
818 2361 988 2398 Antonius
1005 2361 1197 2412 occupavit.

182 2412 291 2463 Qod
307 2416 383 2450 Sex.
400 2414 577 2462 Pompeio
596 2411 820 2449 occasionem
838 2412 931 2448 dedit
947 2411 1147 2448 scommatis
1164 2412 1200 2447 in

183 2464 395 2506 Antonium,
418 2462 462 2498 de
481 2475 552 2512 quo
569 2462 737 2500 Plutarch.
756 2464 931 2506 Antonio,
957 2465 995 2499 &
1016 2464 1116 2500 Dion
1135 2461 1195 2499 lib.

183 2526 271 2552 var
284 2528 295 2550 1
308 2528 338 2550 1.
366 2515 402 2550 in
419 2514 599 2549 triremem
618 2525 773 2563 namque
790 2526 873 2550 eum
891 2524 960 2550 una
979 2526 1060 2550 cum
1083 2514 1198 2564 Augu-

183 2564 237 2601 sto
260 2565 347 2601 inito
364 2566 438 2611 jam
462 2561 595 2600 foedere
613 2565 774 2604 convivio
792 2564 963 2614 excipiens
983 2592 995 2607 ‚
1022 2564 1058 2600 in
1080 2564 1201 2601 carinis

185 2627 376 2653 caenaturos
391 2613 484 2651 dixit.

236 2664 472 2712 Triennium]
513 2663 696 2701 Biennium
724 2661 837 2701 solum
862 2662 910 2700 est
926 2691 938 2707 ,
968 2661 995 2699 fi
1023 2662 1200 2709 Vellejum

185 2716 360 2759 audimus,
388 2717 426 2751 &
445 2715 604 2752 Dionem
620 2713 753 2751 lib.1.11
765 2726 794 2750 1.

239 2768 438 2815 Adoptatur
455 2763 499 2800 ab
516 2762 700 2813 Augusto.]
731 2764 817 2812 Aug.
829 2774 913 2813 cap.
924 2774 1004 2801 txv.
1033 2763 1124 2800 Hinc
1140 2765 1198 2807 Ju-

186 2817 261 2855 stin.
283 2820 374 2867 Imp.
396 2815 481 2853 titul.
503 2814 546 2852 de
561 2813 813 2864 Adoptionibus
827 2828 838 2850 ε
863 2813 914 2849 Sic
942 2814 1201 2862 DivusAugu-

178 2867 251 2916 stus
267 2880 332 2904 non
350 2877 430 2903 ante
445 2865 616 2904 Tiberium
634 2865 837 2913 adoptavit,
861 2876 966 2912 quam
981 2864 1009 2899 is
1023 2865 1201 2901 Germani-

185 2931 265 2955 cum
287 2916 468 2965 adoptaffet
486 2945 499 2960 ,
524 2925 562 2953 ut
577 2915 731 2964 protinus
745 2914 923 2963 adoptione
932 2914 1202 2962 fac‘luznciperet

188 2968 408 3012 Germanicus
425 2968 455 3003 ei
473 2975 566 3015 nepo,r
581 2965 649 3014 effe.
704 2964 772 3003 Sed
792 2968 829 3003 ὅ(
848 2963 1041 3002 Hadrianus
1057 2965 1203 3000 Antoni-

191 3030 276 3055 num
294 3018 396 3054 Pium
413 3029 454 3054 ea
469 3017 545 3067 lege
562 3016 759 3066 adoptavit,
784 3027 820 3052 ut
838 3015 892 3051 ille
909 3017 1114 3052 Marcum&
1129 3017 1200 3052 Ve-

190 3081 266 3107 rum
282 3066 344 3104 fibi
361 3067 549 3118 adoptaret.
578 3068 688 3104 Testis
705 3066 890 3117 Capitolin.

198 3170 201 3176 ἱ
242 3118 430 3169 Jus‚quocl
449 3118 620 3171 adoptione
638 3116 842 3171 amiseras]
865 3116 992 3169 Capitis
1002 3128 1132 3169 nempe
1142 3115 1203 3160 de.-

1243 1094 1367 1134 driano
1399 1097 1579 1148 adoptatus
1596 1090 1900 1143 reprehenderetur
1925 1091 1970 1127 ab
1998 1103 2102 1127 uxore
2123 1119 2134 1134 ,
2168 1092 2267 1141 quod

1244 1147 1347 1185 nimis
1362 1149 1485 1198 exigua
1503 1146 1700 1196 largiretur,
1715 1141 1848 1190 Atqui,
1862 1140 1993 1187 stulta,
2018 1141 2156 1191 (inquit)
2180 1141 2266 1188 post-

1245 1210 1351 1246 quam
1366 1199 1414 1234 ad
1433 1198 1611 1246 imperium
1625 1194 1783 1230 venimus
1794 1220 1806 1235 ,
1822 1191 1927 1228 etiam
1944 1193 2034 1241 quod
2050 1202 2131 1228 ante
2146 1191 2268 1228 habui·-

1244 1261 1341 1292 mus,
1361 1248 1586 1297 perdidimus.
1612 1245 1742 1282 Auetor
1757 1242 1853 1279 idem
1872 1242 2056 1292 Capitolin.

1299 1304 1354 1334 Ex
1370 1298 1444 1336 ulla
1453 1306 1554 1347 parte
1570 1292 1750 1342 retinuit.]
1779 1291 1887 1342 Qod
1903 1291 2001 1329 facile
2032 1302 2187 1344 poterat,
2214 1303 2266 1329 tot

1245 1347 1419 1393 rebus,ac
1435 1345 1689 1399 magistratibus
1711 1344 1870 1394 praeclare
1892 1342 2012 1392 gestis,
2025 1356 2136 1394 neque
2153 1344 2266 1393 Augu-

1246 1397 1298 1436 sto
1317 1398 1455 1449 aliquod
1475 1412 1516 1436 ex
1534 1397 1721 1448 adoptione
1741 1394 1873 1431 lucrum
1893 1405 2081 1443 quaerente.

1555 1460 1950 1494 CASAuBoN.

1307 1531 1320 1553 1
1332 1530 1360 1562 ς.
1387 1518 1513 1554 Statim
1530 1531 1546 1552 e
1563 1515 1703 1551 Carinis
1724 1527 1763 1549 ac
1783 1519 1984 1560 Pompejana
2004 1512 2122 1556 domo,
2146 1512 2269 1562 Esqui-

1247 1565 1312 1602 lias
1334 1568 1372 1603 in
1396 1568 1506 1603 hortos
1534 1566 1787 1601 Maecenatianos
1807 1562 2115 1611 tranfinig7·avit.]
2146 1567 2194 1598 Ex
2208 1565 2267 1599 Ci-

1247 1619 1385 1654 ceronis
1402 1617 1445 1654 ad
1474 1618 1624 1653 Atticum
1647 1614 1793 1664 epistolis
1810 1613 1933 1650 scimus
1950 1641 1962 1656 ,
2002 1625 2145 1650 morem
2172 1611 2267 1650 fuisse

1247 1667 1419 1704 nobilium
1436 1666 1716 1708 adolescentum,
1740 1675 1775 1701 ut
1794 1677 1882 1700 mox
1901 1675 1921 1699 a
1937 1662 2021 1701 virili
2056 1663 2165 1701 sumta
2183 1675 2267 1713 toga

1247 1717 1283 1753 in
1301 1719 1452 1767 proprias
1471 1717 1561 1753 aedes
1577 1729 1596 1752 a
1613 1727 1707 1766 patre
1725 1715 1954 1765 emigrarent:
1974 1726 2047 1750 non
2061 1714 2157 1750 enim
2171 1714 2266 1751 aliter

1247 1767 1346 1804 suam
1357 1769 1561 1818 dignitatem
1579 1766 1654 1803 satis
1669 1766 1754 1802 tueri
1772 1763 1864 1815 posse
1883 1763 2099 1803 videbantur.
2109 1766 2267 1813 Propter-

1251 1830 1291 1854 ea
1319 1820 1543 1857 Domitianus
1560 1830 1581 1853 a
1601 1828 1697 1866 patre
1717 1827 1891 1865 correptus
1908 1843 1920 1857 ,
1948 1826 2011 1862 quo
2034 1814 2140 1862 magis
2159 1824 2265 1850 atam

1248 1866 1301 1911 Εἴ
1311 1869 1507 1905 conditionis
1523 1869 1759 1904 admoneretur
1769 1865 1971 1909 ,habitabat
1987 1877 2063 1900 cum
2070 1871 2169 1911 patre
2183 1877 2266 1902 una.

1248 1919 1356 1967 Quod
1373 1920 1472 1969 igitur
1487 1919 1648 1955 Tiberius
1663 1916 1739 1954 filio
1759 1915 1833 1966 post
1845 1912 2028 1951 assumtam
2049 1913 2195 1950 liberam
2212 1925 2265 1950 to-

1247 1981 1332 2017 gam
1351 1969 1463 2007 domo
1481 1969 1594 2006 statim
1615 1969 1646 2004 ei
1665 1966 1774 2009 cedit,
1793 1965 1948 2014 dignitati
1967 1964 2052 2001 illius
2071 1964 2264 2002 consultum

1249 2020 1313 2057 hac
1333 2022 1464 2057 ratione
1481 2019 1608 2062 voluit,
1630 2016 1771 2068 quando
1790 2015 1853 2052 sibi
1872 2028 1999 2053 omnes
2017 2014 2060 2052 ad
2080 2014 2266 2065 rempubli-

1249 2083 1326 2107 cam
1346 2071 1453 2107 aditus
1468 2068 1647 2118 praeclusos
1666 2066 1817 2106 videbat.

1302 2122 1387 2170 Cajo
1402 2120 1455 2163 Εἴ
1483 2119 1583 2155 Lucio
1608 2119 1703 2155 intra
1729 2117 1914 2153 triennium
1938 2113 2139 2163 defunfflis.]
2177 2117 2266 2152 Non

1247 2170 1418 2222 displiceat
1435 2169 1630 2213 biennium,
1656 2179 1693 2205 ut
1710 2167 1804 2205 doc‘ti
1822 2167 2011 2204 emendant
2033 2179 2074 2202 ex
2092 2166 2166 2214 ipso
2187 2169 2267 2202 Sue-

1248 2223 1347 2259 tonio
1366 2221 1423 2259 lib.
1442 2235 1494 2258 11.
1514 2232 1590 2269 cap.
1605 2231 1685 2257 va.
1710 2219 1766 2257 vel
1783 2219 2005 2267 interpretare
2020 2217 2204 2253 triennium
2222 2216 2267 2251 de

1247 2273 1429 2311 intervallo
1452 2272 1620 2320 temporis
1639 2283 1659 2306 a
1677 2269 1785 2306 reditu
1802 2267 1935 2305 Tiberii
1951 2267 1997 2303 ab
2021 2265 2120 2303 exilio
2147 2265 2269 2302 voluu-

1250 2325 1337 2361 tario
1357 2323 1401 2360 ad
1420 2321 1501 2360 illud
1516 2351 1529 2366 ,
1559 2335 1629 2372 quo
1644 2332 1786 2370 uterque
1812 2318 1937 2356 horum
1967 2320 2039 2363 jam
2064 2315 2266 2352 excesserat:

1250 2374 1329 2411 huic
1347 2373 1615 2425 interpretationi
1645 2370 1857 2407 eruditorum
1877 2369 2064 2405 hominum
2093 2379 2131 2403 ut
2157 2368 2270 2415 potius

1252 2424 1405 2462 assentiar
1431 2453 1443 2469 ,
1481 2422 1661 2461 consensus
1688 2419 1769 2457 facit
1797 2420 1962 2457 omnium
1991 2418 2160 2455 librorum
2187 2430 2269 2453 cum

1253 2476 1343 2513 edita
1361 2477 1529 2519 lectione,
1555 2485 1660 2524 quam
1678 2474 1715 2508 δε
1733 2471 1971 2508 Memmianus
1988 2467 2151 2519 agnoscit.

1304 2528 1502 2576 Adoptatur
1520 2523 1565 2561 ab
1582 2520 1767 2572 Augusto.]
1796 2523 1868 2558 Dio
1890 2520 1947 2557 lib.
1960 2531 2018 2559 Lv.
2046 2522 2085 2557 ὅ(
2103 2515 2268 2555 fufiffime

1254 2579 1470 2628 mancipium
1488 2575 1717 2613 Tiberianum
1733 2570 1940 2609 Pater-culus.

1610 2649 1909 2684 VARIOR.

1312 2725 1367 2756 15.
1392 2717 1458 2747 Pro
1483 2705 1776 2757 patrefamilias]
1821 2702 2072 2741 Paterfamilias
2093 2700 2166 2744 est,
2193 2702 2270 2752 qui—

1255 2775 1388 2812 cunque
1404 2771 1581 2809 exemptus
1602 2771 1620 2792 e
1641 2756 1748 2806 patria
1772 2754 1960 2807 potestate,
1986 2754 2062 2790 licet
2081 2751 2136 2788 vel
2153 2753 2268 2801 impu—

1257 2813 1315 2850 bes
1333 2813 1383 2849 fit.
1406 2813 1426 2849 l.
1445 2825 1496 2856 50.
1523 2808 1561 2845 ff.
1583 2807 1626 2843 de
1648 2810 1733 2856 Leg.
1748 2822 1778 2850 3·
1808 2806 1841 2842 si
1859 2806 1933 2857 quis
1944 2800 2189 2853 patrifamilias
2206 2804 2269 2838 im-

1247 2864 1366 2912 puberi
1383 2863 1475 2911 leget.
1492 2863 1561 2896 &o
1592 2861 1777 2894 Gonnus.
1793 2880 1795 2882 -

1310 2920 1381 2951 Nee
1396 2911 1617 2948 hereditatem
1632 2905 1804 2956 quidem]
1824 2906 1958 2943 Vitium
1977 2903 2135 2954 frequens
2152 2904 2272 2939 etiam>-

1256 2978 1342 3001 num
1360 2965 1394 3000 in
1418 2960 1535 2998 nostro
1554 2964 1592 2996 &
1609 2958 1756 2995 aliorum
1772 2969 1931 2996 veterum
1951 2954 2088 3005 scriptis.
2118 2966 2191 3003 cap.
2212 2967 2267 2989 21.

1258 3021 1328 3050 Nec
1353 3013 1440 3049 illud
1470 3011 1606 3061 quidem
1638 3009 1759 3058 ignoro.
1799 3006 1954 3057 Caligula
1976 3019 2049 3056 cap.
2075 3019 2127 3041 11.
2159 3010 2272 3039 Naum

1257 3078 1333 3100 ranz
1351 3074 1466 3100 tamen
1482 3061 1609 3110 fevam
1626 3069 1728 3108 atque
1749 3058 1937 3107 probrosam
1957 3070 2013 3092 nec
2040 3067 2118 3091 tunc
2136 3054 2270 3103 quiam}

1256 3114 1406 3161 inhibere
1412 3121 1557 3165 poterat.
1615 3113 1761 3151 Nerone
1780 3121 1854 3160 cap.
1871 3122 1922 3145 10.
1940 3113 2071 3155 Neque
2088 3103 2274 3185 lilaeraliff-a
