2504 3425
292 266 362 305 ego
383 252 531 293 caussam
546 256 702 291 existimo
722 255 819 298 liujus
836 250 1070 303 superstitionis
1085 275 1097 290 ,
1150 247 1244 297 quod
1266 249 1318 286 in-

296 308 426 354 ciperet
445 306 511 342 hoc
536 305 747 343 vocobulum
767 315 786 337 a
807 315 895 346 non,
954 298 1046 349 quod
1061 308 1161 352 ‚vetat
1182 312 1192 335 t
1221 297 1316 346 quasi

302 369 411 392 omen
430 354 507 392 esset
530 368 604 391 rem
627 353 825 389 inchoatam
845 365 917 387 nou
939 348 1171 386 successuram.
1230 351 1317 402 Haec

304 405 351 442 est
370 405 552 452 Sus-<paula
571 403 732 438 nominis.
755 412 791 437 ut
809 402 843 436 in
863 401 921 438 illo
938 404 1094 436 Cauneas
1120 395 1215 449 quasi
1238 398 1318 436 esset

301 469 386 493 cave
405 469 445 490 ne
466 468 529 490 [la-‘-

359 520 415 547 93·
448 501 586 549 Dimiffb
607 499 763 549 concilio]
794 504 911 550 Lege:
967 498 1104 548 confilio.
1162 498 1230 536 hoc
1249 498 1318 541 est,

302 552 511 591 aslelloribus
531 553 565 588 in
585 551 752 589 tribunali.
809 554 969 588 Diximus
987 551 1029 586 ad
1042 551 1192 588 Livium.
1221 552 1321 587 Gito-

307 615 459 639 novtus.
490 604 615 638 firmat
635 603 746 638 codex
761 601 915 638 Salmasii
934 630 944 645 ‚
981 603 1016 637 in
1034 614 1105 650 quo
1122 599 1249 650 confilio
1278 600 1322 636 le-

305 654 403 699 gitur.
431 652 511 689 Tib.
531 666 604 703 cap..
625 666 678 691 xv
698 668 707 689 i
729 667 740 689 1
761 667 790 689 1.
819 652 918 688 Nihil
944 665 1011 688 non
1039 654 1080 687 de
1106 650 1227 700 consilii
1248 650 1324 698 sen-

303 695 417 739 'tentia
436 704 518 751 agit.

302 753 305 757 “
363 767 417 798 94·
447 752 611 789 Velitrini.
627 751 640 800 l
672 751 794 789 Codex
812 751 984 790 Salmasn':
1015 752 1174 789 Veliterni
1191 778 1203 794 ,
1232 761 1267 787 ut
1290 761 1324 786 a.

305 803 373 852 pud
393 803 449 839 Lis
461 803 531 838 ium
549 815 686 853 quoque
704 803 864 839 scribitur.

360 855 437 900 §Quo
456 854 502 888 ad
522 853 560 901 fi
578 853 712 902 qm‘sijue
730 855 823 902 spem
838 852 1026 901 traherem]
1046 853 1159 890 Scribe
1170 866 1212 890 ex
1220 852 1328 889 Salm.

307 903 386 940 cod.
419 907 456 941 ὃς
483 903 577 941 Κοὶ),
610 905 726 955 Steph.
747 906 836 953 quod
854 905 902 940 ad
923 904 959 952 se
987 904 1124 954 quzssjue
1145 905 1239 953 spem
1258 915 1330 941 tra-

306 953 411 991 heret.

362 1008 453 1041 Cum
469 1014 574 1040 cetera
598 1014 756 1041 matrone
774 1005 974 1048 dormirent,
987 1003 1218 1052 obdormisse]
1252 1006 1329 1039 Ho-

307 1066 387 1090 rum
407 1054 596 1093 verborum
616 1054 751 1091 sensum
780 1056 936 1104 ineptum
955 1052 1019 1091 efle
1043 1056 1154 1105 quivis
1173 1067 1245 1090 non
1279 1055 1329 1089 in·

308 1116 406 1153 eptus
420 1104 516 1141 facile
535 1105 637 1142 videt,
695 1109 856 1143 Gruterus
873 1106 1011 1150 conjicit
1027 1104 1212 1154 legendum
1225 1122 1234 1140 2
1247 1105 1329 1138 dum

310 1166 421 1191 cetera
440 1166 596 1190 matrone
620 1156 833 1192 edormiunt.
861 1166 896 1191 ut
911 1155 1011 1197 velit,
1041 1156 1150 1204 inquit
1166 1182 1178 1196 ,
1224 1155 1258 1189 in
1284 1153 1329 1189 le-

311 1205 403 1241 sticis
421 1217 593 1254 quamque
610 1205 673 1240 suis
689 1203 874 1253 complesse
894 1203 1077 1247 somnum,
1107 1204 1207 1239 domi
1226 1205 1328 1239 inter-

309 1267 445 1304 ruptum
466 1282 477 1297 ‚
534 1255 616 1290 dum
638 1266 811 1291 maturant
829 1254 872 1290 ad
893 1254 980 1291 hanc
1018 1254 1183 1305 Apollinis
1202 1253 1328 1290 aedem.

308 1305 375 1341 Sed
400 1318 462 1340 nec
482 1302 527 1339 fic
545 1304 681 1342 insulsus
700 1305 809 1342 sensus
828 1305 953 1341 tollitur
967 1334 978 1348 ‚
1022 1307 1077 1355 qui
1106 1304 1263 1356 postulat,
1292 1315 1328 1340 ut

309 1355 398 1391 aliud
413 1354 491 1405 quid
507 1367 678 1391 matronae
699 1356 851 1393 dicantur
868 1354 980 1393 fecisse
1001 1369 1108 1406 quam
1121 1356 1216 1393 Livia
1228 1383 1240 1398 ‚
1253 1368 1328 1405 quae

306 1405 550 1443 obdormierit.
582 1406 784 1444 Torrentius
803 1419 967 1457 tanquam
983 1405 1241 1444 immedicabile
1258 1406 1332 1443 vul-

309 1469 374 1493 nus
397 1456 516 1493 recidit
533 1457 603 1492 haec
625 1456 732 1494 verba
759 1473 768 1495 ς
809 1459 892 1493 dum
910 1467 1017 1493 cetera
1031 1468 1189 1494 matronae
1205 1457 1332 1493 dormi-

307 1517 396 1545 rent.
453 1506 520 1543 Sed
540 1507 606 1543 hoc
630 1506 677 1544 est
697 1507 889 1547 violentum
908 1520 1029 1545 contra
1045 1509 1210 1545 omnium
1237 1508 1331 1544 codi-

310 1570 395 1594 cum
414 1556 533 1594 fidem.
593 1560 783 1596 Mutatione
802 1559 868 1598 levi
887 1560 1008 1595 omnia
1030 1557 1123 1608 posse
1143 1588 1154 1602 ,
1178 1571 1257 1608 quae
1276 1559 1330 1596 hic

311 1620 492 1645 morantur
510 1608 699 1653 lectorem,
731 1610 802 1646 tolli
820 1639 832 1653 ,
879 1609 1066 1660 cognosces
1085 1639 1097 1654 ,
1141 1608 1168 1646 si
1187 1622 1329 1647 mecum

310 1657 432 1709 legeris
454 1675 464 1697 ι
515 1659 600 1696 dum
616 1670 723 1697 cetera
744 1672 899 1697 matrona
918 1662 1055 1697 domum
1079 1661 1180 1699 irent.
1234 1663 1330 1698 Cum

309 1711 456 1759 perastis
478 1708 576 1747 sacris
595 1722 718 1748 cetera:
737 1711 888 1749 domum
908 1712 1017 1755 irent,
1067 1710 1140 1748 haec
1158 1710 1247 1749 forte
1265 1712 1331 1751 ob-

309 1759 460 1799 dormiit.

367 1816 437 1848 Nec
452 1813 585 1863 potuiffi„²
604 1822 757 1865 unquam
776 1811 924 1859 mima]
982 1812 1062 1857 Jure
1077 1814 1107 1857 J.
1126 1815 1178 1849 Fr.
1192 1816 1332 1852 Grono-

311 1861 386 1899 vius
408 1875 564 1901 veterum
582 1865 750 1902 librorum
777 1863 976 1913 scripturAm
994 1863 1080 1912 exigi
1102 1864 1243 1913 praetulit
1263 1865 1334 1902 edi-

310 1912 471 1951 tionibus,
529 1918 570 1951 Et
590 1914 637 1952 fic
656 1914 789 1953 videtur
803 1914 953 1951 Ovidius
969 1927 1108 1964 quoque
1124 1913 1282 1963 scripsisse
1294 1930 1306 1953 ε

417 1963 534 2012 Exigit
554 1966 623 2013 ipsa
640 1967 708 2001 dies
730 1977 839 2000 omnes
859 1965 900 2000 de
917 1974 1042 2013 corpore
1060 1965 1216 2002 mendas.

362 2015 531 2061 Apollinis
549 2015 665 2061 filium
681 2014 908 2060 existimatum
927 2015 943 2061 ]
977 2014 1107 2052 Ideo&
1120 2015 1288 2064 Apollinis
1297 2016 1331 2053 in

312 2064 476 2102 convivio
495 2062 696 2111 δωδεκαθέῳ
717 2063 899 2113 personam
918 2064 1017 2113 gestit
1031 2094 1042 2109 ‚
1077 2077 1115 2103 ut
1133 2079 1161 2102 c.
1177 2081 1235 2115 70.
1264 2079 1332 2103 tra-

293 2113 396 2151 *didit
413 2116 592 2153 Suetonius
616 2145 629 2160 ‚
686 2119 724 2152 ὃ(
750 2127 824 2151 non
840 2115 950 2151 modo
967 2116 1003 2152 in
1021 2126 1174 2154 nummo
1190 2128 1331 2161 vetere,

306 2163 419 2214 'quem
434 2165 592 2216 produxit
607 2166 830 2208 Torrentius,
860 2162 906 2200 fic
925 2163 1084 2216 fingitur,
1109 2166 1262 2207 sed&in
1270 2179 1331 2207 an·

312 2216 407 2267 tiqua
425 2217 642 2267 inscriptione
660 2215 707 2253 fic
726 2215 931 2267 appellatur:

498 2267 808 2305 APOLLINI.
833 2267 999 2304 DIVO.
1027 2267 1159 2305 AVG.

393 2318 444 2365 Q
469 2319 699 2355 LVTATI
717 2321 792 2354 VS.
823 2318 876 2365 Q
901 2319 936 2353 F.
963 2318 1088 2355 CLA.
1116 2318 1244 2358 CA...

421 2369 497 2416 ,Q
521 2369 834 2406 LVTAT1VS.
864 2368 915 2416 Q
941 2370 975 2405 1³.
1012 2368 1200 2408 CLA...

365 2419 497 2468 Unique
509 2419 587 2455 olim
604 2420 737 2456 omnino
752 2424 881 2467 Magno
891 2417 1130 2467 Alexandra]
1159 2419 1250 2458 Cod.
1260 2419 1328 2458 Sal-

295 2467 397 2505 'mas
418 2469 543 2518 unique
559 2470 650 2506 omni
669 2475 794 2517 Magno
808 2467 1023 2505 Alexandro.
1054 2470 1146 2507 Olim
1162 2470 1329 2522 deprava-

315 2529 390 2554 tum
411 2519 458 2556 est
471 2521 506 2555 in
524 2522 638 2564 omni,
664 2520 760 2570 quod
779 2517 897 2571 postea
914 2519 986 2557 aliis
1003 2533 1144 2571 quoque
1165 2522 1327 2560 insertum

314 2569 491 2607 codicibus
510 2583 594 2607 cum
614 2583 696 2608 vera
715 2570 864 2608 leffione
883 2597 894 2612 ,
947 2570 1096 2621 indeque
1111 2583 1227 2610 ortum
1247 2573 1327 2611 illud

315 2620 476 2670 Qmm‘m,
494 2621 589 2671 quod
610 2621 689 2658 sane
710 2619 982 2672 expungendum
998 2622 1046 2659 est
1062 2651 1076 2667 ,
1107 2635 1183 2673 quae
1203 2628 1241 2662 δε
1259 2624 1327 2662 Sal-

313 2669 413 2706 masii
430 2668 478 2707 est
493 2672 667 2711 sententia.

295 2722 298 2724 ’
367 2721 556 2769 Demzsfum
573 2722 686 2771 coel0.]
718 2720 810 2760 Cod.
825 2721 965 2761 Salmas.
982 2722 1114 2771 demiffi)
1134 2737 1150 2759 e
1164 2724 1254 2761 caelo.

369 2772 500 2807 Tunica
516 2772 582 2809 laci
598 2772 691 2809 clavi
714 2774 841 2820 resuta.
856 2774 872 2822 ]
890 2770 1051 2811 Excidiss'e
1068 2774 1216 2812 litteram
1224 2788 1331 2813 unam

314 2830 399 2869 puto
417 2850 429 2865 ,
467 2821 721 2874 legendumque
737 2825 854 2860 tunica
869 2824 1051 2861 laticlavia
1063 2854 1074 2868 ‚
1091 2837 1128 2863 ut
1146 2826 1255 2864 solent
1274 2840 1332 2866 ve-

298 2878 415 2916 rteres.
443 2873 494 2907 Sic
516 2873 654 2911 inferius
671 2875 855 2913 laticlaviz'.
884 2875 1002 2912 Valer.
1014 2877 1108 2914 Max.
1128 2879 1177 2915 V.
1194 2891 1223 2915 1.
1246 2883 1331 2914 Pue-

316 2930 395 2954 rum
416 2924 559 2966 annulo,
581 2923 757 2973 fibulaque
772 2938 902 2971 aurea,
928 2924 981 2969 Εἴ
997 2928 1115 2964 tunica
1130 2926 1334 2973 laticlavia,

293 2968 524 3024 'Hzspanoque
544 2971 682 3020 sagulo}
707 2974 760 3017 ξς
780 2987 897 3012 ornato
919 2989 1000 3026 equo
1020 2977 1185 3014 donatum
1203 3006 1215 3022 ‚
1241 2980 1334 3016 datis

292 3058 299 3073 γ’
314 3029 373 3069 qua
390 3032 471 3118 Jaem
492 3028 765 3070 prosequeremur
784 3027 951 3076 equitibus
972 3055 985 3072 ,
1038 3030 1087 3066 ad
1110 3029 1335 3081 Masaniſj‘am

313 3080 397 3106 remi
411 3078 451 3107 tt.

575 165 1036 239 JoANt-iis
1111 155 1600 213 Gssonott
1673 159 2095 221 GxAEvir

1426 250 1542 284 Enata
1561 247 1711 299 soboles]
1740 253 1965 292 Salui-enata
1989 254 2125 304 suboles.

1429 311 1486 351 95.
1515 299 1579 335 Ad
1593 299 1734 346 speciem
1753 302 1882 351 caelestis
1899 305 2038 355 arcun]
2070 304 2161 344 Cod.
2182 301 2322 346 Salmas.
2339 306 2388 345 ad

1365 344 1489 393 sertem
1509 347 1637 394 caelestis
1655 361 1770 389 arcus.

1428 410 1485 443 97.
1514 398 1649 447 Aquila
1666 400 1714 435 ad
1727 401 1877 447 primam
1891 403 2026 441 literam
2043 404 2170 454 sedin}
2199 404 2389 454 Quidistud

1373 445 1545 486 ostentum
1571 448 1798 499 portenderit,
1827 466 1898 489 non
1916 455 2059 504 explicat
2074 457 2265 494 Suetonius.
2324 455 2392 495 Sed

1378 498 1568 545 Augustum
1585 512 1739 536 mortem
1770 501 1832 538 fibi
1852 503 2034 541 imminere
2053 518 2094 543 ex
2125 507 2182 543 illo
2207 505 2388 554 conjecifle

1376 548 1484 584 tradit.
1546 552 1690 601 Nempe
1721 552 1833 600 aquila
1862 551 1998 602 signum
2022 556 2283 594 consecrationis
2298 569 2390 601 erat,

1378 609 1480 648 atque
1499 612 1538 635 ea
1558 602 1593 636 in
1612 602 1765 638 nummis
1789 606 2045 652 Imperatorum
2057 632 2069 647 ,
2083 608 2249 656 praecipue
2260 611 2309 646 M.
2322 609 2393 644 An·
2422 650 2427 655 Ι

1379 650 1487 686 tonini
1506 652 1556 687 Pii
1575 664 1654 688 cum
1676 651 1820 690 fulmine
1839 652 1961 703 paffim
1977 665 2117 704 apparet
2134 683 2146 698 ,
2181 669 2261 693 cum
2280 658 2392 695 inscri-

1379 700 1498 749 ptione
1529 713 1814 741 CONSECRATIO.
1872 707 1967 741 Inter
1990 717 2083 754 quos
2105 718 2190 741 unus
2207 707 2328 752 exstat,
2357 709 2394 745 in

1379 763 1451 799 quo
1470 751 1586 787 anima
1610 752 1774 789 Antonini
1792 753 1893 791 instar
1910 754 1991 791 nudi
2010 754 2162 791 hominis
2172 756 2290 804 aquilae
2314 757 2392 794 insi-

1382 801 1465 836 dens
1483 801 1524 837 ad
1539 800 1670 840 coelum
1698 801 1812 841 fertur.
1869 808 1913 843 ,ln
1936 804 2112 842 funeribus
2137 809 2393 855 Imperatorum

1383 850 1563 900 postquam
1582 867 1685 904 rogus
1706 853 1850 898 arserat,
1880 868 1899 891 e
1919 855 2018 893 busto
2032 855 2143 906 aquila
2161 858 2395 902 emittebatur,

1381 914 1417 938 ut
1436 915 1476 939 ex
1491 905 1607 940 Dione
1623 933 1634 947 ‚
1659 904 1854 956 Xiphilino‚
1883 907 2088 944 Herodiano
2106 906 2239 956 pridem
2257 909 2319 946 viri
2335 908 2398 946 do-

1383 954 1426 988 sti
1443 953 1675 992 observarunt.
1733 957 1864 993 Scilicet
1884 957 1993 1007 aquila
2012 957 2066 993 illa
2080 958 2114 993 in
2135 959 2330 1007 proximam
2351 972 2397 996 ae-

1381 1002 1463 1038 dem
1482 1005 1514 1039 se
1531 1005 1741 1048 contulerat,
1759 1018 1861 1056 atque
1883 1009 1926 1044 ad
1946 1008 2097 1058 primam
2117 1007 2264 1045 litteram
2284 1011 2398 1046 nomi-

1381 1054 1430 1088 nis
1450 1054 1608 1104 Agrippae
1627 1056 1826 1093 consederat
1843 1086 1854 1100 ,
1884 1071 1961 1108 quae
1978 1058 2090 1107 prima
2107 1071 2247 1108 quoque
2269 1059 2316 1095 est
2335 1073 2398 1098 no·

1380 1103 1482 1139 minis
1500 1105 1651 1154 Augusti.
1673 1106 1766 1156 quod
1785 1106 1923 1156 signum
1950 1119 2022 1144 erat
2053 1109 2243 1158 Augustum
2275 1123 2401 1161 prope*

1378 1152 1472 1188 diem
1491 1155 1728 1192 consecratum
1740 1185 1752 1199 ,
1778 1157 1844 1193 hoc
1862 1157 1931 1201 est,
1960 1159 2047 1195 inter
2063 1161 2161 1195 Deos
2176 1159 2323 1196 relatum
2339 1162 2397 1205 iri,

1378 1202 1472 1252 quod
1491 1202 1565 1240 fieri
1582 1218 1654 1241 non
1674 1217 1809 1254 poterat
1823 1206 1886 1243 nisi
1910 1208 1984 1257 post
2002 1220 2168 1248 mortem.
2213 1210 2278 1247 Sed
2290 1224 2334 1247 ne
2345 1213 2394 1248 vi-

1374 1253 1481 1301 gilans
1498 1253 1672 1291 somniare
1689 1255 1828 1300 videar,
1854 1259 2135 1306 alconjectorum
2153 1259 2293 1297 somniis
2314 1262 2395 1298 ἐπέ-

1376 1319 1454 1350 χω,
1483 1306 1672 1344 CoETffiR.

1429 1357 1547 1404 Atque
1566 1357 1687 1393 ninere
1705 1357 1900 1406 inchoata]
1931 1358 2022 1398 Cod.
2044 1359 2153 1399 Salm.
2168 1369 2271 1409 atque
2288 1361 2326 1398 in
2340 1362 2398 1398 iti-

1374 1417 1450 1440 nere
1466 1405 1630 1446 inchoato,

1430 1460 1487 1499 98.
1520 1462 1573 1492 De
1594 1457 1653 1494 hoc
1672 1472 1800 1509 quoque
1818 1459 2017 1510 consuluit]
2056 1460 2148 1498 Cod.
2162 1461 2268 1499 Salm.
2295 1465 2399 1501 Adde

1373 1517 1512 1555 quoque.
1536 1506 1633 1557 lege:
1660 1522 1701 1546 ac
1717 1511 1758 1546 de
1777 1509 1836 1548 hoc
1855 1524 1997 1561 quoque.
2052 1511 2134 1549 Post
2149 1511 2244 1549 idem
2264 1514 2395 1560 codex,

1372 1555 1574 1593 etiamtum
1595 1558 1750 1606 infirmis.

1430 1620 1487 1650 99.
1518 1609 1606 1645 Δότε
1625 1610 1790 1660 Daphnin]
1821 1610 1981 1650 {Salmas-
2020 1618 2048 1649 E
2061 1623 2113 1650 ‘tc
2124 1619 2137 1650 1
2149 1619 2177 1651 Δ
2188 1621 2214 1652 Ε
2227 1622 2287 1653 ἹΑ
2298 1624 2327 1654 Χ
2341 1625 2397 1655 01

1373 1662 2054 1701 KAQcTOITAlcNIOAOTE
2078 1692 2090 1708 ,
2127 1666 2230 1704 Unde
2246 1671 2284 1705 δε
2309 1672 2397 1706 Tur·

1378 1709 1487 1744 nebus
1505 1723 1554 1747 ex
1569 1710 1639 1747 aliis
1658 1710 1750 1750 libris
1766 1712 1847 1764 legit
1866 1728 1877 1751 ε
2098 1718 2100 1722 ’

1432 1760 1473 1794 Εἰ
1497 1758 1535 1795 δὲ
1554 1763 1622 1797 πᾶν
1641 1761 1718 1809 ’ἔχοι
1739 1766 1856 1804 καλῶς
1873 1793 1885 1808 ,
1921 1767 1973 1811 τῷ
1992 1764 2146 1814 παιγνίῳ
2168 1764 2246 1803 δότε
2262 1769 2395 1816 κρότον,

1375 1812 1412 1846 ὅ(
1431 1823 1507 1859 quae
1525 1810 1716 1861 sequuntur.
1744 1814 2153 1854 Vide&Casaubonum.
2191 1820 2352 1857 Gruterus
2360 1822 2397 1860 in

1379 1860 1535 1898 Palatino
1554 1864 1667 1912 primo
1685 1868 1722 1900 δε
1740 1864 1891 1902 secundo
1906 1865 1960 1902 illa
1979 1879 2117 1916 quoque
2131 1866 2239 1904 verba
2250 1869 2394 1920 invenit3

1377 1911 1412 1947 in
1429 1913 1529 1948 tertio
1546 1926 1632 1949 vero
1642 1924 1693 1950 tot
1704 1916 1831 1963 Graecis
1848 1915 1962 1953 verbis
1973 1915 2117 1966 spatium
2139 1916 2186 1954 est
2213 1918 2368 1959 relietum
2379 1952 2392 1968 ‚

1376 1973 1410 1997 ut
1429 1963 1514 1998 &in
1531 1961 1742 2014 Copesiano.
1780 1966 1873 2001 Hinc
1891 1979 1964 2002 non
1980 1966 2131 2006 dubitavi
2148 1981 2228 2005 cum
2247 1972 2394 2011 Grutero

1376 2011 1438 2047 ista
1453 2012 1559 2051 verba
1578 2041 1590 2056 ‚
1625 2027 1701 2064 quae
1719 2013 1852 2052 dudum
1870 2015 2064 2054 exciderant
2085 2047 2096 2061 ,
2122 2031 2290 2069 reponere
2302 2051 2314 2066 ,
2348 2038 2393 2062 ne

1375 2060 1494 2099 frustra
1512 2065 1548 2100 in
1564 2065 1653 2102 notis
1671 2064 1783 2102 solum
1803 2065 2048 2105 &adversariis
2067 2068 2280 2108 eruditorum
2302 2073 2395 2126 lege-

1377 2125 1511 2158 rentur,
1539 2114 1596 2151 sed
1613 2128 1687 2165 quo
1700 2117 1853 2154 maxime
1874 2117 2051 2156 debebant
2073 2119 2164 2156 loco.

1432 2166 1474 2201 Id
1490 2178 1617 2215 quoque
1633 2169 1743 2216 magis
1763 2167 1970 2218 praefizgium.
1988 2169 2005 2217 ]
2053 2170 2193 2208 Salmas.
2211 2172 2250 2208 id
2263 2186 2393 2224 quoque

1373 2216 1481 2262 magis
1500 2215 1694 2264 prafizgum.

1435 2278 1513 2302 100.
1541 2270 1688 2302 Ezmtem
1702 2269 1739 2303 in
1755 2267 1875 2305 coelum
1893 2269 2011 2318 vidzffl
2028 2270 2190 2320 juraffin]
2221 2274 2336 2312 Scribe
2352 2289 2394 2316 ex

1373 2314 1513 2353 Salmas.
1531 2319 1568 2353 ὅ(
1596 2316 1690 2354 Rob.
1711 2319 1826 2368 Steph.
1838 2319 1987 2364 juraret.

1430 2370 1521 2404 Tunc
1535 2368 1618 2416 jam
1634 2367 1851 2419 publicarat]
1899 2369 2005 2410 Salm.
2033 2372 2114 2422 jam
2139 2381 2214 2410 tum
2239 2376 2394 2424 publica-

1371 2426 1423 2454 ret

1437 2481 1513 2505 101.
1543 2470 1635 2516 Qas
1653 2467 1809 2515 &firre
1827 2483 1947 2507 nomen
1956 2472 2061 2519 suum
2071 2471 2196 2521 suffia]
2247 2477 2395 2518 Notavit

1376 2517 1601 2556 Casaubonus
1613 2520 1750 2558 Liviam
1762 2521 1837 2572 post
1848 2522 1962 2559 mariti
1972 2522 2144 2560 excefl'um
2156 2536 2228 2560 non
2238 2529 2389 2574 Liviam,

1375 2568 1432 2604 sed
1462 2569 1587 2612 Julian]
1617 2582 1781 2609 vocatam
1804 2570 1910 2610 fuisse.
1967 2576 2106 2612 Verum
2123 2586 2307 2626 utrumque
2331 2594 2395 2618 no.

1376 2632 1461 2656 men
1481 2621 1638 2665 retinuit,
1668 2632 1703 2658 ut
1723 2634 1813 2673 patet
1832 2637 1874 2659 ex
1890 2623 2159 2674 inscriptionibus
2169 2627 2311 2677 antiquis
2318 2657 2331 2674 ,
2357 2632 2393 2673 in

1376 2670 1499 2720 quibus
1520 2671 1627 2707 Livia
1648 2674 1821 2720 Augusta,
1851 2678 1888 2711 &
1908 2674 2014 2720 Julia
2032 2676 2138 2712 Livia
2165 2679 2314 2724 Augusta
2332 2692 2392 2730 ap.

1377 2720 1518 2771 pellatur
1539 2750 1550 2765 ‚
1579 2733 1615 2761 ut
1638 2724 1767 2760 erudite
1785 2724 1927 2774 disputat
1944 2724 2078 2762 illustris
2103 2726 2327 2776 Spanhemius
2352 2732 2388 2769 in

1377 2769 1602 2810 differ-tatione
1650 2786 1692 2813 vx
1705 2788 1733 2812 1.
1752 2774 1795 2812 de
1820 2777 2017 2814 Praestantia
2047 2780 2086 2814 ὃς
2114 2775 2172 2812 usu
2201 2779 2390 2819 numisma·

1378 2834 1465 2860 tum.

1436 2874 1496 2909 Ad
1522 2873 1645 2910 vicena
1652 2874 1840 2924 sestertia]
1876 2877 2105 2928 Legendum,
2136 2887 2172 2913 ut
2185 2875 2322 2927 pulchre
2340 2883 2390 2919 vi.

1380 2924 1429 2961 dit
1459 2924 1512 2962 Cl.
1538 2926 1738 2963 Perizonius
1755 2955 1766 2969 ‚
1800 2928 1849 2962 ad
1877 2929 1979 2967 vicies
1992 2927 2198 2975 sestertium,
2232 2927 2298 2965 hoc
2316 2931 2387 2976 est,

1379 2976 1626 3027 quinquaginta
1650 2976 1743 3012 milia
1769 2977 1996 3028 Philippeum.
2052 2977 2233 3012 Producere
2256 2979 2311 3016 hic
2340 2983 2388 3022 est

1381 3025 1576 3066 extendere·
1633 3028 1720 3062 Non
1747 3027 1838 3065 nulla
1871 3028 1982 3076 legata
2004 3036 2075 3061 tam
2095 3026 2210 3077 ampla
2231 3027 2388 3080 fuerunt,

1379 3085 1415 3117 ut
1435 3075 1680 3125 quinquaginta
1695 3077 1831 3116 milium
1851 3077 2064 3127 Philippeum
2080 3074 2256 3119 summam
2274 3094 2387 3132 aequa..

2299 3145 2388 3174 rent·
