2504 3425
757 208 1700 267 DEDICATIO.
2226 225 2256 280 ς

173 299 209 354 fi
223 299 447 355 nesciunt
459 300 658 375 legibus
670 303 921 358 Romanis
935 304 1091 358 scelus
1104 305 1242 367 hoe,i
1251 320 1358 358 nter
1370 305 1695 377 publicorum
1700 301 2013 374 judiciorum
2028 301 2260 369 crimina,

169 375 474 447 asperrimum
491 413 507 438 ,
543 380 594 428 &
613 380 844 448 primum,
879 383 1234 451 maximumque
1260 377 1387 440 esse,
1427 396 1593 447 neque
1614 378 1785 450 poenis
1811 376 1995 448 quibus
2009 375 2258 432 sancitum

169 446 272 499 hoc
308 448 638 518 parricidium
679 451 951 521 publicum
980 489 996 512 ‚
1048 450 1376 504 absterrentur
1402 471 1411 502 :
1454 450 1624 502 saltem
1652 463 1838 502 natu-rae
1866 447 2018 520 ipsius
2047 468 2175 503 voce
2199 469 2261 504 ac

171 516 264 571 fati
283 521 564 573 neceffitate
581 525 823 585 revocari,
843 521 1096 593 ipsiusque
1114 524 1236 574 coeli
1253 521 1540 593 gravissimo
1548 523 1752 590 judicio
1767 527 1816 574 ὃς
1832 522 2092 593 suppliciis
2108 524 2156 576 in
2169 542 2259 577 eos

167 591 417 644 divinitus
432 595 661 648 immissis
682 633 696 657 ,
713 597 803 664 qui
823 595 1130 647 sanetitatem
1147 612 1321 664 regum
1336 594 1685 646 violavissent?
1717 595 1950 666 Philippi
1967 596 2176 666 quidem
2192 597 2257 649 11-

167 662 267 716 lius
286 666 467 737 inclyti
485 667 834 719 Macedonum
849 668 976 738 regis
989 709 1001 729 ‚
1023 663 1456 738 C.Jul1'iCaesaris
1472 703 1487 727 ‚
1500 666 1752 718 Gordiani
1767 668 1989 738 Junioris
2003 706 2018 731 ‚
2035 669 2221 722 Dionis
2236 708 2254 734 ,

164 736 487 808 aliorumque
514 741 812 811 principum
842 737 1148 811 percussores
1164 775 1179 799 ‚
1220 735 1330 806 ipso
1357 738 1508 788 etiam
1525 756 1632 806 quo
1657 742 1984 807 parricidium
2002 739 2254 806 fecerant,

165 810 397 880 pugione
411 848 429 873 ,
469 812 707 863 Dirarum
723 812 954 881 auspiciis
971 847 986 871 ‚
1025 809 1121 861 sese
1138 806 1455 860 interfecisse.
1534 808 1847 879 Hujusmodi
1864 814 2100 873 vocibuS‚
2131 834 2253 869 cum

164 882 322 942 teua,
366 884 465 935 viae
481 920 497 945 ‚
537 885 869 953 compitaque
893 882 1065 932 omnia
1103 879 1452 951 personarent,
1492 881 1576 930 cui
1604 899 1705 931 non
1747 883 1811 934 ad
1834 902 1907 935 res
1933 886 2048 936 alias
2076 906 2253 940 omnes

162 953 340 1025 lingua
352 954 721 1007 obmutesceret
735 992 750 1015 ,
790 970 966 1005 manus
978 954 1272 1024 obtorperet
1290 989 1303 1011 ,
1341 969 1481 1003 mens
1494 951 1756 1004 debilitata
1769 969 1904 1007 metu
1920 959 2212 1011 concideret
2231 969 2252 1013 ?

163 1026 305 1078 Meae
332 1027 544 1096 quidem
562 1027 753 1080 rivulus
766 1026 1014 1079 dietionis
1029 1064 1045 1087 ‚
1083 1043 1238 1095 quam
1255 1024 1376 1075 alias
1392 1042 1603 1094 quoque
1611 1026 1834 1095 jejunam
1849 1066 1864 1090 ‚
1901 1029 2086 1080 exilem
2103 1066 2118 1090 ,
2157 1033 2251 1083 ari..

157 1097 277 1151 dam
308 1140 319 1158 ,
373 1097 674 1169 exsanguem
689 1142 702 1159 ,
744 1098 1116 1169 exsuccamque
1143 1099 1461 1167 comperior,
1500 1097 1704 1167 publica
1729 1100 1816 1152 illav
1840 1099 2250 1155 consternatione

158 1175 212 1222 &
241 1170 379 1223 lustu
395 1211 409 1231 ‚
451 1172 578 1223 nihil
596 1173 809 1244 propius
824 1170 1014 1224 fastum
1031 1169 1103 1222 est
1117 1207 1134 1232 ‚
1173 1188 1327 1240 quam
1342 1183 1397 1221 ut
1413 1169 1606 1240 prorsus
1622 1185 1863 1241 tanquam
1882 1173 2134 1226 Novanus
2150 1176 2251 1228 flu-

156 1244 270 1296 vius
286 1244 460 1296 bruma
479 1243 738 1297 siccaretur
754 1284 770 1308 ,
798 1259 932 1296 certe
945 1257 1000 1295 ut
1015 1243 1141 1296 Padi
1157 1241 1272 1295 fons
1288 1243 1500 1294 meridie
1516 1241 1624 1312 ipso
1637 1244 2046 1314 interquiescen8‚
2063 1248 2249 1301 aresce-

156 1330 233 1368 ret
246 1354 263 1378 ,
300 1331 386 1369 aut
406 1316 543 1388 quasi
562 1319 992 1389 Anapauomenus
1007 1316 1094 1368 ille
1110 1317 1250 1378 Jovis
1265 1313 1380 1367 fons
1396 1314 1636 1367 deficeret
1653 1335 1746 1387 pro
1759 1331 2003 1389 tempore.
2068 1321 2249 1393 Atque

155 1387 279 1441 huic
293 1389 504 1460 quidem
523 1390 592 1440 rei
608 1404 904 1463 argumenta
916 1408 1051 1441 nunc
1066 1388 1236 1440 dicere
1259 1426 1273 1450 ‚
1313 1386 1689 1458 siccitatemque
1705 1389 1982 1444 locutionis
1995 1410 2119 1445 meae
2136 1431 2153 1456 ,
2191 1399 2247 1447 &

154 1460 297 1530 quasi
318 1463 637 1531 jejunitatem
664 1462 926 1515 ostendere
953 1466 1002 1514 &
1028 1459 1309 1533 patefacere
1327 1461 1457 1512 velle
1474 1499 1487 1522 ‚
1526 1461 1692 1513 afitum
1709 1481 1853 1535 agere
1868 1463 1960 1517 sits
2011 1466 2153 1517 Nam
2169 1484 2245 1519 res

155 1533 259 1603 ipsa
273 1535 427 1586 etiam
445 1553 525 1587 me
543 1536 798 1588 indicente
813 1535 923 1588 satis
935 1537 1100 1606 arguit
1113 1577 1124 1594 ‚
1169 1538 1220 1585 &
1249 1532 1444 1586 volenti
1462 1532 1618 1585 fidem
1636 1533 1798 1587 facere
1812 1575 1826 1598 ,
1866 1552 2041 1594 acutus
2056 1539 2243 1609 aliquis
2322 1579 2339 1590 a

156 1603 320 1658 homo
337 1645 353 1669 ,
406 1612 457 1660 &
488 1608 706 1661 vernula:
738 1609 1034 1660 urbanitatis
1049 1624 1218 1659 amans
1233 1606 1450 1668 dixerit,
1487 1607 1632 1677 quod
1648 1608 1897 1681 pingendi
1911 1611 2036 1662 olim
2054 1610 2242 1664 artifici

152 1694 259 1730 non
273 1680 479 1749 optimo
493 1718 507 1740 ‚
547 1699 609 1733 cu
618 1700 663 1733 m
680 1682 744 1733 de
760 1680 1010 1754 pingendi
1026 1680 1276 1732 celeritate
1288 1678 1508 1749 glorians
1523 1716 1539 1741 ‚
1577 1697 1642 1732 ex
1656 1693 1887 1753 tempore
1899 1684 2034 1736 illam
2051 1704 2077 1737 a
2092 1683 2138 1736 se
2151 1684 2241 1737 de-

149 1751 343 1821 pi&am
360 1752 594 1804 tabellam
612 1755 812 1812 diceret,
837 1753 1043 1825 Apelles
1057 1752 1218 1805 facete
1232 1751 1491 1822 respondit
1511 1772 1521 1803 :
1550 1751 1818 1806 Tabellam
1836 1755 1935 1808 hoc
1952 1755 2109 1826 ipsam
2124 1756 2242 1810 satis

150 1821 334 1876 dicere.
391 1824 593 1876 Tamen
608 1825 758 1878 dolor
772 1825 878 1896 ipse
895 1863 908 1887 ,
936 1831 987 1878 δε
1002 1823 1456 1893 dolorjustisfimus
1469 1825 1683 1894 quidem
1699 1865 1714 1887 ‚
1743 1826 1827 1878 has
1844 1828 1971 1880 mihi
1985 1847 2136 1881 voces
2150 1830 2238 1882 de-

147 1893 259 1958 dit,
298 1897 391 1968 qui
411 1911 498 1958 ‚ut
523 1900 786 1951 Romanus
810 1913 978 1951 orator
991 1897 1255 1968 quondam
1283 1897 1449 1960 dixit,
1488 1899 1636 1950 etiam
1663 1916 1726 1951 ex
1738 1899 2237 1971 infantzffimorumin-

138 1972 294 2040 genizs
321 1967 472 2024 elicere
494 1988 630 2024 voces
643 1970 707 2031 (ἔγ
725 1970 934 2044 querelas
940 1971 1081 2044 solet,
1126 1968 1367 2040 cujusque
1380 1969 1655 2041 magnitudo
1665 1975 1771 2022 vim
1783 1972 2042 2044 quamdam
2052 1974 2237 2028 dicendi

146 2037 262 2094 dare
266 2042 411 2115 potest
426 2085 438 2102 ‚
479 2044 698 2114 quique,
712 2059 768 2097 ut
781 2063 897 2097 cum
920 2044 995 2096 M.
1017 2045 1205 2096 Seneca
1217 2044 1405 2101 dicam,
1418 2058 1715 2115 parsmagna
1729 2046 1897 2116 ingenii
1912 2046 1984 2117 est.
2028 2047 2235 2118 Magno

146 2113 322 2183 itaque
337 2114 507 2167 cordis
523 2118 618 2168 mei
639 2116 817 2170 dolore
832 2115 991 2170 fa5'ms
1004 2116 1249 2187 eloquens
1264 2158 1277 2177 ‚
1319 2116 1485 2168 dicam
1505 2153 1519 2177 ,
1547 2116 1692 2186 quod
1710 2130 1852 2170 tanto
1867 2122 2017 2172 etiam
2032 2117 2240 2174 facilius

148 2184 259 2238 dici
285 2205 312 2237 a
340 2205 420 2240 me
446 2188 644 2258 potest,
685 2204 880 2261 quanto
908 2191 1062 2242 etiam
1087 2203 1137 2240 te
1167 2190 1235 2242 V.
1265 2187 1333 2240 C.
1360 2187 1424 2240 ad
1454 2207 1609 2258 quem
1628 2190 1752 2240 mihi
1770 2190 2042 2254 sermoest,
2081 2193 2236 2246 dolor

150 2256 236 2309 hic
269 2261 320 2309 ὃ(
332 2261 670 2314 acerbissimus
686 2263 841 2315 animi
855 2261 1015 2314 sensus
1032 2262 1198 2333 tangit
1212 2279 1314 2332 prae
1330 2260 1504 2313 multis
1517 2299 1533 2324 ,
1571 2279 1687 2313 cum
1702 2261 1766 2313 de
1780 2265 1957 2315 amicis
1972 2264 2154 2317 summi
2170 2265 2230 2316 il-

148 2328 246 2384 lius
274 2333 326 2380 δε
356 2331 572 2402 imperio
598 2338 648 2385 ὃς
678 2336 861 2387 virtute
877 2335 1128 2406 principis
1146 2377 1157 2397 ,
1200 2339 1251 2386 ὃς
1270 2334 1319 2384 in
1336 2332 1966 2404 sanffioreejusconc1'11'0‚
2012 2341 2063 2389 &
2090 2336 2230 2408 quasi

147 2420 262 2474 pars
277 2404 505 2473 corporis
522 2405 818 2476 principalis
837 2446 850 2468 ‚
890 2422 947 2459 ut
965 2407 1207 2460 Arcadius
1223 2407 1463 2477 princeps
1480 2407 1709 2476 loquitur
1726 2444 1739 2466 ,
1778 2405 1949 2461 fueris.
2026 2409 2105 2461 Eo
2120 2408 2230 2480 ipso

146 2477 287 2528 enim
316 2473 517 2527 facilius
555 2495 639 2528 me
664 2496 727 2529 ex
761 2478 981 2541 ejusdem
1011 2479 1205 2531 doloris
1228 2477 1367 2530 sensu
1392 2479 1543 2530 verba
1569 2477 1655 2530 etfi
1685 2498 1785 2531 non
1813 2480 2126 2533 disertissima
2156 2480 2230 2534 fa-

145 2548 367 2600 cientem
383 2552 435 2600 &
449 2545 578 2600 ferre
591 2586 606 2611 ,
626 2543 975 2621 &intelligere
991 2564 1151 2621 potes.
1194 2550 1360 2602 Volui
1378 2564 1474 2601 tres
1489 2550 1580 2601 tibi
1598 2550 1779 2602 offerre
1797 2552 2124 2624 Vespasianos
2140 2573 2230 2625 pa-

145 2633 274 2674 trem
288 2624 339 2672 &
355 2618 488 2673 filios
504 2659 517 2682 ,
543 2639 710 2692 neque
726 2639 907 2674 munus
924 2622 1024 2674 hoc
1040 2621 1396 2691 injucundum,
1411 2636 1496 2673 aut
1509 2620 1888 2677 disconveniens
1904 2625 2013 2677 sore
2028 2627 2225 2697 putavi,

149 2709 269 2746 cum
298 2691 630 2764 Vespasianus
644 2709 806 2765 pater,
847 2699 899 2746 δε
928 2694 1085 2746 Titus
1102 2693 1235 2746 filius
1252 2731 1268 2756 ‚
1307 2711 1480 2765 regum
1498 2693 1778 2746 nostrorum
1794 2714 2032 2770 tanquam
2051 2698 2227 2770 specu-

143 2766 192 2819 la
206 2763 306 2817 esse
316 2766 627 2825 viderentur,
671 2768 721 2818 in
737 2785 851 2838 quae
869 2767 1122 2819 intuentes
1135 2765 1289 2818 amici
1303 2784 1497 2829 eorum,
1516 2782 1675 2837 tuque
1692 2770 1739 2820 in
1759 2773 1933 2840 primis
1951 2773 2017 2825 C.
2036 2774 2104 2825 V.
2121 2791 2227 2825 non

145 2838 458 2891 mediocrem
499 2837 636 2910 quasi
675 2858 739 2892 ex
775 2841 997 2912 imagine
1034 2838 1139 2910 ipsa
1177 2843 1226 2890 &
1265 2836 1432 2908 specie
1455 2838 1659 2910 possetis
1688 2859 1863 2913 capere
1890 2846 2226 2915 voluptatem.

143 2910 505 2964 Domitianum
531 2926 700 2965 autem
729 2911 804 2963 his
827 2910 1046 2985 opposui
1071 2948 1087 2973 ‚
1140 2925 1197 2962 ut
1227 2910 1434 2963 illorum
1459 2912 1759 2984 dignitatem
1800 2922 1851 2969 &c
1891 2918 2096 2971 laudem
2117 2917 2226 2988 ipsa

143 2986 459 3057 turpitudine
496 2983 581 3039 sua
618 2984 901 3041 inlustraret
939 2983 1332 3110 quodamgiodo
1359 3021 1374 3045 ,
1440 2999 1498 3036 ut
1535 2987 1642 3041 diei
1676 2989 1867 3044 candor
1904 2995 1954 3047 &
1995 2992 2226 3113 claritgcs,

1219 3074 1409 3110 aaaaa
1449 3074 1479 3130 3
2056 3080 2155 3116 noc
2179 3078 2227 3115 13
