<?xml version="1.0" encoding="UTF-8"?>
<!DOCTYPE html PUBLIC "-//W3C//DTD XHTML 1.0 Transitional//EN"
    "http://www.w3.org/TR/xhtml1/DTD/xhtml1-transitional.dtd">
<html xmlns="http://www.w3.org/1999/xhtml" xml:lang="en" lang="en">
 <head>
  <title>
</title>
<meta http-equiv="Content-Type" content="text/html;charset=utf-8" />
  <meta name='ocr-system' content='tesseract 3.04.00' />
  <meta name='ocr-capabilities' content='ocr_page ocr_carea ocr_par ocr_line ocrx_word'/>
</head>
<body>
  <div class='ocr_page' id='page_1' title='image "./csuetoniustranqu00suet_1120.png"; bbox 0 0 2504 3425; ppageno 0'>
   <div class='ocr_carea' id='block_1_1' title="bbox 199 181 1654 255">
    <p class='ocr_par' dir='ltr' id='par_1_1' title="bbox 199 181 1654 255">
     <span class='ocr_line' id='line_1_1' title="bbox 199 181 1654 255; baseline -0.011 -3"><span class='ocrx_word' id='word_1_1' title='bbox 199 218 269 255; x_wconf 82' lang='lat' dir='ltr'>zo</span> <span class='ocrx_word' id='word_1_2' title='bbox 748 191 1169 244; x_wconf 73' lang='lat' dir='ltr'>CAROLI</span> <span class='ocrx_word' id='word_1_3' title='bbox 1247 181 1654 241; x_wconf 67' lang='lat' dir='ltr'>PAT1N1</span> 
     </span>
    </p>
   </div>
   <div class='ocr_carea' id='block_1_2' title="bbox 193 274 2336 1496">
    <p class='ocr_par' dir='ltr' id='par_1_2' title="bbox 193 274 2329 916">
     <span class='ocr_line' id='line_1_2' title="bbox 198 274 2311 348; baseline -0.005 -13"><span class='ocrx_word' id='word_1_4' title='bbox 198 296 342 347; x_wconf 84' lang='lat' dir='ltr'><strong>Quem</strong></span> <span class='ocrx_word' id='word_1_5' title='bbox 365 285 559 348; x_wconf 83' lang='lat' dir='ltr'>equidem</span> <span class='ocrx_word' id='word_1_6' title='bbox 583 300 742 330; x_wconf 87' lang='lat' dir='ltr'>morem</span> <span class='ocrx_word' id='word_1_7' title='bbox 767 278 1060 340; x_wconf 79' lang='lat' dir='ltr'>subsequentes</span> <span class='ocrx_word' id='word_1_8' title='bbox 1082 283 1224 339; x_wconf 87' lang='lat' dir='ltr'>Impp.</span> <span class='ocrx_word' id='word_1_9' title='bbox 1276 275 1470 338; x_wconf 71' lang='lat' dir='ltr'>Egregiae</span> <span class='ocrx_word' id='word_1_10' title='bbox 1494 281 1582 336; x_wconf 83' lang='lat' dir='ltr'>ejus</span> <span class='ocrx_word' id='word_1_11' title='bbox 1604 277 1650 320; x_wconf 88' lang='lat' dir='ltr'>in</span> <span class='ocrx_word' id='word_1_12' title='bbox 1683 275 1830 321; x_wconf 85' lang='lat' dir='ltr'>Famil.</span> <span class='ocrx_word' id='word_1_13' title='bbox 1867 274 2023 337; x_wconf 84' lang='lat' dir='ltr'>Juliam</span> <span class='ocrx_word' id='word_1_14' title='bbox 2042 276 2140 323; x_wconf 80' lang='lat' dir='ltr'>fidei</span> <span class='ocrx_word' id='word_1_15' title='bbox 2159 276 2240 324; x_wconf 88' lang='lat' dir='ltr'>hoc</span> <span class='ocrx_word' id='word_1_16' title='bbox 2262 278 2311 325; x_wconf 80' lang='lat' dir='ltr'>sit</span> 
     </span>
     <span class='ocr_line' id='line_1_3' title="bbox 193 338 2310 404; baseline -0.006 -3"><span class='ocrx_word' id='word_1_17' title='bbox 193 352 470 401; x_wconf 86' lang='lat' dir='ltr'>Domitianus</span> <span class='ocrx_word' id='word_1_18' title='bbox 489 356 531 395; x_wconf 87' lang='lat'>&amp;</span> <span class='ocrx_word' id='word_1_19' title='bbox 556 349 769 404; x_wconf 83' lang='lat' dir='ltr'>Philippus</span> <span class='ocrx_word' id='word_1_20' title='bbox 794 377 806 395; x_wconf 89' lang='lat'>,</span> <span class='ocrx_word' id='word_1_21' title='bbox 850 345 923 403; x_wconf 90' lang='lat' dir='ltr'>qui</span> <span class='ocrx_word' id='word_1_22' title='bbox 955 344 1074 388; x_wconf 87' lang='lat' dir='ltr'>ludos</span> <span class='ocrx_word' id='word_1_23' title='bbox 1099 341 1225 388; x_wconf 88' lang='lat' dir='ltr'>saecu—</span> <span class='ocrx_word' id='word_1_24' title='bbox 1275 355 1569 401; x_wconf 83' lang='lat' dir='ltr'>argumentum</span> <span class='ocrx_word' id='word_1_25' title='bbox 1588 375 1600 396; x_wconf 90' lang='lat'>,</span> <span class='ocrx_word' id='word_1_26' title='bbox 1634 341 1748 403; x_wconf 89' lang='lat' dir='ltr'>quod</span> <span class='ocrx_word' id='word_1_27' title='bbox 1771 340 1853 402; x_wconf 71' lang='lat' dir='ltr'>jul.</span> <span class='ocrx_word' id='word_1_28' title='bbox 1893 338 2028 384; x_wconf 78' lang='lat' dir='ltr'>Caesar</span> <span class='ocrx_word' id='word_1_29' title='bbox 2052 373 2064 394; x_wconf 90' lang='lat'>‚</span> <span class='ocrx_word' id='word_1_30' title='bbox 2107 341 2310 389; x_wconf 75' lang='lat' dir='ltr'>referente</span> 
     </span>
     <span class='ocr_line' id='line_1_4' title="bbox 197 403 2314 470; baseline -0.005 -7"><span class='ocrx_word' id='word_1_31' title='bbox 197 419 301 464; x_wconf 66' lang='lat' dir='ltr'>lares</span> <span class='ocrx_word' id='word_1_32' title='bbox 324 414 533 466; x_wconf 84' lang='lat' dir='ltr'>fecerunt,</span> <span class='ocrx_word' id='word_1_33' title='bbox 568 407 815 453; x_wconf 73' lang='lat' dir='ltr'>suntimitati</span> <span class='ocrx_word' id='word_1_34' title='bbox 830 440 842 460; x_wconf 87' lang='lat'>‚</span> <span class='ocrx_word' id='word_1_35' title='bbox 878 419 924 450; x_wconf 90' lang='lat' dir='ltr'>ut</span> <span class='ocrx_word' id='word_1_36' title='bbox 944 422 992 449; x_wconf 85' lang='lat' dir='ltr'>ex</span> <span class='ocrx_word' id='word_1_37' title='bbox 1012 406 1225 467; x_wconf 74' lang='lat' dir='ltr'>utriusque</span> <span class='ocrx_word' id='word_1_38' title='bbox 1277 407 1389 448; x_wconf 84' lang='lat' dir='ltr'>Suet.</span> <span class='ocrx_word' id='word_1_39' title='bbox 1412 420 1501 470; x_wconf 74' lang='lat' dir='ltr'>cap.</span> <span class='ocrx_word' id='word_1_40' title='bbox 1517 406 1590 450; x_wconf 61' lang='lat'>63.</span> <span class='ocrx_word' id='word_1_41' title='bbox 1615 409 1658 449; x_wconf 61' lang='grc' dir='ltr'>δέ</span> <span class='ocrx_word' id='word_1_42' title='bbox 1685 403 1931 466; x_wconf 79' lang='lat' dir='ltr'>Augustus,</span> <span class='ocrx_word' id='word_1_43' title='bbox 1967 408 2054 461; x_wconf 80' lang='lat' dir='ltr'>ejus</span> <span class='ocrx_word' id='word_1_44' title='bbox 2073 403 2314 453; x_wconf 79' lang='lat' dir='ltr'>cohortibus</span> 
     </span>
     <span class='ocr_line' id='line_1_5' title="bbox 201 465 2313 536; baseline -0.008 -8"><span class='ocrx_word' id='word_1_45' title='bbox 201 481 383 528; x_wconf 85' lang='lat' dir='ltr'>nummis</span> <span class='ocrx_word' id='word_1_46' title='bbox 417 485 590 536; x_wconf 83' lang='lat' dir='ltr'>apparet.</span> <span class='ocrx_word' id='word_1_47' title='bbox 658 468 1060 528; x_wconf 81' lang='lat' dir='ltr'>Qiindecim-Viris</span> <span class='ocrx_word' id='word_1_48' title='bbox 1089 484 1227 515; x_wconf 78' lang='lat' dir='ltr'>autem</span> <span class='ocrx_word' id='word_1_49' title='bbox 1278 467 1327 512; x_wconf 78' lang='lat' dir='ltr'>ad</span> <span class='ocrx_word' id='word_1_50' title='bbox 1351 465 1410 513; x_wconf 89' lang='lat' dir='ltr'>sui</span> <span class='ocrx_word' id='word_1_51' title='bbox 1454 469 1642 531; x_wconf 88' lang='lat' dir='ltr'>corporis</span> <span class='ocrx_word' id='word_1_52' title='bbox 1683 467 1911 512; x_wconf 75' lang='lat' dir='ltr'>custodiam</span> <span class='ocrx_word' id='word_1_53' title='bbox 1955 466 2034 511; x_wconf 79' lang='lat' dir='ltr'>sint</span> <span class='ocrx_word' id='word_1_54' title='bbox 2072 465 2175 511; x_wconf 82' lang='lat' dir='ltr'>usi.&#39;</span> <span class='ocrx_word' id='word_1_55' title='bbox 2213 473 2313 526; x_wconf 81' lang='lat' dir='ltr'>Quo</span> 
     </span>
     <span class='ocr_line' id='line_1_6' title="bbox 201 531 2314 597; baseline -0.007 -6"><span class='ocrx_word' id='word_1_56' title='bbox 201 545 329 591; x_wconf 83' lang='lat' dir='ltr'>Sacris</span> <span class='ocrx_word' id='word_1_57' title='bbox 375 536 591 582; x_wconf 76' lang='lat' dir='ltr'>Faciundis</span> <span class='ocrx_word' id='word_1_58' title='bbox 645 533 728 588; x_wconf 82' lang='lat' dir='ltr'>(sic</span> <span class='ocrx_word' id='word_1_59' title='bbox 770 534 884 578; x_wconf 84' lang='lat' dir='ltr'>enim</span> <span class='ocrx_word' id='word_1_60' title='bbox 919 535 1107 597; x_wconf 78' lang='lat' dir='ltr'>legendae</span> <span class='ocrx_word' id='word_1_61' title='bbox 1153 534 1229 578; x_wconf 82' lang='lat' dir='ltr'>illae</span> <span class='ocrx_word' id='word_1_62' title='bbox 1278 531 1378 577; x_wconf 80' lang='lat' dir='ltr'>fidei</span> <span class='ocrx_word' id='word_1_63' title='bbox 1413 537 1456 578; x_wconf 88' lang='lat'>&amp;</span> <span class='ocrx_word' id='word_1_64' title='bbox 1491 531 1752 577; x_wconf 83' lang='lat' dir='ltr'>fortitudinis</span> <span class='ocrx_word' id='word_1_65' title='bbox 1776 533 1942 577; x_wconf 72' lang='lat' dir='ltr'>rarioris</span> <span class='ocrx_word' id='word_1_66' title='bbox 1964 531 2139 575; x_wconf 87' lang='lat' dir='ltr'>nomine</span> <span class='ocrx_word' id='word_1_67' title='bbox 2166 531 2314 592; x_wconf 79' lang='lat' dir='ltr'>inclyta</span> 
     </span>
     <span class='ocr_line' id='line_1_7' title="bbox 202 595 2318 659; baseline -0.006 -6"><span class='ocrx_word' id='word_1_68' title='bbox 202 611 341 653; x_wconf 80' lang='lat' dir='ltr'>litterae</span> <span class='ocrx_word' id='word_1_69' title='bbox 365 615 442 646; x_wconf 80' lang='lat' dir='ltr'>XV.</span> <span class='ocrx_word' id='word_1_70' title='bbox 479 602 592 654; x_wconf 78' lang='lat' dir='ltr'>s.F.)</span> <span class='ocrx_word' id='word_1_71' title='bbox 640 598 869 658; x_wconf 83' lang='lat' dir='ltr'>antiquitus</span> <span class='ocrx_word' id='word_1_72' title='bbox 896 600 1113 643; x_wconf 87' lang='lat' dir='ltr'>Ludorum</span> <span class='ocrx_word' id='word_1_73' title='bbox 1148 601 1232 643; x_wconf 86' lang='lat' dir='ltr'>Sae-</span> <span class='ocrx_word' id='word_1_74' title='bbox 1280 597 1580 642; x_wconf 86' lang='lat' dir='ltr'>Helvetiorum</span> <span class='ocrx_word' id='word_1_75' title='bbox 1621 614 1726 659; x_wconf 80' lang='lat' dir='ltr'>gens</span> <span class='ocrx_word' id='word_1_76' title='bbox 1770 614 1791 641; x_wconf 84' lang='lat' dir='ltr'>a</span> <span class='ocrx_word' id='word_1_77' title='bbox 1825 596 2015 657; x_wconf 81' lang='lat' dir='ltr'>plurimis</span> <span class='ocrx_word' id='word_1_78' title='bbox 2055 595 2318 657; x_wconf 84' lang='lat' dir='ltr'>Principibus</span> 
     </span>
     <span class='ocr_line' id='line_1_8' title="bbox 204 654 2319 725; baseline -0.005 -11"><span class='ocrx_word' id='word_1_79' title='bbox 204 667 403 715; x_wconf 83' lang='lat' dir='ltr'>cularium</span> <span class='ocrx_word' id='word_1_80' title='bbox 427 681 524 708; x_wconf 77' lang='lat' dir='ltr'>cura</span> <span class='ocrx_word' id='word_1_81' title='bbox 553 660 826 707; x_wconf 83' lang='lat' dir='ltr'>incumbebat</span> <span class='ocrx_word' id='word_1_82' title='bbox 847 698 860 718; x_wconf 86' lang='lat'>‚</span> <span class='ocrx_word' id='word_1_83' title='bbox 910 667 953 708; x_wconf 88' lang='lat'>&amp;</span> <span class='ocrx_word' id='word_1_84' title='bbox 979 654 1256 725; x_wconf 71' lang='lat' dir='ltr'>magistratus¹</span> <span class='ocrx_word' id='word_1_85' title='bbox 1280 676 1368 704; x_wconf 90' lang='lat' dir='ltr'>non</span> <span class='ocrx_word' id='word_1_86' title='bbox 1405 662 1536 706; x_wconf 85' lang='lat' dir='ltr'>modo</span> <span class='ocrx_word' id='word_1_87' title='bbox 1569 662 1613 705; x_wconf 85' lang='lat' dir='ltr'>in</span> <span class='ocrx_word' id='word_1_88' title='bbox 1648 659 1885 705; x_wconf 82' lang='lat' dir='ltr'>satellitium</span> <span class='ocrx_word' id='word_1_89' title='bbox 1932 656 2160 704; x_wconf 80' lang='lat' dir='ltr'>adsciscitur</span> <span class='ocrx_word' id='word_1_90' title='bbox 2181 693 2194 713; x_wconf 85' lang='lat'>‚</span> <span class='ocrx_word' id='word_1_91' title='bbox 2249 657 2319 704; x_wconf 79' lang='lat' dir='ltr'>sed</span> 
     </span>
     <span class='ocr_line' id='line_1_9' title="bbox 203 721 2318 795; baseline -0.004 -19"><span class='ocrx_word' id='word_1_92' title='bbox 203 728 461 795; x_wconf 82' lang='lat' dir='ltr'>potissimum</span> <span class='ocrx_word' id='word_1_93' title='bbox 481 724 959 787; x_wconf 70' lang='lat' dir='ltr'>exiequebanturofficia</span> <span class='ocrx_word' id='word_1_94' title='bbox 984 726 1238 772; x_wconf 78' lang='lat' dir='ltr'>cerimonia-</span> <span class='ocrx_word' id='word_1_95' title='bbox 1282 729 1325 768; x_wconf 63' lang='grc' dir='ltr'>δέ</span> <span class='ocrx_word' id='word_1_96' title='bbox 1361 727 1560 787; x_wconf 79' lang='lat' dir='ltr'>proximae</span> <span class='ocrx_word' id='word_1_97' title='bbox 1597 727 1785 785; x_wconf 89' lang='lat' dir='ltr'>corporis</span> <span class='ocrx_word' id='word_1_98' title='bbox 1829 722 2021 768; x_wconf 72' lang='lat' dir='ltr'>custodiae</span> <span class='ocrx_word' id='word_1_99' title='bbox 2073 721 2318 779; x_wconf 85' lang='lat' dir='ltr'>adhibetur,</span> 
     </span>
     <span class='ocr_line' id='line_1_10' title="bbox 205 787 2329 852; baseline -0.006 -10"><span class='ocrx_word' id='word_1_100' title='bbox 205 812 297 843; x_wconf 85' lang='lat' dir='ltr'>rum</span> <span class='ocrx_word' id='word_1_101' title='bbox 322 828 335 848; x_wconf 91' lang='lat'>,</span> <span class='ocrx_word' id='word_1_102' title='bbox 382 806 428 838; x_wconf 89' lang='lat' dir='ltr'>ut</span> <span class='ocrx_word' id='word_1_103' title='bbox 448 792 674 837; x_wconf 72' lang='lat' dir='ltr'>exTacito</span> <span class='ocrx_word' id='word_1_104' title='bbox 697 825 709 844; x_wconf 91' lang='lat'>‚</span> <span class='ocrx_word' id='word_1_105' title='bbox 757 791 918 835; x_wconf 75' lang='lat' dir='ltr'>Annal.</span> <span class='ocrx_word' id='word_1_106' title='bbox 948 807 986 835; x_wconf 89' lang='lat'>2.</span> <span class='ocrx_word' id='word_1_107' title='bbox 1037 792 1235 852; x_wconf 86' lang='lat' dir='ltr'>colligere</span> <span class='ocrx_word' id='word_1_108' title='bbox 1284 801 1328 832; x_wconf 88' lang='lat' dir='ltr'>ut</span> <span class='ocrx_word' id='word_1_109' title='bbox 1361 789 1491 834; x_wconf 88' lang='lat' dir='ltr'>videri</span> <span class='ocrx_word' id='word_1_110' title='bbox 1527 788 1650 850; x_wconf 84' lang='lat' dir='ltr'>poffit</span> <span class='ocrx_word' id='word_1_111' title='bbox 1693 789 1786 849; x_wconf 83' lang='lat' dir='ltr'>plus</span> <span class='ocrx_word' id='word_1_112' title='bbox 1822 789 1967 833; x_wconf 80' lang='lat' dir='ltr'>alienae</span> <span class='ocrx_word' id='word_1_113' title='bbox 2022 787 2329 833; x_wconf 77' lang='lat' dir='ltr'>Helvetiorum.</span> 
     </span>
     <span class='ocr_line' id='line_1_11' title="bbox 207 848 2174 916; baseline -0.005 -13"><span class='ocrx_word' id='word_1_114' title='bbox 207 859 278 905; x_wconf 86' lang='lat' dir='ltr'>est.</span> <span class='ocrx_word' id='word_1_115' title='bbox 1287 869 1410 914; x_wconf 75' lang='lat' dir='ltr'>quam</span> <span class='ocrx_word' id='word_1_116' title='bbox 1429 855 1569 916; x_wconf 83' lang='lat' dir='ltr'>gentis</span> <span class='ocrx_word' id='word_1_117' title='bbox 1588 852 1665 899; x_wconf 85' lang='lat' dir='ltr'>suae</span> <span class='ocrx_word' id='word_1_118' title='bbox 1688 854 1832 897; x_wconf 83' lang='lat' dir='ltr'>virtuti</span> <span class='ocrx_word' id='word_1_119' title='bbox 1856 868 1928 897; x_wconf 88' lang='lat' dir='ltr'>eos</span> <span class='ocrx_word' id='word_1_120' title='bbox 1948 848 2174 897; x_wconf 82' lang='lat' dir='ltr'>confidere.</span> 
     </span>
    </p>

    <p class='ocr_par' dir='ltr' id='par_1_3' title="bbox 207 915 2336 1496">
     <span class='ocr_line' id='line_1_12' title="bbox 272 915 2321 983; baseline -0.003 -17"><span class='ocrx_word' id='word_1_121' title='bbox 272 926 370 983; x_wconf 73' lang='lat' dir='ltr'>Pag.</span> <span class='ocrx_word' id='word_1_122' title='bbox 401 921 500 978; x_wconf 86' lang='lat'>198.</span> <span class='ocrx_word' id='word_1_123' title='bbox 547 922 714 964; x_wconf 69' lang='lat' dir='ltr'>Italiam</span> <span class='ocrx_word' id='word_1_124' title='bbox 737 918 1026 983; x_wconf 69' lang='lat' dir='ltr'>duodetriginta</span> <span class='ocrx_word' id='word_1_125' title='bbox 1061 921 1239 963; x_wconf 76' lang='lat' dir='ltr'>colonia·</span> <span class='ocrx_word' id='word_1_126' title='bbox 1352 921 1449 979; x_wconf 79' lang='lat' dir='ltr'>Pag.</span> <span class='ocrx_word' id='word_1_127' title='bbox 1481 932 1584 979; x_wconf 74' lang='lat'>²03·</span> <span class='ocrx_word' id='word_1_128' title='bbox 1630 917 1798 982; x_wconf 70' lang='lat' dir='ltr'>Sphinge</span> <span class='ocrx_word' id='word_1_129' title='bbox 1841 918 1922 977; x_wconf 72' lang='lat' dir='ltr'>usus</span> <span class='ocrx_word' id='word_1_130' title='bbox 1970 915 2065 979; x_wconf 83' lang='lat' dir='ltr'>efl.]</span> <span class='ocrx_word' id='word_1_131' title='bbox 2135 917 2321 960; x_wconf 87' lang='lat' dir='ltr'>Nummi</span> 
     </span>
     <span class='ocr_line' id='line_1_13' title="bbox 207 978 2325 1043; baseline -0.003 -12"><span class='ocrx_word' id='word_1_132' title='bbox 207 1004 294 1032; x_wconf 74' lang='lat' dir='ltr'>rum</span> <span class='ocrx_word' id='word_1_133' title='bbox 312 1003 468 1029; x_wconf 79' lang='lat' dir='ltr'>numero</span> <span class='ocrx_word' id='word_1_134' title='bbox 493 983 747 1028; x_wconf 62' lang='lat' dir='ltr'>deduflarum</span> <span class='ocrx_word' id='word_1_135' title='bbox 772 1001 798 1027; x_wconf 77' lang='lat' dir='ltr'><em>a</em></span> <span class='ocrx_word' id='word_1_136' title='bbox 817 985 892 1042; x_wconf 87' lang='lat' dir='ltr'>se,</span> <span class='ocrx_word' id='word_1_137' title='bbox 941 987 1045 1035; x_wconf 53' lang='grc' dir='ltr'>δερ]</span> <span class='ocrx_word' id='word_1_138' title='bbox 1104 986 1240 1027; x_wconf 89' lang='lat' dir='ltr'>Locus</span> <span class='ocrx_word' id='word_1_139' title='bbox 1288 983 1448 1043; x_wconf 86' lang='lat' dir='ltr'>antiqui</span> <span class='ocrx_word' id='word_1_140' title='bbox 1479 998 1529 1025; x_wconf 83' lang='lat' dir='ltr'>ex</span> <span class='ocrx_word' id='word_1_141' title='bbox 1569 997 1669 1025; x_wconf 84' lang='lat' dir='ltr'>auro</span> <span class='ocrx_word' id='word_1_142' title='bbox 1692 1015 1705 1035; x_wconf 87' lang='lat'>‚</span> <span class='ocrx_word' id='word_1_143' title='bbox 1761 995 1935 1041; x_wconf 83' lang='lat' dir='ltr'>argento</span> <span class='ocrx_word' id='word_1_144' title='bbox 1971 986 2014 1025; x_wconf 84' lang='lat'>&amp;</span> <span class='ocrx_word' id='word_1_145' title='bbox 2060 995 2137 1024; x_wconf 70' lang='lat' dir='ltr'>aere</span> <span class='ocrx_word' id='word_1_146' title='bbox 2184 978 2325 1041; x_wconf 85' lang='lat' dir='ltr'>super-</span> 
     </span>
     <span class='ocr_line' id='line_1_14' title="bbox 210 1042 2325 1105; baseline -0.003 -10"><span class='ocrx_word' id='word_1_147' title='bbox 210 1051 278 1095; x_wconf 69' lang='lat' dir='ltr'>hic</span> <span class='ocrx_word' id='word_1_148' title='bbox 306 1046 403 1093; x_wconf 72' lang='lat' dir='ltr'>ess&#39;et</span> <span class='ocrx_word' id='word_1_149' title='bbox 425 1048 600 1092; x_wconf 86' lang='lat' dir='ltr'>totidem</span> <span class='ocrx_word' id='word_1_150' title='bbox 629 1049 813 1092; x_wconf 78' lang='lat' dir='ltr'>colonias</span> <span class='ocrx_word' id='word_1_151' title='bbox 848 1048 892 1090; x_wconf 87' lang='lat' dir='ltr'>in</span> <span class='ocrx_word' id='word_1_152' title='bbox 919 1048 1105 1092; x_wconf 88' lang='lat' dir='ltr'>nummis</span> <span class='ocrx_word' id='word_1_153' title='bbox 1125 1045 1242 1090; x_wconf 71' lang='lat' dir='ltr'>exhi·</span> <span class='ocrx_word' id='word_1_154' title='bbox 1291 1045 1384 1090; x_wconf 89' lang='lat' dir='ltr'>sunt</span> <span class='ocrx_word' id='word_1_155' title='bbox 1413 1080 1426 1099; x_wconf 87' lang='lat'>,</span> <span class='ocrx_word' id='word_1_156' title='bbox 1489 1044 1723 1105; x_wconf 85' lang='lat' dir='ltr'>Sphingem</span> <span class='ocrx_word' id='word_1_157' title='bbox 1779 1042 1964 1104; x_wconf 75' lang='lat' dir='ltr'>Augusti</span> <span class='ocrx_word' id='word_1_158' title='bbox 2028 1044 2325 1104; x_wconf 76' lang='lat' dir='ltr'>exprimentes,</span> 
     </span>
     <span class='ocr_line' id='line_1_15' title="bbox 210 1105 2332 1168; baseline -0.002 -11"><span class='ocrx_word' id='word_1_159' title='bbox 210 1112 340 1158; x_wconf 83' lang='lat' dir='ltr'>bencli</span> <span class='ocrx_word' id='word_1_160' title='bbox 366 1131 376 1166; x_wconf 83' lang='lat'><em>3</em></span> <span class='ocrx_word' id='word_1_161' title='bbox 431 1111 500 1156; x_wconf 89' lang='lat' dir='ltr'>sed</span> <span class='ocrx_word' id='word_1_162' title='bbox 525 1127 657 1155; x_wconf 83' lang='lat' dir='ltr'>tantus</span> <span class='ocrx_word' id='word_1_163' title='bbox 678 1111 736 1155; x_wconf 86' lang='lat' dir='ltr'>est</span> <span class='ocrx_word' id='word_1_164' title='bbox 757 1127 897 1155; x_wconf 72' lang='lat' dir='ltr'>earum</span> <span class='ocrx_word' id='word_1_165' title='bbox 919 1126 1116 1155; x_wconf 82' lang='lat' dir='ltr'>numerus</span> <span class='ocrx_word' id='word_1_166' title='bbox 1141 1144 1153 1163; x_wconf 88' lang='lat'>‚</span> <span class='ocrx_word' id='word_1_167' title='bbox 1198 1123 1242 1152; x_wconf 89' lang='lat' dir='ltr'>ut</span> <span class='ocrx_word' id='word_1_168' title='bbox 1292 1109 1487 1152; x_wconf 79' lang='lat' dir='ltr'>Alterum</span> <span class='ocrx_word' id='word_1_169' title='bbox 1521 1125 1572 1151; x_wconf 83' lang='lat' dir='ltr'>ex</span> <span class='ocrx_word' id='word_1_170' title='bbox 1606 1105 1802 1167; x_wconf 83' lang='lat' dir='ltr'>appositis</span> <span class='ocrx_word' id='word_1_171' title='bbox 1833 1107 1996 1153; x_wconf 83' lang='lat' dir='ltr'>duobus</span> <span class='ocrx_word' id='word_1_172' title='bbox 2030 1106 2230 1168; x_wconf 81' lang='lat' dir='ltr'>exemplis</span> <span class='ocrx_word' id='word_1_173' title='bbox 2274 1106 2332 1152; x_wconf 84' lang='lat' dir='ltr'>fi-</span> 
     </span>
     <span class='ocr_line' id='line_1_16' title="bbox 211 1168 2327 1234; baseline -0.003 -12"><span class='ocrx_word' id='word_1_174' title='bbox 211 1178 378 1223; x_wconf 76' lang='lat' dir='ltr'>veniam</span> <span class='ocrx_word' id='word_1_175' title='bbox 403 1193 488 1220; x_wconf 89' lang='lat' dir='ltr'>non</span> <span class='ocrx_word' id='word_1_176' title='bbox 510 1173 727 1220; x_wconf 83' lang='lat' dir='ltr'>difficulter</span> <span class='ocrx_word' id='word_1_177' title='bbox 740 1191 806 1219; x_wconf 89' lang='lat' dir='ltr'>me</span> <span class='ocrx_word' id='word_1_178' title='bbox 825 1175 1139 1233; x_wconf 82' lang='lat' dir='ltr'>impetraturum</span> <span class='ocrx_word' id='word_1_179' title='bbox 1153 1170 1246 1231; x_wconf 89' lang='lat' dir='ltr'>spe-</span> <span class='ocrx_word' id='word_1_180' title='bbox 1290 1171 1382 1232; x_wconf 68' lang='lat' dir='ltr'>gilli</span> <span class='ocrx_word' id='word_1_181' title='bbox 1400 1168 1582 1231; x_wconf 83' lang='lat' dir='ltr'>speciem</span> <span class='ocrx_word' id='word_1_182' title='bbox 1605 1171 1837 1213; x_wconf 80' lang='lat' dir='ltr'>etiamnum</span> <span class='ocrx_word' id='word_1_183' title='bbox 1863 1168 2002 1230; x_wconf 64' lang='lat' dir='ltr'>praes&#39;e</span> <span class='ocrx_word' id='word_1_184' title='bbox 2027 1168 2135 1225; x_wconf 84' lang='lat' dir='ltr'>fert,</span> <span class='ocrx_word' id='word_1_185' title='bbox 2169 1170 2327 1234; x_wconf 73' lang='lat' dir='ltr'>absque</span> 
     </span>
     <span class='ocr_line' id='line_1_17' title="bbox 214 1231 2336 1297; baseline -0.002 -13"><span class='ocrx_word' id='word_1_186' title='bbox 214 1258 327 1294; x_wconf 87' lang='lat' dir='ltr'>rem,</span> <span class='ocrx_word' id='word_1_187' title='bbox 374 1236 556 1285; x_wconf 58' lang='lat' dir='ltr'>simnifllr</span> <span class='ocrx_word' id='word_1_188' title='bbox 585 1239 746 1284; x_wconf 75' lang='lat' dir='ltr'>illarum</span> <span class='ocrx_word' id='word_1_189' title='bbox 770 1236 997 1295; x_wconf 77' lang='lat' dir='ltr'>sculptura,</span> <span class='ocrx_word' id='word_1_190' title='bbox 1042 1235 1242 1295; x_wconf 89' lang='lat' dir='ltr'>cupidum</span> <span class='ocrx_word' id='word_1_191' title='bbox 1295 1235 1374 1278; x_wconf 75' lang='lat' dir='ltr'>ulla</span> <span class='ocrx_word' id='word_1_192' title='bbox 1417 1231 1644 1297; x_wconf 82' lang='lat' dir='ltr'>epigraphe</span> <span class='ocrx_word' id='word_1_193' title='bbox 1676 1251 1686 1277; x_wconf 91' lang='lat'><strong>:</strong></span> <span class='ocrx_word' id='word_1_194' title='bbox 1743 1235 1941 1279; x_wconf 80' lang='lat' dir='ltr'>Alterum</span> <span class='ocrx_word' id='word_1_195' title='bbox 1986 1252 2008 1279; x_wconf 81' lang='lat' dir='ltr'>a</span> <span class='ocrx_word' id='word_1_196' title='bbox 2052 1236 2336 1280; x_wconf 68' lang='lat' dir='ltr'>CAR181o:</span> 
     </span>
     <span class='ocr_line' id='line_1_18' title="bbox 214 1297 2329 1360; baseline -0.001 -12"><span class='ocrx_word' id='word_1_197' title='bbox 214 1304 436 1351; x_wconf 71' lang='lat' dir='ltr'>Le&amp;orem</span> <span class='ocrx_word' id='word_1_198' title='bbox 457 1302 504 1347; x_wconf 80' lang='lat' dir='ltr'>ad</span> <span class='ocrx_word' id='word_1_199' title='bbox 526 1302 748 1348; x_wconf 82' lang='lat' dir='ltr'>Goltzium</span> <span class='ocrx_word' id='word_1_200' title='bbox 774 1306 816 1346; x_wconf 90' lang='lat'>&amp;</span> <span class='ocrx_word' id='word_1_201' title='bbox 838 1317 1015 1346; x_wconf 70' lang='lat' dir='ltr'>nummos</span> <span class='ocrx_word' id='word_1_202' title='bbox 1035 1300 1177 1360; x_wconf 77' lang='lat' dir='ltr'>nostros</span> <span class='ocrx_word' id='word_1_203' title='bbox 1197 1317 1247 1345; x_wconf 86' lang='lat' dir='ltr'>ex</span> <span class='ocrx_word' id='word_1_204' title='bbox 1295 1297 1505 1360; x_wconf 83' lang='lat' dir='ltr'>signatum</span> <span class='ocrx_word' id='word_1_205' title='bbox 1540 1297 1600 1342; x_wconf 90' lang='lat' dir='ltr'>est</span> <span class='ocrx_word' id='word_1_206' title='bbox 1642 1300 1708 1341; x_wconf 88' lang='lat'>111</span> <span class='ocrx_word' id='word_1_207' title='bbox 1724 1301 1917 1345; x_wconf 77' lang='lat' dir='ltr'>-V1Ro</span> <span class='ocrx_word' id='word_1_208' title='bbox 1953 1310 2131 1344; x_wconf 83' lang='lat' dir='ltr'>monetae</span> <span class='ocrx_word' id='word_1_209' title='bbox 2165 1299 2329 1348; x_wconf 86' lang='lat' dir='ltr'>cuden-</span> 
     </span>
     <span class='ocr_line' id='line_1_19' title="bbox 216 1352 2328 1429; baseline -0.001 -16"><span class='ocrx_word' id='word_1_210' title='bbox 216 1386 284 1413; x_wconf 80' lang='lat' dir='ltr'>aere</span> <span class='ocrx_word' id='word_1_211' title='bbox 305 1368 405 1411; x_wconf 82' lang='lat' dir='ltr'>med.</span> <span class='ocrx_word' id='word_1_212' title='bbox 442 1368 660 1412; x_wconf 85' lang='lat' dir='ltr'>remittam.</span> <span class='ocrx_word' id='word_1_213' title='bbox 1268 1352 1379 1417; x_wconf 66' lang='lat' dir='ltr'>¹dae,</span> <span class='ocrx_word' id='word_1_214' title='bbox 1417 1363 1462 1406; x_wconf 86' lang='lat' dir='ltr'>in</span> <span class='ocrx_word' id='word_1_215' title='bbox 1494 1366 1612 1407; x_wconf 76' lang='lat' dir='ltr'>Fam.</span> <span class='ocrx_word' id='word_1_216' title='bbox 1648 1366 1766 1407; x_wconf 82' lang='lat' dir='ltr'>Rom.</span> <span class='ocrx_word' id='word_1_217' title='bbox 1804 1363 2055 1423; x_wconf 86' lang='lat' dir='ltr'>explicatum</span> <span class='ocrx_word' id='word_1_218' title='bbox 2082 1397 2094 1417; x_wconf 86' lang='lat'>‚</span> <span class='ocrx_word' id='word_1_219' title='bbox 2129 1377 2225 1429; x_wconf 82' lang='lat' dir='ltr'>pag.</span> <span class='ocrx_word' id='word_1_220' title='bbox 2255 1371 2328 1410; x_wconf 82' lang='lat'>62.</span> 
     </span>
     <span class='ocr_line' id='line_1_20' title="bbox 220 1425 2334 1496; baseline -0.001 -21"><span class='ocrx_word' id='word_1_221' title='bbox 220 1434 221 1437; x_wconf 71' lang='grc'>’</span> <span class='ocrx_word' id='word_1_222' title='bbox 283 1435 502 1493; x_wconf 80' lang='lat' dir='ltr'>Pag.201.</span> <span class='ocrx_word' id='word_1_223' title='bbox 537 1434 929 1496; x_wconf 67' lang='lat' dir='ltr'>Calagurritanorum</span> <span class='ocrx_word' id='word_1_224' title='bbox 953 1437 1112 1483; x_wconf 63' lang='lat' dir='ltr'>marm]</span> <span class='ocrx_word' id='word_1_225' title='bbox 1159 1428 1249 1473; x_wconf 82' lang='lat' dir='ltr'>Ca-</span> <span class='ocrx_word' id='word_1_226' title='bbox 1297 1429 1369 1472; x_wconf 91' lang='lat' dir='ltr'>De</span> <span class='ocrx_word' id='word_1_227' title='bbox 1404 1425 1592 1488; x_wconf 82' lang='lat' dir='ltr'>Sphinge</span> <span class='ocrx_word' id='word_1_228' title='bbox 1628 1426 1677 1472; x_wconf 81' lang='lat' dir='ltr'>ad</span> <span class='ocrx_word' id='word_1_229' title='bbox 1721 1426 1826 1472; x_wconf 79' lang='lat' dir='ltr'>hanc</span> <span class='ocrx_word' id='word_1_230' title='bbox 1873 1444 1959 1474; x_wconf 88' lang='lat' dir='ltr'>rem</span> <span class='ocrx_word' id='word_1_231' title='bbox 2003 1428 2119 1490; x_wconf 86' lang='lat' dir='ltr'>plura</span> <span class='ocrx_word' id='word_1_232' title='bbox 2161 1426 2334 1490; x_wconf 72' lang='lat' dir='ltr'>scripse-</span> 
     </span>
    </p>
   </div>
   <div class='ocr_carea' id='block_1_3' title="bbox 1253 693 1259 842">
    <p class='ocr_par' dir='ltr' id='par_1_4' title="bbox 1253 693 1259 842">
     <span class='ocr_line' id='line_1_21' title="bbox 1253 693 1259 842; baseline 0 2583"><span class='ocrx_word' id='word_1_233' title='bbox 1253 693 1259 842; x_wconf 95' lang='lat' dir='ltr'> </span> 
     </span>
    </p>
   </div>
   <div class='ocr_carea' id='block_1_4' title="bbox 1257 844 1264 981">
    <p class='ocr_par' dir='ltr' id='par_1_5' title="bbox 1257 844 1264 981">
     <span class='ocr_line' id='line_1_22' title="bbox 1257 844 1264 981; baseline 0 2444"><span class='ocrx_word' id='word_1_234' title='bbox 1257 844 1264 981; x_wconf 95' lang='lat' dir='ltr'> </span> 
     </span>
    </p>
   </div>
   <div class='ocr_carea' id='block_1_5' title="bbox 1261 1085 1270 1346">
    <p class='ocr_par' dir='ltr' id='par_1_6' title="bbox 1261 1085 1270 1346">
     <span class='ocr_line' id='line_1_23' title="bbox 1261 1085 1270 1346; baseline 0 2079"><span class='ocrx_word' id='word_1_235' title='bbox 1261 1085 1270 1346; x_wconf 95' lang='lat' dir='ltr'> </span> 
     </span>
    </p>
   </div>
   <div class='ocr_carea' id='block_1_6' title="bbox 1266 1393 1273 1581">
    <p class='ocr_par' dir='ltr' id='par_1_7' title="bbox 1266 1393 1273 1581">
     <span class='ocr_line' id='line_1_24' title="bbox 1266 1393 1273 1581; baseline 0 1844"><span class='ocrx_word' id='word_1_236' title='bbox 1266 1393 1273 1581; x_wconf 95' lang='lat' dir='ltr'> </span> 
     </span>
    </p>
   </div>
   <div class='ocr_carea' id='block_1_7' title="bbox 220 1490 2345 1603">
    <p class='ocr_par' dir='ltr' id='par_1_8' title="bbox 220 1490 2345 1603">
     <span class='ocr_line' id='line_1_25' title="bbox 220 1490 2345 1603; baseline -0.002 -63"><span class='ocrx_word' id='word_1_237' title='bbox 220 1496 391 1556; x_wconf 84' lang='lat' dir='ltr'>lagurris</span> <span class='ocrx_word' id='word_1_238' title='bbox 416 1495 512 1541; x_wconf 90' lang='lat' dir='ltr'>urbs</span> <span class='ocrx_word' id='word_1_239' title='bbox 534 1495 744 1558; x_wconf 76' lang='lat' dir='ltr'>Hispaniae</span> <span class='ocrx_word' id='word_1_240' title='bbox 769 1495 969 1556; x_wconf 88' lang='lat' dir='ltr'>plurimos</span> <span class='ocrx_word' id='word_1_241' title='bbox 984 1493 1096 1539; x_wconf 86' lang='lat' dir='ltr'>cudit</span> <span class='ocrx_word' id='word_1_242' title='bbox 1121 1509 1250 1537; x_wconf 88' lang='lat' dir='ltr'>num·</span> <span class='ocrx_word' id='word_1_243' title='bbox 1298 1491 1617 1603; x_wconf 34' lang='lat' dir='ltr'>&amp;ml-minim,</span> <span class='ocrx_word' id='word_1_244' title='bbox 1650 1490 1720 1537; x_wconf 78' lang='lat' dir='ltr'>lib.</span> <span class='ocrx_word' id='word_1_245' title='bbox 1737 1509 1808 1555; x_wconf 85' lang='lat'>37.</span> <span class='ocrx_word' id='word_1_246' title='bbox 1843 1507 1928 1559; x_wconf 71' lang='lat' dir='ltr'>cap.</span> <span class='ocrx_word' id='word_1_247' title='bbox 1948 1509 1984 1538; x_wconf 87' lang='lat' dir='ltr'>t.</span> <span class='ocrx_word' id='word_1_248' title='bbox 2021 1493 2140 1550; x_wconf 84' lang='lat' dir='ltr'>Dio,</span> <span class='ocrx_word' id='word_1_249' title='bbox 2173 1491 2240 1539; x_wconf 65' lang='lat' dir='ltr'>lab.</span> <span class='ocrx_word' id='word_1_250' title='bbox 2262 1508 2345 1556; x_wconf 16' lang='lat'>510*</span> 
     </span>
     <span class='ocr_line' id='line_1_26' title="bbox 1344 1572 1450 1602; baseline -0.019 0"><span class='ocrx_word' id='word_1_251' title='bbox 1344 1600 1348 1602; x_wconf 71' lang='grc'><strong>,</strong></span> <span class='ocrx_word' id='word_1_252' title='bbox 1369 1573 1389 1602; x_wconf 84' lang='lat' dir='ltr'>a</span> <span class='ocrx_word' id='word_1_253' title='bbox 1409 1572 1450 1601; x_wconf 65' lang='lat' dir='ltr'>u,</span> 
     </span>
    </p>
   </div>
   <div class='ocr_carea' id='block_1_8' title="bbox 225 1556 1249 1622">
    <p class='ocr_par' dir='ltr' id='par_1_9' title="bbox 225 1556 1249 1622">
     <span class='ocr_line' id='line_1_27' title="bbox 225 1556 1249 1622; baseline -0.002 -18"><span class='ocrx_word' id='word_1_254' title='bbox 225 1575 317 1605; x_wconf 80' lang='lat' dir='ltr'>mos</span> <span class='ocrx_word' id='word_1_255' title='bbox 335 1559 379 1604; x_wconf 87' lang='lat' dir='ltr'>in</span> <span class='ocrx_word' id='word_1_256' title='bbox 412 1559 618 1605; x_wconf 88' lang='lat' dir='ltr'>honorem</span> <span class='ocrx_word' id='word_1_257' title='bbox 637 1557 847 1622; x_wconf 79' lang='lat' dir='ltr'>Augusti,</span> <span class='ocrx_word' id='word_1_258' title='bbox 884 1558 958 1604; x_wconf 91' lang='lat' dir='ltr'>suo</span> <span class='ocrx_word' id='word_1_259' title='bbox 986 1558 1080 1603; x_wconf 91' lang='lat' dir='ltr'>loco</span> <span class='ocrx_word' id='word_1_260' title='bbox 1102 1556 1249 1604; x_wconf 82' lang='lat' dir='ltr'>editos.</span> 
     </span>
    </p>
   </div>
   <div class='ocr_carea' id='block_1_9' title="bbox 383 1711 2220 2181">
    <p class='ocr_par' dir='ltr' id='par_1_10' title="bbox 383 1711 2220 2181">
     <span class='ocr_line' id='line_1_28' title="bbox 383 1711 2220 2181; baseline 0 1244"><span class='ocrx_word' id='word_1_261' title='bbox 383 1711 2220 2181; x_wconf 95' lang='lat' dir='ltr'> </span> 
     </span>
    </p>
   </div>
   <div class='ocr_carea' id='block_1_10' title="bbox 250 2293 2355 2488">
    <p class='ocr_par' dir='ltr' id='par_1_11' title="bbox 250 2293 2355 2488">
     <span class='ocr_line' id='line_1_29' title="bbox 317 2293 2355 2356; baseline 0.003 -21"><span class='ocrx_word' id='word_1_262' title='bbox 317 2294 413 2353; x_wconf 77' lang='lat' dir='ltr'>Pag.</span> <span class='ocrx_word' id='word_1_263' title='bbox 444 2302 546 2351; x_wconf 74' lang='lat'><em>203.</em></span> <span class='ocrx_word' id='word_1_264' title='bbox 590 2293 773 2354; x_wconf 66' lang='lat' dir='ltr'>Imagine</span> <span class='ocrx_word' id='word_1_265' title='bbox 808 2294 965 2353; x_wconf 75' lang='lat' dir='ltr'>Magni</span> <span class='ocrx_word' id='word_1_266' title='bbox 1005 2293 1276 2346; x_wconf 50' lang='lat' dir='ltr'>Alexandra]</span> <span class='ocrx_word' id='word_1_267' title='bbox 1296 2296 1301 2338; x_wconf 68' lang='grc' dir='ltr'>ς’</span> <span class='ocrx_word' id='word_1_268' title='bbox 1319 2293 1375 2338; x_wconf 81' lang='lat' dir='ltr'>dae</span> <span class='ocrx_word' id='word_1_269' title='bbox 1389 2294 1650 2355; x_wconf 69' lang='lat' dir='ltr'>ostentatione,</span> <span class='ocrx_word' id='word_1_270' title='bbox 1670 2295 1914 2356; x_wconf 81' lang='lat' dir='ltr'>utloquitur</span> <span class='ocrx_word' id='word_1_271' title='bbox 1932 2294 2102 2342; x_wconf 83' lang='lat' dir='ltr'>Plinius.</span> <span class='ocrx_word' id='word_1_272' title='bbox 2126 2297 2355 2342; x_wconf 73' lang='lat' dir='ltr'>Nummos</span> 
     </span>
     <span class='ocr_line' id='line_1_30' title="bbox 250 2350 2343 2430; baseline 0.002 -29"><span class='ocrx_word' id='word_1_273' title='bbox 250 2357 376 2401; x_wconf 82' lang='lat' dir='ltr'>Hanc</span> <span class='ocrx_word' id='word_1_274' title='bbox 411 2355 718 2416; x_wconf 77' lang='lat' dir='ltr'>quadruplicem</span> <span class='ocrx_word' id='word_1_275' title='bbox 747 2354 947 2400; x_wconf 74' lang='lat' dir='ltr'>exhibent</span> <span class='ocrx_word' id='word_1_276' title='bbox 970 2359 1133 2402; x_wconf 88' lang='lat' dir='ltr'>nummi</span> <span class='ocrx_word' id='word_1_277' title='bbox 1166 2350 1296 2430; x_wconf 67' lang='lat' dir='ltr'>anti—J</span> <span class='ocrx_word' id='word_1_278' title='bbox 1316 2356 1447 2415; x_wconf 81' lang='lat' dir='ltr'>istos,</span> <span class='ocrx_word' id='word_1_279' title='bbox 1490 2360 1593 2404; x_wconf 90' lang='lat' dir='ltr'>olim</span> <span class='ocrx_word' id='word_1_280' title='bbox 1632 2376 1749 2404; x_wconf 84' lang='lat' dir='ltr'>meos</span> <span class='ocrx_word' id='word_1_281' title='bbox 1778 2395 1791 2415; x_wconf 85' lang='lat'><strong><em>,</em></strong></span> <span class='ocrx_word' id='word_1_282' title='bbox 1836 2361 1970 2423; x_wconf 85' lang='lat' dir='ltr'>Regis</span> <span class='ocrx_word' id='word_1_283' title='bbox 2003 2359 2343 2408; x_wconf 80' lang='lat' dir='ltr'>Christianiffimi</span> 
     </span>
     <span class='ocr_line' id='line_1_31' title="bbox 251 2415 2196 2488; baseline 0.005 -24"><span class='ocrx_word' id='word_1_284' title='bbox 251 2422 349 2483; x_wconf 78' lang='lat' dir='ltr'>qui,</span> <span class='ocrx_word' id='word_1_285' title='bbox 385 2423 427 2463; x_wconf 57' lang='grc' dir='ltr'>ὃς</span> <span class='ocrx_word' id='word_1_286' title='bbox 453 2415 610 2480; x_wconf 79' lang='lat' dir='ltr'>semper</span> <span class='ocrx_word' id='word_1_287' title='bbox 634 2435 728 2464; x_wconf 89' lang='lat' dir='ltr'>cum</span> <span class='ocrx_word' id='word_1_288' title='bbox 744 2420 937 2486; x_wconf 58' lang='lat' dir='ltr'>perfborosa</span> <span class='ocrx_word' id='word_1_289' title='bbox 957 2425 1122 2467; x_wconf 78' lang='lat' dir='ltr'>cervicis</span> <span class='ocrx_word' id='word_1_290' title='bbox 1134 2432 1293 2487; x_wconf 58' lang='lat' dir='ltr'>repam-1</span> <span class='ocrx_word' id='word_1_291' title='bbox 1313 2421 1500 2469; x_wconf 83' lang='lat' dir='ltr'>thesauro</span> <span class='ocrx_word' id='word_1_292' title='bbox 1523 2422 1723 2472; x_wconf 75' lang='lat' dir='ltr'>accessisse</span> <span class='ocrx_word' id='word_1_293' title='bbox 1749 2441 1836 2470; x_wconf 88' lang='lat' dir='ltr'>non</span> <span class='ocrx_word' id='word_1_294' title='bbox 1859 2438 2002 2488; x_wconf 84' lang='lat' dir='ltr'>parum</span> <span class='ocrx_word' id='word_1_295' title='bbox 2025 2426 2196 2488; x_wconf 85' lang='lat' dir='ltr'>glorior.</span> 
     </span>
    </p>
   </div>
   <div class='ocr_carea' id='block_1_11' title="bbox 354 2570 2330 3183">
    <p class='ocr_par' dir='ltr' id='par_1_12' title="bbox 354 2570 2330 3183">
     <span class='ocr_line' id='line_1_32' title="bbox 354 2570 2330 3183; baseline 0 242"><span class='ocrx_word' id='word_1_296' title='bbox 354 2570 2330 3183; x_wconf 95' lang='lat' dir='ltr'> </span> 
     </span>
    </p>
   </div>
  </div>
 </body>
</html>
