2504 3425
360 337 1126 401 ADDEND

2094 205 2202 276 829

1208 332 1994 395 ANOTIS

239 474 2119 697 SUETssDNl-UM.

193 770 226 804 U
238 769 339 805 LIO
365 768 436 805 CA
447 770 484 806 P.
500 770 548 806 V.
578 769 740 805 Auctores
750 766 948 814 restituenda
967 763 1146 801 tribunitia

122 774 183 910 Ῑ
189 818 357 866 potestatis
376 816 555 866 enixissime
562 818 670 865 juvit.
680 817 695 866 ]
728 822 768 855 In
779 817 946 853 Memmia
952 828 996 851 no
1007 814 1124 850 codice
1132 842 1142 856 ‚

120 891 151 916 ι
196 868 278 905 teste
291 867 459 905 Turnebo
476 871 513 905 ὃ(
531 866 757 911 casaubono,
776 865 838 902 fuit
855 868 996 907 actores,
1024 876 1146 913 quam-

125 919 178 955 vis
211 918 244 954 id
271 932 344 955 non
383 921 553 956 notaverit
576 916 771 954 Salmasius.
831 918 874 951 In
912 911 1144 955 Viterbiensi,

123 968 236 1004 Lissaei
252 996 262 1011 ‚
290 972 327 1006 δ(
346 981 462 1007 vetere
481 971 649 1005 Romano
668 966 734 1015 legi
753 964 962 1012 austoresque
975 963 1070 999 idem
1080 965 1148 998 Ca·

123 1016 294 1055 ssubonus
313 1020 454 1056 notavit.
510 1021 559 1053 Ex
580 1014 727 1064 vestigiis
748 1015 872 1052 horum
892 1012 1057 1050 codicum
1076 1011 1146 1048 col-

124 1066 216 1116 ligo,
243 1081 362 1106 veram
379 1068 477 1112 hujus
497 1065 562 1104 loci
581 1063 777 1114 scripturam
800 1062 916 1107 fuisse,
943 1066 1068 1099 actores
1086 1075 1147 1098 au-

125 1117 289 1166 c'lorefique
307 1116 508 1163 restituendo
521 1115 702 1152 tribunitia
714 1115 882 1163 potestatis
897 1141 910 1156 ,
944 1124 979 1150 ut
995 1112 1042 1151 est
1058 1112 1147 1163 apud

124 1169 168 1206 C.
183 1170 362 1217 Nepotem
380 1167 416 1203 in
439 1167 507 1204 vita
524 1166 625 1203 Attici
645 1177 722 1216 cap.
736 1180 766 1209 3·
797 1172 895 1202 Hunc
910 1165 1046 1200 enimin
1057 1167 1147 1199 omni

114 1218 350 1265 procuratione
375 1217 423 1253 rei
449 1215 580 1264 publice
617 1218 762 1252 actorem
788 1217 1021 1264 auHoremque
1050 1213 1149 1249 habe-

123 1266 221 1304 bant.
278 1269 387 1304 Actor
414 1266 489 1310 est,
530 1267 588 1317 qui
613 1264 682 1316 ipse
709 1279 785 1302 rem
809 1265 880 1314 agit
900 1292 912 1307 ,
962 1264 1020 1301 seu
1044 1265 1154 1313 gerit,

123 1318 260 1361 auc-lor,
289 1318 346 1367 qui
365 1316 514 1354 ostendit
533 1315 717 1367 quomodo
733 1329 786 1353 res
805 1314 844 1351 sit
856 1314 1026 1364 gerenda,
1057 1314 1151 1351 idem

123 1367 181 1418 qui
201 1366 322 1405 suasor.
372 1368 424 1405 Sic
443 1369 478 1405 in
497 1379 572 1418 cap.
609 1367 754 1416 septimo
775 1366 873 1412 hujus
887 1365 962 1402 libri
977 1365 1150 1402 casaubo-

124 1430 189 1454 nus
214 1420 250 1454 in
277 1419 350 1455 haec
373 1417 501 1461 verba,
524 1416 708 1453 arbitrium
724 1416 809 1454 orbis
826 1427 999 1453 terrarum
1018 1425 1151 1463 porten-

122 1468 180 1510 di,
207 1480 289 1505 cum
305 1469 341 1505 in
360 1470 430 1505 MS.
455 1471 490 1505 F.
509 1467 635 1503 Pithoei
652 1464 780 1515 legisset
800 1496 812 1510 ,
854 1466 1037 1501 arbitrittm
1065 1465 1150 1502 orbis

124 1527 297 1554 terrarum
310 1518 476 1565 potiendi,
510 1515 556 1553 fic
578 1516 753 1554 scribenda
771 1516 836 1554 esse
855 1529 928 1553 non
942 1517 1055 1564 inepte
1066 1529 1149 1553 con-

125 1568 194 1614 jicit
210 1566 393 1604 arbitrium
412 1567 496 1604 orbis
515 1577 686 1604 terrarum
697 1567 861 1616 potiundi
874 1567 1030 1615 portendi
1044 1566 1146 1602 inter-

121 1624 308 1665 pretantes.
1044 1628 1047 1630 ·

183 1669 202 1703 1
213 1669 240 1704 B
251 1670 267 1703 1
279 1670 326 1704 D.
355 1664 427 1711 Post
445 1679 556 1704 necem
583 1666 744 1714 Consulis.
759 1667 773 1712 ]
812 1665 1036 1703 Casaubonus
1050 1677 1144 1703 nota-

127 1716 176 1754 vit
194 1717 324 1755 morbo
341 1727 460 1752 tamen
477 1729 655 1755 mortuum
667 1716 839 1767 Lepidum
851 1715 916 1754 effe
928 1744 939 1759 ‚
965 1730 1036 1766 quo
1049 1715 1149 1765 figni-

123 1764 206 1803 ficat
232 1780 304 1804 non
332 1777 487 1802 accurate
515 1767 667 1805 locutum
696 1766 761 1804 effe
779 1767 980 1803 Suetonium
998 1795 1010 1809 ,
1052 1766 1144 1817 quasi

126 1829 194 1853 nex
210 1830 283 1854 non
305 1813 473 1865 significet
500 1830 654 1854 mortem
678 1816 891 1859 naturalem,
932 1816 988 1853 sed
1014 1817 1145 1854 violen-

125 1877 214 1905 tam.
269 1867 323 1903 Sic
346 1876 465 1903 tamen
483 1867 630 1910 justinus
644 1868 749 1904 etiam
777 1867 834 1903 lib.
860 1869 976 1903 XLII.
1032 1881 1059 1903 ι.
1076 1867 1144 1913 Post

122 1929 234 1954 necem
253 1915 490 1960 Mithridatis,
521 1931 628 1966 quem
648 1919 681 1954 in
703 1916 915 1966 praecedente
938 1916 1026 1952 libro
1045 1945 1056 1959 ‚
1081 1917 1146 1964 glo.

124 1967 212 2014 riosa
227 1966 399 2016 senefiam
424 1966 591 2005 deceffiffe
612 1966 748 2018 scripsit.
806 1969 857 2003 Sic
882 1980 1022 2017 quoque
1045 1970 1145 2002 Sene-

126 2029 206 2054 cam
223 2030 334 2054 necem
349 2029 411 2067 pro
428 2017 520 2054 finali
537 2030 651 2055 morte
668 2015 812 2067 posuisse
827 2028 923 2054 notat
950 2017 997 2053 ibi
1017 2018 1146 2053 Freins-

127 2068 283 2110 hemius,
310 2081 416 2118 quem
432 2068 521 2106 vide.

182 2121 245 2155 IN
274 2119 483 2155 OCTAV
498 2119 648 2156 IANO
691 2119 809 2155 CAP.
849 2120 1016 2154 LXXIII.
1063 2117 1150 2155 Velie

128 2181 194 2204 non
210 2177 332 2204 temere
355 2168 427 2204 alia
439 2196 451 2211 ,
481 2182 584 2217 quam
600 2168 775 2214 domestica
802 2168 878 2214 usias
894 2167 955 2214 est,
981 2167 1026 2204 ab
1045 2181 1148 2204 uxore

129 2216 182 2259 ξς
193 2217 301 2264 sorore
324 2216 377 2260 {5³
389 2218 469 2265 filia
487 2218 696 2268 neptibusque
713 2219 899 2265 confi‘afia.]
931 2218 1148 2255 Omninole-

129 2266 283 2317 gendum
303 2267 373 2303 est:
400 2267 484 2315 Veste
501 2282 565 2305 non
582 2279 706 2305 temere
724 2269 795 2305 alia
813 2267 988 2315 domestica
999 2267 1075 2317 ufics
1084 2268 1124 2316 est
1136 2298 1148 2312 ,

134 2328 239 2365 quam
265 2315 308 2352 ab
335 2329 435 2352 uxore
460 2316 512 2360 Εἴ
529 2319 637 2366 fiarore
666 2318 718 2361 Εἴ
738 2319 816 2367 filia
839 2318 1050 2367 neptibusque
1077 2332 1150 2355 con-

120 2367 237 2413 fecia,
263 2365 356 2415 quod
375 2370 412 2403 δε
429 2370 630 2406 Torrentius
647 2369 738 2406 vidit.
794 2369 980 2412 Domestica
998 2370 1148 2420 opponi-

129 2428 183 2454 tur
193 2416 338 2464 forensi,
358 2415 401 2452 de
416 2429 481 2466 qua
500 2417 622 2454 statim.

184 2468 383 2503 TIBERIO
413 2470 457 2504 C.
471 2470 658 2505 XXXVII.
687 2467 933 2516 Thrasiypolim
950 2467 1145 2517 Thracem]

130 2517 244 2555 Numi
258 2527 389 2553 veteres
402 2544 414 2559 ,
442 2530 529 2564 quos
547 2518 654 2555 attulit
672 2519 810 2555 Patinus
830 2517 873 2554 ad
900 2517 990 2554 hunc
1009 2518 1148 2563 locum,

133 2567 262 2604 docent
280 2566 466 2616 legendum
485 2566 549 2604 effe
567 2568 812 2616 Rhescyporim,
840 2570 877 2603 δε
896 2567 949 2603 hic
964 2571 1001 2604 ὅ(
1028 2569 1064 2604 in
1080 2572 1149 2605 Ta·

1242 761 1400 801 CALIG.
1429 765 1471 799 C.
1490 765 1591 801 XVI.
1609 762 1834 812 Centefimum
1845 764 2040 800 auctionum
2052 759 2152 796 Italic
2168 762 2219 794 rea'

1194 810 1318 858 mifit.]
1352 813 1403 848 Sic
1421 812 1524 849 edidit
1545 827 1585 850 ex
1608 826 1678 849 uno
1697 816 1770 849 ΜΞ.
1794 814 2016 851 Casaubonus
2034 809 2219 860 quomodo

1195 865 1232 897 ὅ(
1251 862 1437 898 Turnebus
1460 874 1539 898 ante
1560 877 1600 899 ex
1619 864 1736 899 Dione
1755 863 1993 900 restituendum
2005 861 2223 898 existimavit.

1195 909 1260 946 Sed
1288 923 1328 947 ex
1354 925 1463 948 numo
1481 924 1597 949 vetere
1621 941 1633 956 ‚
1677 913 1711 947 in
1729 926 1798 961 quo
1826 913 1944 963 legitur
1971 916 2012 948 C.
2040 911 2217 947 CAESAR.

1196 961 1317 997 DIVI.
1346 963 1455 998 AUG.
1483 964 1636 999 PRON.
1664 963 1771 999 AUG.
1795 965 1860 999 SC.
1887 967 1922 998 ὃς
1938 964 1973 998 in
1994 960 2105 998 aversa
2128 970 2222 1010 parte

1196 1013 1301 1048 COS.
1326 1015 1471 1049 TERT.
1499 1015 1617 1050 PON'.
1644 1013 1760 1049 MAX.
1786 1015 1865 1049 TR.
1893 1014 2010 1049 P.111.
2047 1012 2084 1045 P·
2108 1012 2147 1045 P.
2171 1012 2219 1045 R.

1195 1063 1270 1098 CC.
1298 1060 1365 1098 hoc
1383 1063 1430 1098 est
1445 1090 1456 1105 ,
1483 1062 1612 1110 remiffiz
1630 1063 1855 1110 ducentesima
1874 1090 1887 1105 ‚
1924 1058 2139 1097 retinendum
2155 1055 2221 1093 effe

1197 1110 1446 1160 ducentefima‚
1471 1113 1567 1163 quod
1585 1114 1632 1149 est
1658 1115 1693 1150 in
1716 1113 1788 1150 aliis
1812 1115 1906 1150 MSS.
1937 1115 1973 1148 &
2004 1109 2082 1146 add.
2117 1108 2223 1144 etiam

1199 1160 1252 1198 illa
1272 1162 1420 1199 Roberti
1438 1163 1598 1213 Stephani
1616 1192 1630 1206 ,
1676 1164 1850 1201 credimus
1868 1163 1990 1200 Patino
2008 1167 2023 1204 ζ
2058 1158 2117 1209 qui
2133 1158 2223 1195 hunc

1201 1225 1348 1248 numum
1364 1212 1406 1249 ad
1423 1213 1511 1249 hunc
1532 1213 1650 1250 locum
1667 1215 1786 1251 attulit.

1254 1264 1413 1300 CALIG.
1442 1266 1482 1300 C.
1498 1267 1559 1301 L1.
1579 1270 1622 1300 Ut
1648 1277 1697 1301 eos
1719 1262 1887 1301 calonibus
1906 1261 1959 1306 Εἴ
1976 1259 2224 1309 impedimentis

1190 1310 1328 1359 stipatos
1357 1315 1515 1363 reperit.)
1565 1313 1658 1351 Male
1698 1317 1756 1365 qui
1788 1312 1923 1351 malunt
1954 1311 2021 1361 legi
2041 1309 2222 1358 jumentis.

1199 1364 1297 1401 Nam
1323 1364 1563 1412 impedimenta
1594 1364 1680 1414 saepe
1700 1367 1773 1403 sunt
1792 1367 1962 1414 jumenta.
2028 1359 2168 1397 Tacitus
2190 1361 2220 1395 I

1199 1425 1280 1451 ann.
1300 1427 1358 1460 47.
1396 1417 1558 1451 Ceterum
1576 1426 1615 1451 ut
1626 1417 1705 1463 jam
1727 1429 1870 1465 Jamque
1890 1415 2000 1451 iturus
2024 1410 2100 1459 legit
2125 1421 2225 1445 comi-

1198 1473 1266 1507 tes,
1294 1464 1493 1513 conquisivit
1512 1467 1776 1512 impedimenta,
1804 1463 1994 1502 adornavit
2014 1473 2131 1496 naves.
2160 1471 2227 1508 pro

1198 1527 1269 1562 quo
1288 1517 1426 1551 Sueton.
1452 1516 1488 1551 in
1506 1515 1650 1553 Tiberio
1664 1529 1693 1554 c.
1715 1523 1770 1561 38.
1795 1513 1840 1553 de
1858 1514 1983 1553 eadem
2001 1524 2060 1549 re:
2086 1508 2227 1545 vehicu-

1194 1562 1238 1598 lis
1255 1561 1496 1614 conprehenfis.
1553 1567 1605 1603 Sic
1641 1569 1674 1603 ὃ(
1709 1566 1799 1616 apud
1827 1565 2000 1603 Caesarem
2028 1558 2223 1617 V113be11.

1196 1613 1272 1650 Gal.
1290 1628 1349 1659 45.
1380 1615 1503 1651 Prima
1519 1614 1589 1652 luce
1608 1629 1771 1665 magnum
1796 1628 1982 1653 numerum
2008 1611 2226 1659 impedimen-

1193 1673 1304 1700 torum
1333 1677 1376 1700 ex
1405 1665 1518 1709 castris
1548 1666 1783 1717 mulorumque
1809 1666 1960 1715 produci.
2005 1662 2065 1700 ubi
2101 1659 2223 1696 itidem

1193 1715 1399 1752 Ciacconius
1427 1728 1613 1766 perperam
1642 1717 1887 1768 corrigendum
1917 1713 2032 1754 censet
2052 1713 2226 1760 jumento-

1192 1776 1280 1802 rum.

1243 1817 1281 1851 N
1292 1818 1464 1853 ERON.
1488 1819 1531 1854 C.
1551 1817 1691 1856 XXVI.
1721 1818 1906 1867 Qaeintana
1922 1816 2014 1852 domi
2024 1811 2223 1858 constituta,

1195 1864 1252 1901 uhi
1270 1875 1373 1914 parta
1396 1868 1443 1901 ud
1474 1868 1698 1905 licitationem
1724 1867 1913 1905 dividenda
1939 1864 2051 1914 prada
2071 1864 2224 1911 pretium

1193 1916 1424 1962 affumeretur.
1447 1915 1461 1964 ]
1512 1917 1579 1953 Hic
1599 1930 1737 1968 quoque
1759 1916 1965 1956 Torrentius
1990 1914 2053 1950 suit
2083 1911 2224 1948 audien-

1194 1965 1278 2009 dus,
1303 1966 1490 2015 legendum
1505 1965 1571 2003 effe
1586 1968 1814 2005 divendendae.
1870 1969 1967 2002 Nam
1985 1964 2027 2001 ad
2044 1964 2221 2011 Quintana

1193 2016 1229 2052 in
1252 2013 1364 2054 castris'
1385 2029 1455 2054 erat
1471 2015 1590 2054 forum
1608 2045 1622 2061 ,
1649 2019 1708 2056 ubi
1724 2017 1983 2061 vendebantur,
1997 2027 2072 2052 non
2094 2011 2224 2051 divide-

1194 2065 1316 2103 bantur
1341 2080 1393 2104 res
1410 2067 1455 2104 ibi
1474 2067 1624 2106 venales.

1250 2120 1284 2154 V
1289 2121 1412 2155 ITEL.
1431 2120 1474 2157 C.
1487 2121 1535 2155 11.
1561 2117 1812 2168 Censuramque
1822 2115 1942 2167 geffi't.]
1959 2117 2068 2162 Cujus
2082 2112 2229 2153 memo}

1195 2167 1250 2202 rix:
1273 2181 1398 2205 numus
1415 2169 1460 2206 est
1486 2167 1591 2205 flatus
1610 2196 1622 2211 ‚
1666 2182 1772 2220 quem
1792 2168 1872 2207 vide
1895 2168 1985 2220 apud
2002 2167 2115 2206 vitum
2131 2165 2224 2201 sum-

1194 2231 1316 2262 murn,
1345 2222 1381 2254 δε
1400 2230 1473 2255 tam
1491 2218 1676 2269 dignitate,
1714 2232 1820 2269 quam
1840 2221 2030 2256 eruditione
2050 2213 2221 2252 inusti-iffi-

1195 2281 1294 2305 munt
1333 2269 1552 2306 Ezechielem
1584 2271 1835 2319 Spanhemium
1861 2271 1895 2306 in
1918 2268 2147 2307 dissertatione
2173 2263 2220 2300 de

1194 2319 1251 2355 usu
1267 2320 1486 2370 antiquorum
1505 2320 1751 2358 numismatum
1773 2332 1848 2369 pag.
1862 2334 1942 2367 737.
1966 2317 2221 2355 maenianum

1192 2369 1235 2404 ad
1256 2370 1327 2406 haec
1350 2370 1457 2408 verba
1474 2399 1488 2414 ‚
1517 2372 1573 2420 qui
1591 2370 1701 2419 plures
1719 2371 1819 2408 nobis
1835 2383 1963 2408 numos
1981 2367 2108 2407 honori
2125 2365 2217 2403 istius

1194 2419 1341 2457 censurae
1360 2421 1488 2458 dicatos
1504 2420 1650 2470 protulit.

1254 2473 1311 2506 De
1330 2471 1458 2508 Plautia
1479 2471 1521 2507 ad
1546 2474 1638 2507 Suet.
1687 2469 1809 2508 Claud.
1827 2478 1881 2509 26.
1911 2474 1947 2509 ὃ(
1968 2483 2026 2515 27.
2058 2467 2138 2509 vide
2162 2468 2216 2507 in·

1191 2519 1299 2569 script.
1326 2524 1420 2558 Grut.
1448 2535 1481 2571 p.
1494 2536 1516 2565 4
1524 2534 1576 2565 52.
1589 2529 1621 2558 6.

1249 2573 1306 2606 De
1324 2571 1557 2618 Qaestoribus
1585 2571 1691 2607 aerarii
1712 2571 1768 2621 qui
1787 2569 1947 2608 substituti
1965 2569 2170 2607 Praetoribus
2193 2579 2216 2606 a

133 2618 212 2655 cito.
272 2616 413 2655 Vellem
439 2615 517 2656 sane
536 2619 571 2656 in
588 2618 736 2658 editione
754 2617 817 2659 hac
833 2616 958 2665 idnon
974 2616 1067 2655 fuiffe
1087 2630 1147 2655 ne·
1198 2618 1344 2657 Claudio
1359 2632 1413 2669 ap.
1443 2623 1532 2657 Suet.
1550 2633 1580 2658 c.
1596 2633 1652 2666 24.
1682 2620 1804 2659 Claud.
1832 2620 1902 2662 vid.
1930 2620 1990 2659 ins.
2018 2624 2209 2667 Grun452,

129 2667 294 2722 glestum.

782 2765 1026 2879 Fi

1102 2815 1363 2919 »NI

1202 2684 1233 2716 5.
1260 2673 1299 2708 &c
1320 2669 1363 2707 ad
1381 2682 1463 2717 437.
1483 2683 1515 2709 2.

1505 2817 1560 2881 S.

1859 3156 2207 3226 CARQ
