2504 3425
516 109 616 163 *Tc
681 107 1171 165 thavtus
1243 97 2017 169 Dora-trrAu'us.>⁴²¹

2210 119 2315 194 673

242 199 434 249 excitavit
459 198 588 246 aedem
612 201 658 246 in
684 200 900 263 Capitolio
922 199 1103 247 Custodi
1127 201 1224 264 Jovi
1240 237 1251 256 ‚
1287 205 1330 247 &
1355 200 1497 249 forum
1520 203 1636 265 quod'
1658 219 1771 249 nuuc
1795 205 1950 252 Nervae
1973 218 2152 253 vocatur.
2220 212 2329 258 Item

237 266 386 312 Flaviae
420 265 625 326 templum
657 266 820 328 gentis,
855 269 897 310 δε
925 264 1123 322 stadium,
1155 270 1198 311 &
1227 266 1405 322 odeum,
1440 271 1484 313 &
1506 266 1821 315 naumachiam:
1850 286 1874 314 e
1899 275 2015 328 cujus
2034 269 2174 332 postea
2193 272 2328 335 lapide

186 336 218 378 6
238 331 441 374 maximus
462 328 639 384 Circus,
673 328 824 374 deustis
848 331 1058 392 utrimque
1079 329 1275 375 lateribus
1297 330 1523 376 exsti-utstus
1546 331 1618 377 est.
1685 333 1991 394 Expeditiones
2012 336 2157 397 partim
2177 334 2324 396 sponte

235 391 434 454 suscepit,
469 394 616 454 partim
640 391 872 438 necessario.

233 473 331 502 cum
359 460 519 518 Legato
553 456 673 501 simul
707 457 817 502 caesa.
879 461 929 501 In
965 460 1108 502 Dacos
1142 457 1240 502 duas

942 397 1099 454 Sponte
1125 396 1169 439 in
1195 395 1343 440 Cattos
1367 413 1378 448 ;
1425 395 1647 440 necessario
1669 412 1794 441 unam
1814 399 1857 441 in
1879 401 2075 445 Sarmatas
2096 433 2108 453 ,
2152 400 2321 461 legione

1252 493 1264 513 ‚
1300 462 1476 519 primam
1507 460 1656 521 Oppio
1691 460 1845 505 Sabino
1879 461 2079 508 consulari
2102 463 2319 525 oppresso,

229 519 449 566 secundam
473 522 680 566 Cornelio
701 519 832 566 Fusco
854 519 1053 582 praefeflo
1076 520 1312 566 cohortium
1337 524 1664 583 praetorianarum
1687 559 1698 578 ,
1744 526 1816 569 cui
1846 524 1945 570 belli
1973 527 2172 572 summam
2194 544 2318 572 com-

228 583 403 630 miserat.
467 587 540 630 De
565 586 700 631 Cattis
717 585 923 645 Dacisque
946 582 1036 645 post
1059 587 1166 629 varia
1189 585 1349 646 praelia,
1379 585 1588 645 duplicem
1610 587 1866 649 triumphum
1889 591 1991 651 egit.
2056 593 2128 635 Dc
2152 593 2314 638 Sarma-

227 649 280 694 tis
299 649 479 695 lauream
503 648 632 695 modo
655 648 902 711 Capitolino
929 650 1029 713 jovi
1049 649 1200 694 retulit.

281 793 347 824 Pro
362 787 566 836 Capitolinis
582 786 667 835 quid
684 786 773 822 enim
792 786 856 822 tibi
870 785 1003 833 fhlvere
1019 782 1150 831 templis
1158 792 1183 826 ,ἱ

337 839 437 887 Qid
447 846 508 886 pro
528 836 666 884 Tarpeja
671 836 807 881 frondis
824 834 943 871 honore
954 834 1081 883 potest!

280 889 379 937 Qid
388 898 450 937 pro
475 885 674 924 culminibus
686 885 830 933 geminis
847 895 1008 921 matrona
1025 883 1212 920 Tonantis?

337 938 491 976 Pallada
500 945 653 985 pretereo
666 950 676 970 .·
705 944 756 970 res
772 935 851 981 agic-
862 933 926 970 illu
946 944 1036 971 tuas.

274 990 374 1038 Qid
386 989 506 1036 loquar
521 982 1067 1034 AlcidemPhoebumquepiofflue
1077 989 1240 1020 Laconas?

330 1040 470 1075 Addita
489 1037 572 1085 quid
590 1034 688 1077 Latio
707 1033 835 1071 Flavia
857 1035 981 1083 templa
993 1034 1091 1082 polo?

269 1088 439 1136 Easpefies
459 1086 512 1129 Εἴ
517 1085 683 1134 sustineas
693 1112 710 1128 ,.
725 1086 895 1133 Auguste,
913 1085 1030 1135 neceſj}
1045 1084 1087 1128 esi
1098 1101 1108 1120 :

327 1136 425 1176 Nam
443 1136 512 1183 tibi
525 1137 615 1188 quod
627 1134 746 1184 fialvat
757 1163 775 1179 ,‚
787 1149 854 1173 non
873 1136 974 1173 habet
991 1142 1076 1174 arca
1094 1135 1212 1182 Jovis.

560 1199 870 1235 VARIOR.

275 1271 304 1302 5.
328 1261 370 1293 In
397 1257 488 1305 queis
506 1254 559 1299 Εἴ
573 1253 818 1303 Capitolium]
865 1254 972 1303 Q1od
998 1254 1057 1292 sub
1077 1268 1234 1294 mortem

212 1305 419 1358 Vespasiani
434 1305 684 1357 conflagrarat,
710 1306 861 1343 restituit.
891 1305 993 1343 Unde
1003 1309 1085 1343 Stat.
1103 1305 1234 1345 scribit:

320 1358 484 1395 Reddidit
499 1356 664 1406 Capitolio
681 1361 879 1393 Tonantem.

545 1429 904 1465 T-ORRENT.

263 1485 575 1535 6.Expeditiones.]
604 1489 662 1522 De
681 1486 878 1522 Domitiani
897 1484 1170 1536 expeditionibus
1179 1496 1235 1521 ea-

208 1536 293 1575 dem
305 1536 417 1574 ferme
435 1537 628 1587 Eutropius.
677 1539 768 1584 Qae
786 1549 871 1575 vero
889 1536 932 1572 de
951 1535 1117 1573 Cornelio
1128 1535 1233 1573 Fusco

210 1588 265 1624 bic
301 1598 480 1625 narrantur
503 1615 529 1631 ,⁷
558 1586 734 1624 declarant
769 1586 889 1624 locum
921 1587 1018 1624 illum
1059 1586 1234 1630 juvenalis

210 1640 350 1678 Sat..1v.

320 1694 366 1725 Et
383 1688 443 1737 qui
460 1687 657 1725 vulturibus
667 1687 835 1736 servabat
854 1686 987 1735 vistera
1000 1687 1107 1723 Dacis

319 1739 453 1786 Fufius.
693 1779 696 1781 Α

206 1788 291 1836 Qo
309 1790 414 1824 etiam
435 1787 565 1835 spestat
581 1789 810 1838 Epigramma
830 1786 994 1823 Martialis
1015 1798 1149 1827 Lxxv1.
1162 1787 1229 1825 lib.

204 1850 261 1877 vx.
281 1838 378 1886 quod
395 1837 486 1874 Fusci
504 1836 602 1883 hujus
620 1839 709 1887 epita
736 1838 834 1874 hium
855 1836 913 1873 est.

256 1887 446 1937 Capitolino
463 1887 556 1932 Jovi-
571 1850 734 1935 remelini}
777 1888 831 1925 Sic
856 1887 942 1924 Plin.
956 1890 1123 1937 Panegyr.
1162 1887 1230 1924 Al-

201 1936 280 1975 lata
293 1948 368 1976 emt
387 1951 432 1975 ex
445 1943 628 1974 Pannonza
644 1937 778 1975 laurea.
817 1942 915 1974 Hanc
936 1944 1121 1985 Imperator
1139 1943 1227 1973 Ner-

201 2001 253 2025 va
268 1991 306 2025 in
318 1991 446 2038 gremio
463 1987 569 2033 Jovis
585 1987 782 2031 collocarat,
810 1990 882 2024 &c.
896 2014 900 2018 ·
940 1990 1114 2035 Traianus
1128 1988 1224 2025 enim

200 2038 403 2089 profligatis·
423 2038 611 2076 Pannoniis
638 2040 710 2085 ejus
732 2039 886 2077 vistoriae
911 2038 1035 2076 testem
1070 2039 1223 2076 lauream

200 2091 334 2129 Nervae
348 2089 532 2133 miserata.
549 2101 658 2139 quam
686 2093 807 2128 Nerva
834 2088 911 2138 ipso
944 2089 1142 2140 adoptionis
1166 2089 1222 2126 die

201 2141 284 2183 Jovi
304 2140 519 2192 Capitolino·
533 2140 754 2179 consecravit.
812 2139 879 2177 Sed
896 2144 933 2177 ὅ(
951 2143 1093 2177 Pacatus
1110 2140 1170 2178 suo
1186 2141 1219 2177 in

201 2190 447 2228 Theodosium
473 2193 643 2240 Panegyr.
679 2191 780 2228 Curii
795 2220 807 2234 ‚
843 2191 1038 2227 Coruncani
1053 2219 1065 2235 ,
1105 2191 1226 2228 Fabri-

201 2239 267 2283 cii,
295 2253 371 2277 cum
384 2242 528 2278 inducia
539 2242 625 2278 bellu
633 2241 898 2289 suspenderant,
926 2241 1016 2277 inter
1033 2254 1158 2279 aratra
1166 2245 1222 2279 vi-

203 2290 334 2326 vebant
351 2319 364 2335 ,
392 2289 444 2332 [5
462 2319 475 2334 ,
489 2304 545 2328 ,ne
563 2293 678 2327 virtus
697 2292 806 2339 quiete
830 2291 1050 2340 languesceret
1067 2321 1079 2335 ,
1105 2292 1223 2341 depost-

202 2340 247 2376 tis
263 2342 302 2378 in
322 2342 449 2389 gremio
475 2340 658 2389 Capitolini
683 2340 791 2390 Jovis
816 2340 940 2376 laureis
955 2370 985 2386 ‚,
1005 2343 1223 2393 triumphales

204 2391 279 2427 viri
295 2390 571 2436 rusticabantur..
606 2391 788 2428 Postremo
807 2391 893 2428 Plin.
913 2391 967 2429 lib.
990 2406 1045 2431 xv.
1068 2407 1142 2445 cap.
1162 2393 1220 2432 ult.

205 2439 250 2477 de
266 2440 361 2478 lauro
382 2441 526 2490 loquens
545 2441 699 2487 ‚fasces
726 2441 881 2491 (inquit)
910 2448 1151 2489 Imperatorum
1168 2446 1223 2481 de-

206 2502 312 2529 cerat.
341 2491 475 2528 Exhinc
513 2489 586 2536 (fic
603 2491 749 2527 enimin
770 2504 854 2527 meo
880 2491 959 2529 cod.
986 2505 1058 2529 non
1080 2507 1122 2528 ex
1139 2494 1219 2542 his)

207 2543 245 2577 in
256 2545 385 2591 gremio
401 2541 507 2587 Jovis
527 2546 603 2589 Opt.
619 2546 724 2578 Max.
741 2541 920 2589 deponitur
937 2543 1223 2591 quoticslaetitiam

209 2604 302 2629 nova
319 2591 465 2629 vitioria
480 2591 614 2628 attulit.
630 2619 633 2622 -

515 2664 933 2699 Casan-Bou.-

265 2725 295 2757 E
311 2721 400 2769 cujus
405 2721 512 2771 polica
530 2721 640 2769 lapide
647 2722 821 2757 maximus
831 2724 950 2757 Circus
959 2722 1000 2768 est
1010 2721 1224 2771 exstructae]

211 2773 330 2810 Mirari
349 2772 448 2816 licet,
465 2786 523 2808 cur
545 2773 725 2808 austorem
744 2773 828 2807 tanti
847 2774 959 2822 operis
976 2775 1154 2810 reticuerit.
1191 2777 1226 2810 Is

211 2835 329 2860 autem
351 2823 398 2860 est
420 2825 601 2868 Traianus,
619 2850 622 2852 v
656 2821 767 2859 Multa
781 2822 824 2859 de
845 2822 912 2860 hoc
932 2824 1036 2861 Circo
1054 2824 1178 2861 Plinius
1190 2825 1226 2861 in

210 2874 299 2912 libro
318 2875 540 2924 Panegyrico.
558 2903 560 2905 >

1267 650 1433 692 Bellum
1459 650 1580 695 civile
1607 665 1769 696 motum
1794 669 1814 697 a
1832 656 1880 698 L.
1904 655 2102 699 Antonio
2125 654 2314 716 superio-

2256 722 2315 766 ris

1288 784 1500 831 triumphum
1519 784 1624 832 egla]
1663 789 1715 822 Ita
1733 787 1860 826 habent
1878 794 1914 827 &
1933 793 2168 830 Memmianus
2185 795 2222 830 ὅ(
2243 792 2299 829 alii

1291 845 1370 870 Mss.
1388 834 1550 870 Eusebius
1567 836 1600 870 in
1618 835 1796 872 Chronico
1817 838 1860 875 de
1877 842 1983 877 Dacis
2001 846 2038 878 ὃ(
2056 845 2241 881 Germanis
2258 845 2306 882 ait

1287 881 1517 934 triumphasse.
1538 883 1580 920 ad
1599 898 1706 934 quem
1724 886 1841 923 locum
1861 889 1939 925 vide
1957 903 2074 928 notata
2092 894 2278 944 Scaligero.

1341 939 1396 969 De
1412 934 1580 970 Sarmatis
1598 934 1752 972 lauream
1776 938 1873 973 modo
1898 940 2086 986 Capitolino
2104 943 2194 986 Jovi
2215 953 2307 981 retu·

1285 981 1338 1020 lit.
1359 984 1375 1030 ]
1401 984 1543 1021 Clarum
1562 997 1603 1021 ex
1622 984 1690 1022 hoc
1707 986 1812 1029 loco,
1829 998 1940 1024 errare
1955 988 2171 1027 doctissimos
2189 995 2281 1030 viros
2293 1023 2305 1037 ‚

1284 1034 1341 1082 qui
1363 1035 1650 1084 triumphare,-&
1666 1037 1746 1080 Jovi
1759 1039 1956 1087 Capitolino
1976 1038 2129 1077 lauream
2152 1041 2275 1079 referre
2290 1072 2302 1086 ,

1285 1083 1379 1121 idem
1397 1085 1462 1123 ess'e
1481 1098 1609 1134 putant.
1626 1089 1741 1134 majus
1758 1090 1854 1125 enim
1871 1089 2025 1140 &longe
2044 1090 2304 1140 digniust1·ium—

1285 1133 1343 1183 phi
1357 1149 1466 1185 quam
1484 1136 1606 1174 laureae
1634 1139 1694 1182 jus.
1720 1138 1934 1188 quodetiam
1952 1140 2060 1178 stante
2075 1138 2165 1193 Rep.
2187 1143 2306 1179 omni-

1286 1185 1347 1222 bus
1357 1189 1547 1236 competit,
1570 1188 1627 1237 qui
1643 1187 1736 1225 caefis
1754 1188 1905 1227 hostibus
1923 1194 2159 1241 Imperatores
2173 1191 2303 1231 salutati

1280 1233 1434 1275 fuissent:
1462 1236 1536 1275 sive
1557 1238 1602 1275 illi
1620 1251 1673 1275 res
1689 1239 1866 1290 triumpho
1884 1240 2003 1292 dignas
2011 1240 2198 1291 gessissent,
2229 1243 2304 1282 sive

1281 1286 1409 1325 starent
1432 1301 1555 1326 eorum
1569 1287 1662 1325 fasta
1688 1290 1772 1326 intra
1787 1290 1937 1340 gloriam
1961 1293 2135 1343 triumphi.
2181 1304 2303 1343 praeter

1283 1336 1351 1374 hoc
1368 1338 1591 1377 certissimum
1612 1338 1849 1377 testimonium
1864 1369 1877 1384 ,
1907 1341 1981 1379 sunt
1997 1346 2034 1380 ὃς
2055 1343 2121 1381 alia
2138 1356 2212 1381 non
2233 1346 2302 1381 mi-

1283 1401 1345 1425 nus
1378 1389 1514 1440 liquida.
1558 1389 1615 1427 lib.
1645 1403 1680 1427 v.
1731 1390 1843 1428 scribit
1880 1395 2058 1431 Suetonius
2090 1407 2164 1445 cap.
2188 1409 2229 1432 x1
2243 1409 2254 1431 ι
2269 1410 2298 1433 ι.

1282 1441 1468 1477 Neronem
1486 1440 1534 1480 ob
1553 1440 1725 1478 Tei-idatis
1741 1442 1776 1477 in
1792 1441 1918 1480 urbem
1938 1443 2128 1483 adveutum
2147 1472 2159 1487 ,
2199 1451 2303 1493 Imp(-

1281 1500 1427 1527 ratorem
1456 1490 1705 1538 consalutatum
1723 1520 1751 1535 ‚,
1775 1491 1931 1530 lauream
1958 1496 1996 1531 in
2014 1494 2223 1543 Capitolium
2251 1495 2303 1531 la-

1281 1549 1367 1577 tam.
1393 1554 1501 1578 nemo
1517 1552 1639 1577 tamen
1660 1540 1758 1578 sanus
1780 1542 2000 1595 triumphasse
2019 1558 2101 1582 eum
2117 1557 2300 1597 propterea

1281 1589 1410 1628 dixerit.
1469 1592 1661 1629 Antonium
1696 1591 1870 1643 collegam
1910 1596 2103 1633 Ciceronis
2129 1609 2170 1633 ex
2206 1595 2300 1632 bello

1283 1641 1481 1679 Catilinario
1525 1642 1679 1678 lauream
1715 1641 1899 1692 reportasse
1927 1646 2001 1695 quis
2031 1646 2134 1683 nescit
2154 1650 2165 1684 Ξ
2203 1647 2298 1696 atqui

1282 1692 1513 1742 triumphandi
1536 1705 1648 1741 neque
1678 1693 1728 1738 jus
1759 1705 1871 1744 neque
1898 1695 1994 1744 spem
2023 1696 2129 1733 ullam
2148 1694 2299 1733 habuisse

1280 1743 1475 1779 Antonium
1504 1741 1730 1780 certissimum
1761 1743 1808 1781 est
1826 1773 1838 1787 ,
1889 1748 1938 1782 M.
1970 1759 2109 1796 quoque
2143 1747 2298 1784 Tullium

1281 1792 1403 1841 praeliis
1435 1793 1564 1844 aliquot
1593 1793 1628 1829 in
1655 1792 1774 1829 Cilicia
1801 1792 1943 1831 feliciter
1971 1797 2072 1845 gestis
2092 1825 2104 1839 ,
2155 1801 2193 1834 δε
2225 1801 2300 1834 Irn-

1278 1854 1478 1893 peratorem
1502 1841 1595 1880 fuiffe
1623 1842 1801 1880 salutatum
1820 1873 1833 1888 ,
1875 1849 1914 1881 ὃ(
1949 1845 2062 1883 laurea
2089 1845 2196 1884 fasces
2222 1846 2302 1884 suos

1279 1893 1412 1930 ornasse
1437 1893 1598 1931 constat:
1636 1894 1813 1943 triumpho
1839 1908 1893 1931 res
1922 1895 2041 1945 dignas
2069 1908 2152 1933 eum
2169 1896 2298 1947 gessisse

1276 1944 1366 1980 adeo
1387 1957 1461 1980 non
1488 1943 1666 1981 constabat
1683 1972 1696 1987 ,
1741 1955 1776 1980 ut
1795 1945 1922 1981 Catoni
1946 1950 1985 1983 δε
2002 1945 2200 1984 senatorum
2230 1947 2300 1997 ple-

1272 1994 1382 2045 risque
1397 1994 1469 2033 aliis
1500 1993 1644 2034 absurde
1660 1992 1773 2031 facere
1792 1994 1880 2036 visus
1897 1993 1939 2032 fit
1957 2025 1970 2042 ,
2001 1997 2060 2049 qui
2084 1997 2298 2049 triumphum

1273 2057 1434 2099 peteret..r

1627 2114 1951 2154 VAR10R.-

1329 2170 1498 2219 Odeum]
1526 2171 1630 2210 Salm.
1654 2171 1747 2210 Cod,
1764 2174 1914 2212 Odium.
1931 2200 1935 2204 -

1330 2230 1362 2260 6.
1391 2227 1447 2258 De
1464 2223 1580 2259 Cattis
1599 2223 1767 2271 Dacisque
1779 2223 1848 2271 post
1870 2226 1978 2262 varia
1995 2225 2111 2274 prelia
2133 2256 2144 2271 ,
2185 2227 2296 2275 dupli-

1274 2286 1345 2309 cem
1381 2273 1593 2320 triumphum
1629 2275 1705 2321 egit.
1720 2271 1733 2320 ]
1753 2287 1755 2290 ⁴
1780 2277 1968 2313 DAcxcum
2010 2279 2048 2313 ὅ(
2093 2281 2295 2315 Genuam-

1273 2335 1355 2360 cuM
1368 2351 1381 2365 ,
1410 2323 1625 2371 cognomina
1640 2335 1690 2360 ex
1707 2323 1848 2362 devietis
1866 2327 2026 2376 gentibus
2044 2328 2227 2380 reportasti:
2246 2341 2296 2366 te-

1272 2373 1326 2411 stis
1344 2375 1363 2418 J
1368 2387 1468 2413 uven.

1746 2446 1761 2453 -
1789 2436 1864 2460 cum
1883 2424 1978 2462 lance
1991 2425 2091 2462 beata

1383 2476 1552 2515 Dacicus,
1579 2471 1631 2515 &³
1651 2473 1722 2508 lato
1732 2472 1882 2520 splendet
1898 2477 2120 2512 Germanicus
2138 2489 2232 2516 auro,

1271 2526 1315 2560 Et
1327 2535 1446 2561 tamen
1462 2523 1569 2560 nullus
1585 2535 1749 2559 nummus
1764 2524 1887 2568 exstat,
1927 2524 2059 2562 nullum
2081 2539 2293 2566 monumen-

1276 2584 1375 2616 tum,
1404 2576 1438 2610 in
1461 2587 1531 2623 quo
1553 2575 1673 2608 Dacici
1691 2587 1895 2621 cognomen
1916 2573 1967 2612 sit.
2024 2578 2069 2613 At
2089 2579 2292 2615 Geumam·

1276 2635 1346 2660 cus
1366 2623 1544 2674 saepissime
1563 2624 1597 2659 in
1616 2625 1688 2667 ejus
1710 2626 1862 2660 nummis
1880 2625 2021 2675 legitur,
2039 2628 2141 2676 -quod
2160 2641 2295 2679 cogno-

1274 2687 1359 2710 men
1377 2687 1449 2710 non
1468 2673 1593 2716 habet,
1622 2671 1682 2708 nisi
1703 2675 1774 2718 iam
1791 2674 1908 2712 consul
1926 2676 2051 2713 decies.
2082 2682 2171 2714 Sane
2190 2680 2290 2717 inxi.

1274 2728 1309 2760 ὅ(
1329 2738 1409 2762 xiv.
1432 2723 1607 2761 consulatu
1627 2725 1764 2760 nummi
1782 2724 1910 2762 habent
1928 2737 2098 2777 tropaeum
2131 2742 2212 2766 cum
2241 2731 2293 2766 in-

1272 2774 1453 2824 scriptione
1475 2802 1488 2818 ,
1538 2784 1745 2810 GERMANJA
1790 2787 1932 2813 capu.
1998 2777 2162 2826 Jofiphus
2215 2787 2293 2817 Sca-

1270 2824 1363 2874 liger.
1381 2851 1385 2855 -

1325 2875 1503 2923 Duplicem
1516 2875 1623 2912 trium
1643 2873 1763 2923 hum]
1793 2879 1849 2913 De
1866 2876 1933 2914 hoc
1953 2878 2132 2928 triumpho
2151 2881 2293 2917 Martia-

268 2932 301 2961 6.
322 2925 420 2973 Oppio
437 2925 557 2961 Sabino
567 2922 730 2972 consulari
747 2923 908 2973 oppresso]
923 2924 1229 2973 Sci-ib‚Appi0.Sab.
1276 2925 1314 2962 lis
1333 2925 1391 2963 lib.
1404 2939 1442 2962 vx
1458 2939 1467 2961 1
1484 2940 1508 2962 1.
1529 2938 1582 2975 ep.
1595 2932 1615 2961 6
1656 2954 1659 2962 2

213 2976 430 3025 estantiquis,
461 2975 651 3026 EutropiO,
673 2979 709 3011 ὃς
733 2975 833 3012 Fastis
849 2975 1094 3013 consularibus.

269 3028 465 3064 DaCattc's
494 3027 663 3076 Dacisque
681 3025 749 3075 post
785 3027 892 3065 varin
917 3026 1030 3075 praua
1065 3026 1229 3076 duplicem
1256 3052 1261 3081 ¹

1360 2977 1424 3014 Hic
1430 2976 1556 3024 gemini
1567 2988 1684 3013 currus
1694 2987 1879 3014 numerant
1889 2977 2066 3026 elephanta
2067 2981 2294 3031 frequentem,

1451 3024 1577 3078 sufficit
1590 3026 1761 3072 -immenfis
1780 3042 1909 3066 aureus
1918 3029 1981 3078 ipse
1997 3032 2077 3068 viis.

2209 3084 2295 3118 Ῐᾶτυὶὶ
