<?xml version="1.0" encoding="UTF-8"?>
<!DOCTYPE html PUBLIC "-//W3C//DTD XHTML 1.0 Transitional//EN"
    "http://www.w3.org/TR/xhtml1/DTD/xhtml1-transitional.dtd">
<html xmlns="http://www.w3.org/1999/xhtml" xml:lang="en" lang="en">
 <head>
  <title>
</title>
<meta http-equiv="Content-Type" content="text/html;charset=utf-8" />
  <meta name='ocr-system' content='tesseract 3.04.00' />
  <meta name='ocr-capabilities' content='ocr_page ocr_carea ocr_par ocr_line ocrx_word'/>
</head>
<body>
  <div class='ocr_page' id='page_1' title='image "./csuetoniustranqu00suet_0656.png"; bbox 0 0 2504 3425; ppageno 0'>
   <div class='ocr_carea' id='block_1_1' title="bbox 255 163 363 235">
    <p class='ocr_par' dir='ltr' id='par_1_1' title="bbox 255 163 363 235">
     <span class='ocr_line' id='line_1_1' title="bbox 255 163 363 235; baseline -0.009 -16"><span class='ocrx_word' id='word_1_1' title='bbox 255 163 363 235; x_wconf 76' lang='lat'>636</span> 
     </span>
    </p>
   </div>
   <div class='ocr_carea' id='block_1_2' title="bbox 560 143 2076 214">
    <p class='ocr_par' dir='ltr' id='par_1_2' title="bbox 560 143 2076 214">
     <span class='ocr_line' id='line_1_2' title="bbox 560 143 2076 214; baseline -0.008 1"><span class='ocrx_word' id='word_1_2' title='bbox 560 158 629 214; x_wconf 84' lang='lat' dir='ltr'>C.</span> <span class='ocrx_word' id='word_1_3' title='bbox 680 146 1604 213; x_wconf 69' lang='lat' dir='ltr'>SUET.TRANQUILL1</span> <span class='ocrx_word' id='word_1_4' title='bbox 1657 143 2076 203; x_wconf 67' lang='lat' dir='ltr'>L12.V111.</span> 
     </span>
    </p>
   </div>
   <div class='ocr_carea' id='block_1_3' title="bbox 252 234 2371 498">
    <p class='ocr_par' dir='ltr' id='par_1_3' title="bbox 252 234 2371 498">
     <span class='ocr_line' id='line_1_3' title="bbox 252 234 2364 317; baseline -0.008 -18"><span class='ocrx_word' id='word_1_5' title='bbox 252 252 512 317; x_wconf 80' lang='lat' dir='ltr'>negligentia</span> <span class='ocrx_word' id='word_1_6' title='bbox 545 252 766 313; x_wconf 76' lang='lat' dir='ltr'>purgavit:</span> <span class='ocrx_word' id='word_1_7' title='bbox 801 243 1088 304; x_wconf 85' lang='lat' dir='ltr'>supplevitque</span> <span class='ocrx_word' id='word_1_8' title='bbox 1124 236 1294 283; x_wconf 87' lang='lat' dir='ltr'>recenso</span> <span class='ocrx_word' id='word_1_9' title='bbox 1331 234 1471 280; x_wconf 84' lang='lat' dir='ltr'>senatu</span> <span class='ocrx_word' id='word_1_10' title='bbox 1496 268 1507 287; x_wconf 89' lang='lat'>‚</span> <span class='ocrx_word' id='word_1_11' title='bbox 1541 237 1585 278; x_wconf 63' lang='grc' dir='ltr'>δέ</span> <span class='ocrx_word' id='word_1_12' title='bbox 1605 236 1779 297; x_wconf 89' lang='lat' dir='ltr'>equite:</span> <span class='ocrx_word' id='word_1_13' title='bbox 1813 235 2016 298; x_wconf 78' lang='lat' dir='ltr'>submotis</span> <span class='ocrx_word' id='word_1_14' title='bbox 2038 236 2364 303; x_wconf 79' lang='lat' dir='ltr'>indignissimis,</span> 
     </span>
     <span class='ocr_line' id='line_1_4' title="bbox 260 298 2368 374; baseline -0.006 -15"><span class='ocrx_word' id='word_1_15' title='bbox 260 323 304 364; x_wconf 86' lang='lat'>&amp;</span> <span class='ocrx_word' id='word_1_16' title='bbox 339 315 625 363; x_wconf 73' lang='lat' dir='ltr'>honestissimo</span> <span class='ocrx_word' id='word_1_17' title='bbox 659 325 830 374; x_wconf 88' lang='lat' dir='ltr'>quoque</span> <span class='ocrx_word' id='word_1_18' title='bbox 865 307 1102 350; x_wconf 78' lang='lat' dir='ltr'>Italicorum</span> <span class='ocrx_word' id='word_1_19' title='bbox 1138 317 1180 346; x_wconf 86' lang='lat' dir='ltr'>ac</span> <span class='ocrx_word' id='word_1_20' title='bbox 1216 299 1539 362; x_wconf 81' lang='lat' dir='ltr'>provincialium</span> <span class='ocrx_word' id='word_1_21' title='bbox 1574 298 1735 343; x_wconf 47' lang='lat' dir='ltr'>allecto.</span> <span class='ocrx_word' id='word_1_22' title='bbox 1802 303 1948 362; x_wconf 86' lang='lat' dir='ltr'>Atque</span> <span class='ocrx_word' id='word_1_23' title='bbox 1983 302 2042 348; x_wconf 86' lang='lat' dir='ltr'>uti</span> <span class='ocrx_word' id='word_1_24' title='bbox 2071 318 2220 350; x_wconf 87' lang='lat' dir='ltr'>notum</span> <span class='ocrx_word' id='word_1_25' title='bbox 2243 303 2368 357; x_wconf 72' lang='lat' dir='ltr'>esset,</span> 
     </span>
     <span class='ocr_line' id='line_1_5' title="bbox 262 361 2369 443; baseline -0.009 -14"><span class='ocrx_word' id='word_1_26' title='bbox 262 396 485 443; x_wconf 87' lang='lat' dir='ltr'>utrumque</span> <span class='ocrx_word' id='word_1_27' title='bbox 520 379 711 423; x_wconf 81' lang='lat' dir='ltr'>ordinem</span> <span class='ocrx_word' id='word_1_28' title='bbox 745 388 833 417; x_wconf 89' lang='lat' dir='ltr'>non</span> <span class='ocrx_word' id='word_1_29' title='bbox 869 382 953 413; x_wconf 87' lang='lat' dir='ltr'>tam</span> <span class='ocrx_word' id='word_1_30' title='bbox 988 367 1174 412; x_wconf 84' lang='lat' dir='ltr'>libertate</span> <span class='ocrx_word' id='word_1_31' title='bbox 1201 366 1308 409; x_wconf 89' lang='lat' dir='ltr'>inter</span> <span class='ocrx_word' id='word_1_32' title='bbox 1328 361 1396 417; x_wconf 86' lang='lat' dir='ltr'>se,</span> <span class='ocrx_word' id='word_1_33' title='bbox 1432 377 1556 424; x_wconf 89' lang='lat' dir='ltr'>quam</span> <span class='ocrx_word' id='word_1_34' title='bbox 1580 362 1781 423; x_wconf 79' lang='lat' dir='ltr'>dignitate</span> <span class='ocrx_word' id='word_1_35' title='bbox 1803 361 1991 420; x_wconf 85' lang='lat' dir='ltr'>differre,</span> <span class='ocrx_word' id='word_1_36' title='bbox 2015 366 2074 411; x_wconf 81' lang='lat' dir='ltr'>de</span> <span class='ocrx_word' id='word_1_37' title='bbox 2096 369 2236 429; x_wconf 85' lang='lat' dir='ltr'>jurgio</span> <span class='ocrx_word' id='word_1_38' title='bbox 2259 382 2369 429; x_wconf 83' lang='lat' dir='ltr'>quo-</span> 
     </span>
     <span class='ocr_line' id='line_1_6' title="bbox 263 427 2371 498; baseline -0.007 -7"><span class='ocrx_word' id='word_1_39' title='bbox 263 446 358 491; x_wconf 81' lang='lat' dir='ltr'>dam</span> <span class='ocrx_word' id='word_1_40' title='bbox 393 443 586 489; x_wconf 86' lang='lat' dir='ltr'>senatoris</span> <span class='ocrx_word' id='word_1_41' title='bbox 611 434 844 498; x_wconf 78' lang='lat' dir='ltr'>equitisque</span> <span class='ocrx_word' id='word_1_42' title='bbox 880 434 936 477; x_wconf 80' lang='lat' dir='ltr'>R.</span> <span class='ocrx_word' id='word_1_43' title='bbox 970 434 1025 477; x_wconf 83' lang='lat' dir='ltr'>ita</span> <span class='ocrx_word' id='word_1_44' title='bbox 1059 429 1379 492; x_wconf 86' lang='lat' dir='ltr'>pronuntiavit:</span> <span class='ocrx_word' id='word_1_45' title='bbox 1427 427 1528 480; x_wconf 86' lang='lat' dir='ltr'>Non</span> <span class='ocrx_word' id='word_1_46' title='bbox 1563 427 1949 491; x_wconf 48' lang='lat' dir='ltr'>op07·tere2maz²evlici</span> <span class='ocrx_word' id='word_1_47' title='bbox 1983 431 2224 477; x_wconf 68' lang='lat' dir='ltr'>senatoribus</span> <span class='ocrx_word' id='word_1_48' title='bbox 2245 467 2258 488; x_wconf 93' lang='lat'><strong>,</strong></span> <span class='ocrx_word' id='word_1_49' title='bbox 2305 447 2371 475; x_wconf 84' lang='lat' dir='ltr'>re-</span> 
     </span>
    </p>
   </div>
   <div class='ocr_carea' id='block_1_4' title="bbox 265 499 873 563">
    <p class='ocr_par' dir='ltr' id='par_1_4' title="bbox 265 499 873 563">
     <span class='ocr_line' id='line_1_7' title="bbox 265 499 873 563; baseline -0.02 -9"><span class='ocrx_word' id='word_1_50' title='bbox 265 508 451 554; x_wconf 68' lang='lat' dir='ltr'>maledici</span> <span class='ocrx_word' id='word_1_51' title='bbox 482 506 604 548; x_wconf 81' lang='lat' dir='ltr'>civile</span> <span class='ocrx_word' id='word_1_52' title='bbox 625 502 766 563; x_wconf 61' lang='lat' dir='ltr'>fasqm’</span> <span class='ocrx_word' id='word_1_53' title='bbox 798 499 873 557; x_wconf 73' lang='lat' dir='ltr'>effe.</span> 
     </span>
    </p>
   </div>
   <div class='ocr_carea' id='block_1_5' title="bbox 939 489 2453 553">
    <p class='ocr_par' dir='ltr' id='par_1_5' title="bbox 939 489 2453 553">
     <span class='ocr_line' id='line_1_8' title="bbox 939 489 2453 553; baseline -0.002 -13"><span class='ocrx_word' id='word_1_54' title='bbox 939 496 1100 540; x_wconf 79' lang='lat' dir='ltr'>Litium</span> <span class='ocrx_word' id='word_1_55' title='bbox 1135 491 1256 538; x_wconf 86' lang='lat' dir='ltr'>series</span> <span class='ocrx_word' id='word_1_56' title='bbox 1290 491 1450 553; x_wconf 86' lang='lat' dir='ltr'>ubique</span> <span class='ocrx_word' id='word_1_57' title='bbox 1477 494 1675 547; x_wconf 84' lang='lat' dir='ltr'>majorem</span> <span class='ocrx_word' id='word_1_58' title='bbox 1699 490 1742 534; x_wconf 88' lang='lat' dir='ltr'>in</span> <span class='ocrx_word' id='word_1_59' title='bbox 1764 489 1939 535; x_wconf 85' lang='lat' dir='ltr'>modum</span> <span class='ocrx_word' id='word_1_60' title='bbox 1963 508 2248 550; x_wconf 86' lang='lat' dir='ltr'>excreverant,</span> <span class='ocrx_word' id='word_1_61' title='bbox 2286 510 2373 539; x_wconf 85' lang='lat' dir='ltr'>ma·</span> <span class='ocrx_word' id='word_1_62' title='bbox 2398 502 2453 533; x_wconf 86' lang='lat'>10</span> 
     </span>
    </p>
   </div>
   <div class='ocr_carea' id='block_1_6' title="bbox 264 553 2455 816">
    <p class='ocr_par' dir='ltr' id='par_1_6' title="bbox 264 553 2455 816">
     <span class='ocr_line' id='line_1_9' title="bbox 264 553 2376 628; baseline -0.007 -12"><span class='ocrx_word' id='word_1_63' title='bbox 264 569 461 618; x_wconf 76' lang='lat' dir='ltr'>uentibus</span> <span class='ocrx_word' id='word_1_64' title='bbox 495 567 700 628; x_wconf 79' lang='lat' dir='ltr'>antiquis,</span> <span class='ocrx_word' id='word_1_65' title='bbox 736 559 1044 622; x_wconf 81' lang='lat' dir='ltr'>intercapedine</span> <span class='ocrx_word' id='word_1_66' title='bbox 1077 557 1401 617; x_wconf 63' lang='lat' dir='ltr'>jurisdifflioni53</span> <span class='ocrx_word' id='word_1_67' title='bbox 1436 553 1729 598; x_wconf 78' lang='lat' dir='ltr'>accedentibus</span> <span class='ocrx_word' id='word_1_68' title='bbox 1763 555 1909 608; x_wconf 86' lang='lat' dir='ltr'>novis,</span> <span class='ocrx_word' id='word_1_69' title='bbox 1945 571 1995 599; x_wconf 85' lang='lat' dir='ltr'>ex</span> <span class='ocrx_word' id='word_1_70' title='bbox 2029 556 2272 604; x_wconf 85' lang='lat' dir='ltr'>conditione</span> <span class='ocrx_word' id='word_1_71' title='bbox 2305 572 2376 602; x_wconf 87' lang='lat' dir='ltr'>tu-</span> 
     </span>
     <span class='ocr_line' id='line_1_10' title="bbox 266 616 2378 693; baseline -0.007 -15"><span class='ocrx_word' id='word_1_72' title='bbox 266 634 483 693; x_wconf 85' lang='lat' dir='ltr'>multuque</span> <span class='ocrx_word' id='word_1_73' title='bbox 519 643 772 691; x_wconf 86' lang='lat' dir='ltr'>temporum.</span> <span class='ocrx_word' id='word_1_74' title='bbox 840 629 959 671; x_wconf 87' lang='lat' dir='ltr'>Sorte</span> <span class='ocrx_word' id='word_1_75' title='bbox 994 623 1122 684; x_wconf 80' lang='lat' dir='ltr'>elegit</span> <span class='ocrx_word' id='word_1_76' title='bbox 1143 657 1156 677; x_wconf 90' lang='lat'>‚</span> <span class='ocrx_word' id='word_1_77' title='bbox 1194 638 1266 684; x_wconf 84' lang='lat' dir='ltr'>per</span> <span class='ocrx_word' id='word_1_78' title='bbox 1298 635 1403 681; x_wconf 83' lang='lat' dir='ltr'>quos</span> <span class='ocrx_word' id='word_1_79' title='bbox 1438 633 1548 678; x_wconf 83' lang='lat' dir='ltr'>rapta</span> <span class='ocrx_word' id='word_1_80' title='bbox 1582 617 1696 663; x_wconf 86' lang='lat' dir='ltr'>bello</span> <span class='ocrx_word' id='word_1_81' title='bbox 1729 616 2077 664; x_wconf 86' lang='lat' dir='ltr'>restituerentur:</span> <span class='ocrx_word' id='word_1_82' title='bbox 2119 621 2274 684; x_wconf 88' lang='lat' dir='ltr'>quique</span> <span class='ocrx_word' id='word_1_83' title='bbox 2308 626 2378 680; x_wconf 78' lang='lat' dir='ltr'>ju-</span> 
     </span>
     <span class='ocr_line' id='line_1_11' title="bbox 269 680 2380 752; baseline -0.007 -10"><span class='ocrx_word' id='word_1_84' title='bbox 269 698 374 743; x_wconf 87' lang='lat' dir='ltr'>dicia</span> <span class='ocrx_word' id='word_1_85' title='bbox 408 694 750 746; x_wconf 87' lang='lat' dir='ltr'>centumviralia,</span> <span class='ocrx_word' id='word_1_86' title='bbox 787 690 942 752; x_wconf 87' lang='lat' dir='ltr'>quibus</span> <span class='ocrx_word' id='word_1_87' title='bbox 967 686 1212 750; x_wconf 84' lang='lat' dir='ltr'>peragendis</span> <span class='ocrx_word' id='word_1_88' title='bbox 1238 686 1306 730; x_wconf 82' lang='lat' dir='ltr'>vix</span> <span class='ocrx_word' id='word_1_89' title='bbox 1324 680 1541 728; x_wconf 58' lang='lat' dir='ltr'>suffectura</span> <span class='ocrx_word' id='word_1_90' title='bbox 1561 682 1821 744; x_wconf 83' lang='lat' dir='ltr'>litigatorum</span> <span class='ocrx_word' id='word_1_91' title='bbox 1852 698 1942 727; x_wconf 81' lang='lat' dir='ltr'>aetas</span> <span class='ocrx_word' id='word_1_92' title='bbox 1976 682 2222 739; x_wconf 84' lang='lat' dir='ltr'>videbatur,</span> <span class='ocrx_word' id='word_1_93' title='bbox 2270 699 2380 729; x_wconf 81' lang='lat' dir='ltr'>extra</span> 
     </span>
     <span class='ocr_line' id='line_1_12' title="bbox 268 745 2455 816; baseline -0.006 -11"><span class='ocrx_word' id='word_1_94' title='bbox 268 760 461 805; x_wconf 83' lang='lat' dir='ltr'>ordinem</span> <span class='ocrx_word' id='word_1_95' title='bbox 485 757 759 816; x_wconf 80' lang='lat' dir='ltr'>dijudicarent</span> <span class='ocrx_word' id='word_1_96' title='bbox 779 789 791 809; x_wconf 87' lang='lat'>‚</span> <span class='ocrx_word' id='word_1_97' title='bbox 839 753 1158 815; x_wconf 82' lang='lat' dir='ltr'>redigerentque</span> <span class='ocrx_word' id='word_1_98' title='bbox 1184 749 1234 795; x_wconf 89' lang='lat' dir='ltr'>ad</span> <span class='ocrx_word' id='word_1_99' title='bbox 1256 745 1543 795; x_wconf 78' lang='lat' dir='ltr'>brevissimum</span> <span class='ocrx_word' id='word_1_100' title='bbox 1573 763 1809 792; x_wconf 88' lang='lat' dir='ltr'>numerum.</span> <span class='ocrx_word' id='word_1_101' title='bbox 1873 746 2032 793; x_wconf 84' lang='lat' dir='ltr'>Libido</span> <span class='ocrx_word' id='word_1_102' title='bbox 2064 763 2187 810; x_wconf 88' lang='lat' dir='ltr'>atque</span> <span class='ocrx_word' id='word_1_103' title='bbox 2223 747 2383 794; x_wconf 82' lang='lat' dir='ltr'>luxuria</span> <span class='ocrx_word' id='word_1_104' title='bbox 2405 755 2455 786; x_wconf 89' lang='lat'>11</span> 
     </span>
    </p>
   </div>
   <div class='ocr_carea' id='block_1_7' title="bbox 271 820 924 871">
    <p class='ocr_par' dir='ltr' id='par_1_7' title="bbox 271 820 924 871">
     <span class='ocr_line' id='line_1_13' title="bbox 271 820 924 871; baseline -0.012 0"><span class='ocrx_word' id='word_1_105' title='bbox 271 839 492 871; x_wconf 86' lang='lat' dir='ltr'>coercente</span> <span class='ocrx_word' id='word_1_106' title='bbox 528 822 649 868; x_wconf 88' lang='lat' dir='ltr'>nullo</span> <span class='ocrx_word' id='word_1_107' title='bbox 685 820 924 867; x_wconf 83' lang='lat' dir='ltr'>invaluerat.</span> 
     </span>
    </p>
   </div>
   <div class='ocr_carea' id='block_1_8' title="bbox 263 962 1328 3122">
    <p class='ocr_par' dir='ltr' id='par_1_8' title="bbox 598 962 972 996">
     <span class='ocr_line' id='line_1_14' title="bbox 598 962 972 996; baseline -0.005 0"><span class='ocrx_word' id='word_1_108' title='bbox 598 962 632 996; x_wconf 93' lang='lat' dir='ltr'>T</span> <span class='ocrx_word' id='word_1_109' title='bbox 661 972 685 995; x_wconf 95' lang='lat' dir='ltr'>o</span> <span class='ocrx_word' id='word_1_110' title='bbox 719 970 740 993; x_wconf 76' lang='lat' dir='ltr'>n</span> <span class='ocrx_word' id='word_1_111' title='bbox 778 970 798 993; x_wconf 74' lang='lat' dir='ltr'>n</span> <span class='ocrx_word' id='word_1_112' title='bbox 833 967 853 991; x_wconf 77' lang='lat' dir='ltr'>F,</span> <span class='ocrx_word' id='word_1_113' title='bbox 881 969 905 994; x_wconf 71' lang='lat' dir='ltr'>u</span> <span class='ocrx_word' id='word_1_114' title='bbox 936 968 972 994; x_wconf 84' lang='grc' dir='ltr'>τ.</span> 
     </span>
    </p>

    <p class='ocr_par' dir='ltr' id='par_1_9' title="bbox 272 1004 1301 1255">
     <span class='ocr_line' id='line_1_15' title="bbox 333 1004 1299 1058; baseline -0.014 -8"><span class='ocrx_word' id='word_1_115' title='bbox 333 1027 345 1050; x_wconf 85' lang='lat'>1</span> <span class='ocrx_word' id='word_1_116' title='bbox 354 1025 389 1050; x_wconf 85' lang='lat'>0.</span> <span class='ocrx_word' id='word_1_117' title='bbox 400 1010 649 1058; x_wconf 76' lang='lat' dir='ltr'>Intercapedine</span> <span class='ocrx_word' id='word_1_118' title='bbox 652 1009 726 1056; x_wconf 83' lang='lat' dir='ltr'>juri</span> <span class='ocrx_word' id='word_1_119' title='bbox 722 1008 909 1056; x_wconf 57' lang='lat' dir='ltr'>scitalem.</span> <span class='ocrx_word' id='word_1_120' title='bbox 924 1007 937 1053; x_wconf 86' lang='lat'>]</span> <span class='ocrx_word' id='word_1_121' title='bbox 955 1007 1008 1043; x_wconf 89' lang='lat' dir='ltr'>Sic</span> <span class='ocrx_word' id='word_1_122' title='bbox 1017 1004 1299 1051; x_wconf 75' lang='lat' dir='ltr'>intercapedinem</span> 
     </span>
     <span class='ocr_line' id='line_1_16' title="bbox 272 1050 1299 1108; baseline -0.01 -10"><span class='ocrx_word' id='word_1_123' title='bbox 272 1061 439 1108; x_wconf 78' lang='lat' dir='ltr'>scribendi</span> <span class='ocrx_word' id='word_1_124' title='bbox 448 1061 567 1108; x_wconf 84' lang='lat' dir='ltr'>facere</span> <span class='ocrx_word' id='word_1_125' title='bbox 587 1059 667 1096; x_wconf 72' lang='lat' dir='ltr'>dixit</span> <span class='ocrx_word' id='word_1_126' title='bbox 692 1059 765 1095; x_wconf 86' lang='lat' dir='ltr'>Cic.</span> <span class='ocrx_word' id='word_1_127' title='bbox 804 1056 905 1106; x_wconf 80' lang='lat' dir='ltr'>Epist.</span> <span class='ocrx_word' id='word_1_128' title='bbox 942 1055 1124 1092; x_wconf 65' lang='lat' dir='ltr'>famimib.</span> <span class='ocrx_word' id='word_1_129' title='bbox 1143 1066 1223 1090; x_wconf 73' lang='lat' dir='ltr'>xvi.</span> <span class='ocrx_word' id='word_1_130' title='bbox 1255 1050 1299 1088; x_wconf 84' lang='lat' dir='ltr'>ad</span> 
     </span>
     <span class='ocr_line' id='line_1_17' title="bbox 275 1102 1301 1155; baseline -0.014 -5"><span class='ocrx_word' id='word_1_131' title='bbox 275 1113 450 1149; x_wconf 87' lang='lat' dir='ltr'>Tironem</span> <span class='ocrx_word' id='word_1_132' title='bbox 466 1140 478 1155; x_wconf 90' lang='lat'><em>,</em></span> <span class='ocrx_word' id='word_1_133' title='bbox 515 1114 551 1147; x_wconf 75' lang='grc' dir='ltr'>ὃ(</span> <span class='ocrx_word' id='word_1_134' title='bbox 573 1110 630 1147; x_wconf 86' lang='lat' dir='ltr'>lib.</span> <span class='ocrx_word' id='word_1_135' title='bbox 658 1124 685 1145; x_wconf 90' lang='lat'>1.</span> <span class='ocrx_word' id='word_1_136' title='bbox 723 1111 779 1144; x_wconf 88' lang='lat' dir='ltr'>De</span> <span class='ocrx_word' id='word_1_137' title='bbox 799 1106 926 1143; x_wconf 83' lang='lat' dir='ltr'>finibus</span> <span class='ocrx_word' id='word_1_138' title='bbox 945 1135 957 1149; x_wconf 93' lang='lat'><em>,</em></span> <span class='ocrx_word' id='word_1_139' title='bbox 994 1108 1031 1142; x_wconf 79' lang='lat' dir='ltr'>in</span> <span class='ocrx_word' id='word_1_140' title='bbox 1054 1116 1196 1152; x_wconf 71' lang='lat' dir='ltr'>quorum</span> <span class='ocrx_word' id='word_1_141' title='bbox 1223 1102 1301 1137; x_wconf 72' lang='lat' dir='ltr'>vim</span> 
     </span>
     <span class='ocr_line' id='line_1_18' title="bbox 276 1154 1301 1209; baseline -0.012 -10"><span class='ocrx_word' id='word_1_142' title='bbox 276 1163 373 1199; x_wconf 78' lang='lat' dir='ltr'>nulla</span> <span class='ocrx_word' id='word_1_143' title='bbox 389 1162 430 1209; x_wconf 83' lang='lat' dir='ltr'>est</span> <span class='ocrx_word' id='word_1_144' title='bbox 446 1160 656 1207; x_wconf 66' lang='lat' dir='ltr'>intercapedo</span> <span class='ocrx_word' id='word_1_145' title='bbox 671 1157 827 1203; x_wconf 64' lang='lat' dir='ltr'>molestie.</span> <span class='ocrx_word' id='word_1_146' title='bbox 861 1156 894 1192; x_wconf 86' lang='lat' dir='ltr'>id</span> <span class='ocrx_word' id='word_1_147' title='bbox 916 1156 984 1198; x_wconf 84' lang='lat' dir='ltr'>est,</span> <span class='ocrx_word' id='word_1_148' title='bbox 1012 1154 1144 1199; x_wconf 80' lang='lat' dir='ltr'>nullutn</span> <span class='ocrx_word' id='word_1_149' title='bbox 1164 1164 1301 1201; x_wconf 82' lang='lat' dir='ltr'>tempus</span> 
     </span>
     <span class='ocr_line' id='line_1_19' title="bbox 275 1208 1301 1255; baseline -0.012 -6"><span class='ocrx_word' id='word_1_150' title='bbox 275 1225 296 1249; x_wconf 76' lang='lat' dir='ltr'>a</span> <span class='ocrx_word' id='word_1_151' title='bbox 307 1212 464 1250; x_wconf 85' lang='lat' dir='ltr'>molestia</span> <span class='ocrx_word' id='word_1_152' title='bbox 473 1223 634 1249; x_wconf 86' lang='lat' dir='ltr'>vacuum.</span> <span class='ocrx_word' id='word_1_153' title='bbox 664 1208 728 1244; x_wconf 82' lang='lat' dir='ltr'>Sed</span> <span class='ocrx_word' id='word_1_154' title='bbox 740 1212 777 1244; x_wconf 70' lang='grc' dir='ltr'>δ(</span> <span class='ocrx_word' id='word_1_155' title='bbox 788 1210 926 1244; x_wconf 85' lang='lat' dir='ltr'>Sueton.</span> <span class='ocrx_word' id='word_1_156' title='bbox 940 1208 1028 1254; x_wconf 73' lang='lat' dir='ltr'>Aug.</span> <span class='ocrx_word' id='word_1_157' title='bbox 1040 1216 1113 1255; x_wconf 83' lang='lat' dir='ltr'>cap.</span> <span class='ocrx_word' id='word_1_158' title='bbox 1126 1216 1214 1241; x_wconf 76' lang='lat' dir='ltr'>xxxv</span> <span class='ocrx_word' id='word_1_159' title='bbox 1225 1218 1234 1239; x_wconf 86' lang='lat'>1</span> <span class='ocrx_word' id='word_1_160' title='bbox 1249 1216 1259 1238; x_wconf 85' lang='lat'>1</span> <span class='ocrx_word' id='word_1_161' title='bbox 1275 1216 1301 1237; x_wconf 89' lang='lat'>1.</span> 
     </span>
    </p>

    <p class='ocr_par' dir='ltr' id='par_1_10' title="bbox 263 1251 1306 1462">
     <span class='ocr_line' id='line_1_20' title="bbox 263 1251 1305 1311; baseline -0.009 -13"><span class='ocrx_word' id='word_1_162' title='bbox 263 1263 335 1310; x_wconf 72' lang='lat' dir='ltr'>post</span> <span class='ocrx_word' id='word_1_163' title='bbox 353 1263 485 1311; x_wconf 78' lang='lat' dir='ltr'>longam</span> <span class='ocrx_word' id='word_1_164' title='bbox 505 1257 787 1307; x_wconf 64' lang='lat' dir='ltr'>intercapedinem</span> <span class='ocrx_word' id='word_1_165' title='bbox 805 1256 958 1294; x_wconf 74' lang='lat' dir='ltr'>absolute</span> <span class='ocrx_word' id='word_1_166' title='bbox 977 1256 1058 1293; x_wconf 83' lang='lat' dir='ltr'>dixit</span> <span class='ocrx_word' id='word_1_167' title='bbox 1068 1283 1081 1299; x_wconf 86' lang='lat'><em>,</em></span> <span class='ocrx_word' id='word_1_168' title='bbox 1112 1266 1176 1304; x_wconf 90' lang='lat' dir='ltr'>pro</span> <span class='ocrx_word' id='word_1_169' title='bbox 1190 1282 1201 1297; x_wconf 97' lang='lat'><em>,</em></span> <span class='ocrx_word' id='word_1_170' title='bbox 1229 1251 1305 1302; x_wconf 84' lang='lat' dir='ltr'>post</span> 
     </span>
     <span class='ocr_line' id='line_1_21' title="bbox 275 1303 1304 1363; baseline -0.012 -13"><span class='ocrx_word' id='word_1_171' title='bbox 275 1310 675 1363; x_wconf 69' lang='lat' dir='ltr'>longumimervallum.</span> <span class='ocrx_word' id='word_1_172' title='bbox 725 1307 825 1345; x_wconf 88' lang='lat' dir='ltr'>Adde</span> <span class='ocrx_word' id='word_1_173' title='bbox 852 1309 1015 1351; x_wconf 86' lang='lat' dir='ltr'>Festum,</span> <span class='ocrx_word' id='word_1_174' title='bbox 1050 1309 1088 1342; x_wconf 69' lang='grc' dir='ltr'>δε</span> <span class='ocrx_word' id='word_1_175' title='bbox 1107 1303 1304 1354; x_wconf 83' lang='lat' dir='ltr'>Turpilium</span> 
     </span>
     <span class='ocr_line' id='line_1_22' title="bbox 277 1355 1306 1413; baseline -0.009 -14"><span class='ocrx_word' id='word_1_176' title='bbox 277 1363 370 1413; x_wconf 80' lang='lat' dir='ltr'>apud</span> <span class='ocrx_word' id='word_1_177' title='bbox 389 1363 572 1405; x_wconf 87' lang='lat' dir='ltr'>Nonium,</span> <span class='ocrx_word' id='word_1_178' title='bbox 598 1373 689 1397; x_wconf 76' lang='lat' dir='ltr'>nnnc</span> <span class='ocrx_word' id='word_1_179' title='bbox 706 1372 758 1395; x_wconf 86' lang='lat' dir='ltr'>me</span> <span class='ocrx_word' id='word_1_180' title='bbox 776 1371 817 1395; x_wconf 85' lang='lat' dir='ltr'>ex</span> <span class='ocrx_word' id='word_1_181' title='bbox 834 1358 981 1394; x_wconf 78' lang='lat' dir='ltr'>aliorum</span> <span class='ocrx_word' id='word_1_182' title='bbox 997 1356 1137 1406; x_wconf 80' lang='lat' dir='ltr'>ingeniis</span> <span class='ocrx_word' id='word_1_183' title='bbox 1147 1355 1306 1405; x_wconf 72' lang='lat' dir='ltr'>judicat,</span> 
     </span>
     <span class='ocr_line' id='line_1_23' title="bbox 275 1408 969 1462; baseline -0.012 -10"><span class='ocrx_word' id='word_1_184' title='bbox 275 1415 485 1462; x_wconf 75' lang='lat' dir='ltr'>intercapedo</span> <span class='ocrx_word' id='word_1_185' title='bbox 503 1424 646 1461; x_wconf 77' lang='lat' dir='ltr'>quorum</span> <span class='ocrx_word' id='word_1_186' title='bbox 665 1409 839 1447; x_wconf 72' lang='lat' dir='ltr'>amicitias</span> <span class='ocrx_word' id='word_1_187' title='bbox 859 1408 969 1445; x_wconf 70' lang='lat' dir='ltr'>levat.</span> 
     </span>
    </p>

    <p class='ocr_par' dir='ltr' id='par_1_11' title="bbox 278 1458 1328 2772">
     <span class='ocr_line' id='line_1_24' title="bbox 335 1458 1308 1511; baseline -0.008 -10"><span class='ocrx_word' id='word_1_188' title='bbox 335 1461 488 1511; x_wconf 71' lang='lat' dir='ltr'>Judicia</span> <span class='ocrx_word' id='word_1_189' title='bbox 503 1460 813 1507; x_wconf 52' lang='lat' dir='ltr'>centumvirum]</span> <span class='ocrx_word' id='word_1_190' title='bbox 857 1458 1077 1497; x_wconf 85' lang='lat' dir='ltr'>Centumviri</span> <span class='ocrx_word' id='word_1_191' title='bbox 1104 1458 1121 1505; x_wconf 89' lang='lat'><em>(</em></span> <span class='ocrx_word' id='word_1_192' title='bbox 1132 1470 1220 1507; x_wconf 85' lang='lat' dir='ltr'>quos</span> <span class='ocrx_word' id='word_1_193' title='bbox 1244 1458 1308 1507; x_wconf 86' lang='lat' dir='ltr'>pri-</span> 
     </span>
     <span class='ocr_line' id='line_1_25' title="bbox 278 1509 1308 1565; baseline -0.008 -12"><span class='ocrx_word' id='word_1_194' title='bbox 278 1528 382 1554; x_wconf 83' lang='lat' dir='ltr'>murn</span> <span class='ocrx_word' id='word_1_195' title='bbox 400 1513 568 1565; x_wconf 82' lang='lat' dir='ltr'>quaestura</span> <span class='ocrx_word' id='word_1_196' title='bbox 583 1511 689 1550; x_wconf 62' lang='lat' dir='ltr'>functi</span> <span class='ocrx_word' id='word_1_197' title='bbox 705 1539 718 1555; x_wconf 93' lang='lat'>‚</span> <span class='ocrx_word' id='word_1_198' title='bbox 763 1509 887 1547; x_wconf 86' lang='lat' dir='ltr'>deinde</span> <span class='ocrx_word' id='word_1_199' title='bbox 906 1510 1112 1547; x_wconf 85' lang='lat' dir='ltr'>Decemviri</span> <span class='ocrx_word' id='word_1_200' title='bbox 1136 1510 1171 1545; x_wconf 89' lang='lat' dir='ltr'>in</span> <span class='ocrx_word' id='word_1_201' title='bbox 1196 1509 1308 1546; x_wconf 83' lang='lat' dir='ltr'>litibus</span> 
     </span>
     <span class='ocr_line' id='line_1_26' title="bbox 279 1559 1310 1615; baseline -0.007 -12"><span class='ocrx_word' id='word_1_202' title='bbox 279 1565 472 1613; x_wconf 66' lang='lat' dir='ltr'>judicandis</span> <span class='ocrx_word' id='word_1_203' title='bbox 489 1563 583 1601; x_wconf 84' lang='lat' dir='ltr'>hasta</span> <span class='ocrx_word' id='word_1_204' title='bbox 609 1561 721 1615; x_wconf 83' lang='lat' dir='ltr'>posita</span> <span class='ocrx_word' id='word_1_205' title='bbox 744 1561 875 1598; x_wconf 82' lang='lat' dir='ltr'>solenni</span> <span class='ocrx_word' id='word_1_206' title='bbox 902 1571 1076 1599; x_wconf 82' lang='lat' dir='ltr'>conventu</span> <span class='ocrx_word' id='word_1_207' title='bbox 1101 1573 1230 1609; x_wconf 79' lang='lat' dir='ltr'>cogere</span> <span class='ocrx_word' id='word_1_208' title='bbox 1256 1559 1310 1596; x_wconf 91' lang='lat' dir='ltr'>so-</span> 
     </span>
     <span class='ocr_line' id='line_1_27' title="bbox 281 1609 1310 1661; baseline -0.008 -7"><span class='ocrx_word' id='word_1_209' title='bbox 281 1616 413 1654; x_wconf 86' lang='lat' dir='ltr'>lebant.</span> <span class='ocrx_word' id='word_1_210' title='bbox 470 1614 648 1653; x_wconf 84' lang='lat' dir='ltr'>Omnibus</span> <span class='ocrx_word' id='word_1_211' title='bbox 674 1624 791 1655; x_wconf 76' lang='lat' dir='ltr'>autem</span> <span class='ocrx_word' id='word_1_212' title='bbox 817 1615 947 1649; x_wconf 76' lang='lat' dir='ltr'>Praetor</span> <span class='ocrx_word' id='word_1_213' title='bbox 985 1609 1216 1661; x_wconf 80' lang='lat' dir='ltr'>praesidebat)</span> <span class='ocrx_word' id='word_1_214' title='bbox 1266 1610 1310 1647; x_wconf 85' lang='lat' dir='ltr'>de</span> 
     </span>
     <span class='ocr_line' id='line_1_28' title="bbox 280 1659 1311 1716; baseline -0.006 -12"><span class='ocrx_word' id='word_1_215' title='bbox 280 1668 515 1710; x_wconf 75' lang='lat' dir='ltr'>testamentis,</span> <span class='ocrx_word' id='word_1_216' title='bbox 540 1665 677 1716; x_wconf 82' lang='lat' dir='ltr'>aliisque</span> <span class='ocrx_word' id='word_1_217' title='bbox 707 1662 862 1702; x_wconf 82' lang='lat' dir='ltr'>civilibus</span> <span class='ocrx_word' id='word_1_218' title='bbox 879 1691 890 1706; x_wconf 91' lang='lat'><em>‚</em></span> <span class='ocrx_word' id='word_1_219' title='bbox 918 1675 958 1699; x_wconf 83' lang='lat' dir='ltr'>ac</span> <span class='ocrx_word' id='word_1_220' title='bbox 977 1662 1114 1712; x_wconf 80' lang='lat' dir='ltr'>privatis</span> <span class='ocrx_word' id='word_1_221' title='bbox 1131 1659 1242 1698; x_wconf 74' lang='lat' dir='ltr'>caulis</span> <span class='ocrx_word' id='word_1_222' title='bbox 1262 1663 1311 1707; x_wconf 77' lang='lat' dir='ltr'>iu-</span> 
     </span>
     <span class='ocr_line' id='line_1_29' title="bbox 283 1711 1311 1768; baseline -0.006 -13"><span class='ocrx_word' id='word_1_223' title='bbox 283 1717 468 1761; x_wconf 83' lang='lat' dir='ltr'>dicabant,</span> <span class='ocrx_word' id='word_1_224' title='bbox 503 1716 620 1768; x_wconf 82' lang='lat' dir='ltr'>quales</span> <span class='ocrx_word' id='word_1_225' title='bbox 646 1716 816 1752; x_wconf 89' lang='lat' dir='ltr'>nimirum</span> <span class='ocrx_word' id='word_1_226' title='bbox 833 1711 968 1750; x_wconf 73' lang='lat' dir='ltr'>Crassus</span> <span class='ocrx_word' id='word_1_227' title='bbox 995 1723 1176 1748; x_wconf 83' lang='lat' dir='ltr'>enumerat</span> <span class='ocrx_word' id='word_1_228' title='bbox 1205 1711 1262 1748; x_wconf 88' lang='lat' dir='ltr'>lib.</span> <span class='ocrx_word' id='word_1_229' title='bbox 1282 1726 1311 1749; x_wconf 89' lang='lat'>1.</span> 
     </span>
     <span class='ocr_line' id='line_1_30' title="bbox 283 1762 1312 1815; baseline -0.009 -8"><span class='ocrx_word' id='word_1_230' title='bbox 283 1771 342 1806; x_wconf 88' lang='lat' dir='ltr'>De</span> <span class='ocrx_word' id='word_1_231' title='bbox 361 1780 524 1811; x_wconf 82' lang='lat' dir='ltr'>oratore,</span> <span class='ocrx_word' id='word_1_232' title='bbox 549 1779 589 1804; x_wconf 82' lang='lat' dir='ltr'>ac</span> <span class='ocrx_word' id='word_1_233' title='bbox 608 1779 749 1803; x_wconf 81' lang='lat' dir='ltr'>cernere</span> <span class='ocrx_word' id='word_1_234' title='bbox 766 1764 815 1800; x_wconf 81' lang='lat' dir='ltr'>est</span> <span class='ocrx_word' id='word_1_235' title='bbox 836 1763 928 1815; x_wconf 88' lang='lat' dir='ltr'>apud</span> <span class='ocrx_word' id='word_1_236' title='bbox 944 1766 1054 1808; x_wconf 78' lang='lat' dir='ltr'>JCtos</span> <span class='ocrx_word' id='word_1_237' title='bbox 1079 1762 1100 1800; x_wconf 89' lang='lat' dir='ltr'>l.</span> <span class='ocrx_word' id='word_1_238' title='bbox 1118 1776 1158 1800; x_wconf 78' lang='lat' dir='ltr'>xi</span> <span class='ocrx_word' id='word_1_239' title='bbox 1173 1777 1225 1800; x_wconf 86' lang='lat'>11.</span> <span class='ocrx_word' id='word_1_240' title='bbox 1255 1765 1312 1798; x_wconf 87' lang='lat' dir='ltr'>De</span> 
     </span>
     <span class='ocr_line' id='line_1_31' title="bbox 286 1812 1313 1865; baseline -0.006 -10"><span class='ocrx_word' id='word_1_241' title='bbox 286 1818 386 1856; x_wconf 82' lang='lat' dir='ltr'>inoff.</span> <span class='ocrx_word' id='word_1_242' title='bbox 406 1819 480 1857; x_wconf 86' lang='lat' dir='ltr'>test.</span> <span class='ocrx_word' id='word_1_243' title='bbox 499 1821 536 1855; x_wconf 73' lang='grc' dir='ltr'>ὃ(</span> <span class='ocrx_word' id='word_1_244' title='bbox 558 1817 579 1855; x_wconf 91' lang='lat' dir='ltr'>l.</span> <span class='ocrx_word' id='word_1_245' title='bbox 597 1831 672 1854; x_wconf 87' lang='lat' dir='ltr'>xxx.</span> <span class='ocrx_word' id='word_1_246' title='bbox 698 1819 756 1853; x_wconf 87' lang='lat' dir='ltr'>De</span> <span class='ocrx_word' id='word_1_247' title='bbox 775 1815 886 1852; x_wconf 79' lang='lat' dir='ltr'>libert.</span> <span class='ocrx_word' id='word_1_248' title='bbox 908 1814 976 1865; x_wconf 78' lang='lat' dir='ltr'>leg.</span> <span class='ocrx_word' id='word_1_249' title='bbox 1006 1818 1054 1850; x_wconf 86' lang='lat' dir='ltr'>Ea</span> <span class='ocrx_word' id='word_1_250' title='bbox 1072 1814 1171 1863; x_wconf 78' lang='lat' dir='ltr'>igitur</span> <span class='ocrx_word' id='word_1_251' title='bbox 1191 1812 1313 1860; x_wconf 79' lang='lat' dir='ltr'>iudicia</span> 
     </span>
     <span class='ocr_line' id='line_1_32' title="bbox 287 1863 1314 1919; baseline -0.004 -14"><span class='ocrx_word' id='word_1_252' title='bbox 287 1883 364 1919; x_wconf 85' lang='lat' dir='ltr'>quae</span> <span class='ocrx_word' id='word_1_253' title='bbox 378 1870 422 1906; x_wconf 87' lang='lat' dir='ltr'>ad</span> <span class='ocrx_word' id='word_1_254' title='bbox 442 1869 690 1907; x_wconf 88' lang='lat' dir='ltr'>Centumviros</span> <span class='ocrx_word' id='word_1_255' title='bbox 709 1866 950 1918; x_wconf 75' lang='lat' dir='ltr'>pertinebant,</span> <span class='ocrx_word' id='word_1_256' title='bbox 970 1863 1199 1915; x_wconf 75' lang='lat' dir='ltr'>Vespasianus</span> <span class='ocrx_word' id='word_1_257' title='bbox 1207 1864 1314 1901; x_wconf 82' lang='lat' dir='ltr'>etiam</span> 
     </span>
     <span class='ocr_line' id='line_1_33' title="bbox 289 1913 1316 1967; baseline -0.003 -13"><span class='ocrx_word' id='word_1_258' title='bbox 289 1921 360 1957; x_wconf 80' lang='lat' dir='ltr'>aliis</span> <span class='ocrx_word' id='word_1_259' title='bbox 378 1931 473 1956; x_wconf 80' lang='lat' dir='ltr'>extra</span> <span class='ocrx_word' id='word_1_260' title='bbox 489 1919 654 1957; x_wconf 80' lang='lat' dir='ltr'>ordinem</span> <span class='ocrx_word' id='word_1_261' title='bbox 672 1916 913 1967; x_wconf 78' lang='lat' dir='ltr'>cognoscenda</span> <span class='ocrx_word' id='word_1_262' title='bbox 924 1913 1119 1953; x_wconf 76' lang='lat' dir='ltr'>commisit.</span> <span class='ocrx_word' id='word_1_263' title='bbox 1175 1917 1257 1965; x_wconf 70' lang='lat' dir='ltr'>Qua</span> <span class='ocrx_word' id='word_1_264' title='bbox 1272 1915 1316 1952; x_wconf 89' lang='lat' dir='ltr'>de</span> 
     </span>
     <span class='ocr_line' id='line_1_34' title="bbox 290 1965 1316 2020; baseline -0.006 -13"><span class='ocrx_word' id='word_1_265' title='bbox 290 1984 328 2007; x_wconf 82' lang='lat' dir='ltr'>re</span> <span class='ocrx_word' id='word_1_266' title='bbox 342 1970 399 2020; x_wconf 90' lang='lat' dir='ltr'>qui</span> <span class='ocrx_word' id='word_1_267' title='bbox 417 1970 511 2020; x_wconf 85' lang='lat' dir='ltr'>plura</span> <span class='ocrx_word' id='word_1_268' title='bbox 535 1969 636 2011; x_wconf 87' lang='lat' dir='ltr'>velit,</span> <span class='ocrx_word' id='word_1_269' title='bbox 665 1968 832 2005; x_wconf 81' lang='lat' dir='ltr'>Budaeum</span> <span class='ocrx_word' id='word_1_270' title='bbox 852 1966 1015 2004; x_wconf 74' lang='lat' dir='ltr'>consulat.</span> <span class='ocrx_word' id='word_1_271' title='bbox 1073 1965 1213 2005; x_wconf 80' lang='lat' dir='ltr'>Addam</span> <span class='ocrx_word' id='word_1_272' title='bbox 1243 1977 1316 2002; x_wconf 83' lang='lat' dir='ltr'>tan-</span> 
     </span>
     <span class='ocr_line' id='line_1_35' title="bbox 293 2014 1315 2067; baseline -0.006 -9"><span class='ocrx_word' id='word_1_273' title='bbox 293 2034 370 2058; x_wconf 79' lang='lat' dir='ltr'>tum</span> <span class='ocrx_word' id='word_1_274' title='bbox 391 2021 426 2057; x_wconf 87' lang='lat' dir='ltr'>in</span> <span class='ocrx_word' id='word_1_275' title='bbox 445 2020 603 2056; x_wconf 81' lang='lat' dir='ltr'>Praetoris</span> <span class='ocrx_word' id='word_1_276' title='bbox 619 2017 713 2054; x_wconf 77' lang='lat' dir='ltr'>fuiffe</span> <span class='ocrx_word' id='word_1_277' title='bbox 740 2017 905 2067; x_wconf 84' lang='lat' dir='ltr'>potestate</span> <span class='ocrx_word' id='word_1_278' title='bbox 932 2014 1060 2054; x_wconf 67' lang='lat' dir='ltr'>caussas</span> <span class='ocrx_word' id='word_1_279' title='bbox 1086 2029 1170 2066; x_wconf 87' lang='lat' dir='ltr'>quas</span> <span class='ocrx_word' id='word_1_280' title='bbox 1190 2015 1315 2060; x_wconf 88' lang='lat' dir='ltr'>vellet,</span> 
     </span>
     <span class='ocr_line' id='line_1_36' title="bbox 294 2067 1316 2117; baseline -0.005 -9"><span class='ocrx_word' id='word_1_281' title='bbox 294 2071 373 2109; x_wconf 83' lang='lat' dir='ltr'>solis</span> <span class='ocrx_word' id='word_1_282' title='bbox 393 2072 499 2107; x_wconf 84' lang='lat' dir='ltr'>etiam</span> <span class='ocrx_word' id='word_1_283' title='bbox 527 2068 742 2106; x_wconf 84' lang='lat' dir='ltr'>Decemviris</span> <span class='ocrx_word' id='word_1_284' title='bbox 761 2069 983 2104; x_wconf 77' lang='lat' dir='ltr'>committere</span> <span class='ocrx_word' id='word_1_285' title='bbox 1001 2096 1012 2110; x_wconf 93' lang='lat'><em>,</em></span> <span class='ocrx_word' id='word_1_286' title='bbox 1039 2067 1134 2117; x_wconf 89' lang='lat' dir='ltr'>quod</span> <span class='ocrx_word' id='word_1_287' title='bbox 1158 2068 1316 2104; x_wconf 87' lang='lat' dir='ltr'>oratione</span> 
     </span>
     <span class='ocr_line' id='line_1_37' title="bbox 292 2117 1318 2171; baseline -0.005 -13"><span class='ocrx_word' id='word_1_288' title='bbox 292 2135 360 2171; x_wconf 77' lang='lat' dir='ltr'>pro</span> <span class='ocrx_word' id='word_1_289' title='bbox 384 2122 520 2158; x_wconf 77' lang='lat' dir='ltr'>Caecim</span> <span class='ocrx_word' id='word_1_290' title='bbox 532 2150 543 2164; x_wconf 95' lang='lat'><em>‚</em></span> <span class='ocrx_word' id='word_1_291' title='bbox 564 2123 600 2156; x_wconf 91' lang='lat'>&amp;</span> <span class='ocrx_word' id='word_1_292' title='bbox 612 2131 673 2169; x_wconf 88' lang='lat' dir='ltr'>pro</span> <span class='ocrx_word' id='word_1_293' title='bbox 684 2121 809 2154; x_wconf 85' lang='lat' dir='ltr'>Domo</span> <span class='ocrx_word' id='word_1_294' title='bbox 819 2117 876 2154; x_wconf 82' lang='lat' dir='ltr'>sua</span> <span class='ocrx_word' id='word_1_295' title='bbox 886 2119 1010 2153; x_wconf 87' lang='lat' dir='ltr'>Cicero</span> <span class='ocrx_word' id='word_1_296' title='bbox 1027 2117 1185 2156; x_wconf 83' lang='lat' dir='ltr'>ostendit.</span> <span class='ocrx_word' id='word_1_297' title='bbox 1214 2117 1318 2154; x_wconf 86' lang='lat' dir='ltr'>Unde</span> 
     </span>
     <span class='ocr_line' id='line_1_38' title="bbox 294 2167 1319 2218; baseline -0.006 -9"><span class='ocrx_word' id='word_1_298' title='bbox 294 2172 431 2209; x_wconf 60' lang='lat' dir='ltr'>factum</span> <span class='ocrx_word' id='word_1_299' title='bbox 450 2172 517 2214; x_wconf 83' lang='lat' dir='ltr'>est,</span> <span class='ocrx_word' id='word_1_300' title='bbox 546 2181 581 2207; x_wconf 88' lang='lat' dir='ltr'>ut</span> <span class='ocrx_word' id='word_1_301' title='bbox 599 2168 753 2205; x_wconf 87' lang='lat' dir='ltr'>nonnulli</span> <span class='ocrx_word' id='word_1_302' title='bbox 770 2180 791 2204; x_wconf 87' lang='lat' dir='ltr'>a</span> <span class='ocrx_word' id='word_1_303' title='bbox 809 2168 1046 2204; x_wconf 82' lang='lat' dir='ltr'>Centumviris</span> <span class='ocrx_word' id='word_1_304' title='bbox 1064 2167 1155 2216; x_wconf 89' lang='lat' dir='ltr'>ipsos</span> <span class='ocrx_word' id='word_1_305' title='bbox 1186 2167 1319 2218; x_wconf 82' lang='lat' dir='ltr'>separa-</span> 
     </span>
     <span class='ocr_line' id='line_1_39' title="bbox 297 2215 1320 2264; baseline -0.006 -5"><span class='ocrx_word' id='word_1_306' title='bbox 297 2223 430 2264; x_wconf 56' lang='lat' dir='ltr'>xerint,</span> <span class='ocrx_word' id='word_1_307' title='bbox 451 2234 533 2259; x_wconf 88' lang='lat' dir='ltr'>cum</span> <span class='ocrx_word' id='word_1_308' title='bbox 551 2218 737 2258; x_wconf 76' lang='lat' dir='ltr'>verisimile</span> <span class='ocrx_word' id='word_1_309' title='bbox 754 2217 794 2254; x_wconf 85' lang='lat' dir='ltr'>sit</span> <span class='ocrx_word' id='word_1_310' title='bbox 813 2217 908 2254; x_wconf 88' lang='lat' dir='ltr'>idem</span> <span class='ocrx_word' id='word_1_311' title='bbox 930 2216 1095 2263; x_wconf 71' lang='lat' dir='ltr'>iudicium</span> <span class='ocrx_word' id='word_1_312' title='bbox 1113 2215 1217 2254; x_wconf 74' lang='lat' dir='ltr'>fuisse.</span> <span class='ocrx_word' id='word_1_313' title='bbox 1256 2223 1320 2260; x_wconf 64' lang='lat' dir='ltr'>,Et</span> 
     </span>
     <span class='ocr_line' id='line_1_40' title="bbox 296 2266 1320 2322; baseline -0.007 -12"><span class='ocrx_word' id='word_1_314' title='bbox 296 2274 467 2322; x_wconf 83' lang='lat' dir='ltr'>quoniam</span> <span class='ocrx_word' id='word_1_315' title='bbox 486 2284 560 2308; x_wconf 85' lang='lat' dir='ltr'>non</span> <span class='ocrx_word' id='word_1_316' title='bbox 578 2268 638 2306; x_wconf 76' lang='lat' dir='ltr'>nist</span> <span class='ocrx_word' id='word_1_317' title='bbox 650 2269 785 2319; x_wconf 82' lang='lat' dir='ltr'>privatis</span> <span class='ocrx_word' id='word_1_318' title='bbox 801 2268 955 2305; x_wconf 87' lang='lat' dir='ltr'>derebus</span> <span class='ocrx_word' id='word_1_319' title='bbox 973 2266 1188 2313; x_wconf 80' lang='lat' dir='ltr'>judicabant,</span> <span class='ocrx_word' id='word_1_320' title='bbox 1200 2280 1320 2304; x_wconf 81' lang='lat' dir='ltr'>emen-</span> 
     </span>
     <span class='ocr_line' id='line_1_41' title="bbox 292 2318 1322 2369; baseline -0.006 -9"><span class='ocrx_word' id='word_1_321' title='bbox 292 2323 432 2361; x_wconf 70' lang='lat' dir='ltr'>dandus</span> <span class='ocrx_word' id='word_1_322' title='bbox 449 2322 562 2359; x_wconf 84' lang='lat' dir='ltr'>obiter</span> <span class='ocrx_word' id='word_1_323' title='bbox 595 2319 822 2369; x_wconf 70' lang='lat' dir='ltr'>Quiiiffilian.</span> <span class='ocrx_word' id='word_1_324' title='bbox 852 2318 909 2356; x_wconf 89' lang='lat' dir='ltr'>lib.</span> <span class='ocrx_word' id='word_1_325' title='bbox 940 2330 992 2358; x_wconf 78' lang='lat' dir='ltr'>lv.</span> <span class='ocrx_word' id='word_1_326' title='bbox 1012 2330 1089 2368; x_wconf 81' lang='lat' dir='ltr'>cap.</span> <span class='ocrx_word' id='word_1_327' title='bbox 1115 2332 1146 2355; x_wconf 70' lang='grc' dir='ltr'>ι,</span> <span class='ocrx_word' id='word_1_328' title='bbox 1175 2331 1256 2354; x_wconf 88' lang='lat' dir='ltr'>cum</span> <span class='ocrx_word' id='word_1_329' title='bbox 1275 2319 1322 2354; x_wconf 84' lang='lat' dir='ltr'>ita</span> 
     </span>
     <span class='ocr_line' id='line_1_42' title="bbox 300 2369 1326 2422; baseline -0.006 -13"><span class='ocrx_word' id='word_1_330' title='bbox 300 2374 434 2411; x_wconf 81' lang='lat' dir='ltr'>scribit:</span> <span class='ocrx_word' id='word_1_331' title='bbox 463 2372 580 2422; x_wconf 67' lang='lat' dir='ltr'>Qibn</span> <span class='ocrx_word' id='word_1_332' title='bbox 596 2373 679 2407; x_wconf 71' lang='lat' dir='ltr'>clam</span> <span class='ocrx_word' id='word_1_333' title='bbox 697 2371 734 2406; x_wconf 80' lang='lat' dir='ltr'>in</span> <span class='ocrx_word' id='word_1_334' title='bbox 748 2370 882 2417; x_wconf 80' lang='lat' dir='ltr'>judiciis</span> <span class='ocrx_word' id='word_1_335' title='bbox 901 2397 913 2412; x_wconf 90' lang='lat'><strong><em>,</em></strong></span> <span class='ocrx_word' id='word_1_336' title='bbox 955 2371 1171 2417; x_wconf 72' lang='lat' dir='ltr'>maximeque</span> <span class='ocrx_word' id='word_1_337' title='bbox 1195 2369 1326 2416; x_wconf 71' lang='lat' dir='ltr'>capita-</span> 
     </span>
     <span class='ocr_line' id='line_1_43' title="bbox 299 2417 1328 2471; baseline -0.008 -10"><span class='ocrx_word' id='word_1_338' title='bbox 299 2425 385 2461; x_wconf 71' lang='lat' dir='ltr'>libus</span> <span class='ocrx_word' id='word_1_339' title='bbox 398 2453 408 2467; x_wconf 89' lang='lat'><em>‚</em></span> <span class='ocrx_word' id='word_1_340' title='bbox 437 2434 475 2460; x_wconf 84' lang='lat' dir='ltr'>ut</span> <span class='ocrx_word' id='word_1_341' title='bbox 493 2424 582 2471; x_wconf 76' lang='lat' dir='ltr'>apud</span> <span class='ocrx_word' id='word_1_342' title='bbox 600 2421 842 2457; x_wconf 72' lang='lat' dir='ltr'>Centumviros</span> <span class='ocrx_word' id='word_1_343' title='bbox 859 2448 870 2464; x_wconf 94' lang='lat'><em>,</em></span> <span class='ocrx_word' id='word_1_344' title='bbox 898 2417 955 2467; x_wconf 77' lang='lat' dir='ltr'>ipſs</span> <span class='ocrx_word' id='word_1_345' title='bbox 967 2419 1096 2468; x_wconf 70' lang='lat' dir='ltr'>judices</span> <span class='ocrx_word' id='word_1_346' title='bbox 1113 2428 1252 2466; x_wconf 62' lang='lat' dir='ltr'>exigunt</span> <span class='ocrx_word' id='word_1_347' title='bbox 1265 2418 1328 2464; x_wconf 68' lang='lat' dir='ltr'>fil-</span> 
     </span>
     <span class='ocr_line' id='line_1_44' title="bbox 299 2468 1327 2518; baseline -0.006 -7"><span class='ocrx_word' id='word_1_348' title='bbox 299 2477 414 2511; x_wconf 56' lang='lat' dir='ltr'>heims</span> <span class='ocrx_word' id='word_1_349' title='bbox 444 2471 496 2517; x_wconf 51' lang='grc' dir='ltr'>Εἴ</span> <span class='ocrx_word' id='word_1_350' title='bbox 516 2478 693 2509; x_wconf 63' lang='lat' dir='ltr'>accf&#39;cratcu</span> <span class='ocrx_word' id='word_1_351' title='bbox 713 2471 867 2509; x_wconf 56' lang='lat' dir='ltr'>actiones.</span> <span class='ocrx_word' id='word_1_352' title='bbox 904 2469 985 2518; x_wconf 78' lang='lat' dir='ltr'>lego</span> <span class='ocrx_word' id='word_1_353' title='bbox 1004 2470 1099 2505; x_wconf 88' lang='lat' dir='ltr'>enim</span> <span class='ocrx_word' id='word_1_354' title='bbox 1116 2496 1127 2511; x_wconf 82' lang='lat'><em>,</em></span> <span class='ocrx_word' id='word_1_355' title='bbox 1157 2468 1210 2511; x_wconf 63' lang='lat'>(5</span> <span class='ocrx_word' id='word_1_356' title='bbox 1235 2470 1327 2516; x_wconf 73' lang='lat' dir='ltr'>apud</span> 
     </span>
     <span class='ocr_line' id='line_1_45' title="bbox 301 2517 1325 2569; baseline -0.006 -7"><span class='ocrx_word' id='word_1_357' title='bbox 301 2524 545 2561; x_wconf 77' lang='lat' dir='ltr'>Centumviros</span> <span class='ocrx_word' id='word_1_358' title='bbox 564 2551 575 2565; x_wconf 94' lang='lat'><em>‚</em></span> <span class='ocrx_word' id='word_1_359' title='bbox 611 2521 666 2559; x_wconf 88' lang='lat' dir='ltr'>vel</span> <span class='ocrx_word' id='word_1_360' title='bbox 682 2533 720 2557; x_wconf 72' lang='lat' dir='ltr'>u:</span> <span class='ocrx_word' id='word_1_361' title='bbox 738 2519 790 2564; x_wconf 52' lang='grc' dir='ltr'>Εἴ</span> <span class='ocrx_word' id='word_1_362' title='bbox 809 2522 903 2569; x_wconf 81' lang='lat' dir='ltr'>apud.</span> <span class='ocrx_word' id='word_1_363' title='bbox 921 2523 1021 2556; x_wconf 84' lang='lat' dir='ltr'>Cent.</span> <span class='ocrx_word' id='word_1_364' title='bbox 1061 2517 1230 2568; x_wconf 84' lang='lat' dir='ltr'>siquidem</span> <span class='ocrx_word' id='word_1_365' title='bbox 1261 2520 1325 2567; x_wconf 91' lang='lat' dir='ltr'>(ut</span> 
     </span>
     <span class='ocr_line' id='line_1_46' title="bbox 303 2569 1322 2622; baseline -0.007 -9"><span class='ocrx_word' id='word_1_366' title='bbox 303 2576 393 2622; x_wconf 84' lang='lat' dir='ltr'>dixi)</span> <span class='ocrx_word' id='word_1_367' title='bbox 440 2574 549 2613; x_wconf 81' lang='lat' dir='ltr'>civilia</span> <span class='ocrx_word' id='word_1_368' title='bbox 569 2583 703 2610; x_wconf 78' lang='lat' dir='ltr'>tantum</span> <span class='ocrx_word' id='word_1_369' title='bbox 725 2571 850 2618; x_wconf 69' lang='lat' dir='ltr'>iudicia·</span> <span class='ocrx_word' id='word_1_370' title='bbox 878 2570 1096 2607; x_wconf 85' lang='lat' dir='ltr'>Centumviri</span> <span class='ocrx_word' id='word_1_371' title='bbox 1117 2569 1322 2606; x_wconf 61' lang='lat' dir='ltr'>tractabant.</span> 
     </span>
     <span class='ocr_line' id='line_1_47' title="bbox 304 2618 1323 2675; baseline -0.007 -11"><span class='ocrx_word' id='word_1_372' title='bbox 304 2630 362 2663; x_wconf 71' lang='lat' dir='ltr'>De</span> <span class='ocrx_word' id='word_1_373' title='bbox 384 2625 506 2675; x_wconf 89' lang='lat' dir='ltr'>quibus</span> <span class='ocrx_word' id='word_1_374' title='bbox 533 2624 673 2672; x_wconf 76' lang='lat' dir='ltr'>elegans</span> <span class='ocrx_word' id='word_1_375' title='bbox 692 2621 889 2659; x_wconf 80' lang='lat' dir='ltr'>admodum</span> <span class='ocrx_word' id='word_1_376' title='bbox 901 2619 1191 2670; x_wconf 75' lang='lat' dir='ltr'>PliniiEpist.x1v.</span> <span class='ocrx_word' id='word_1_377' title='bbox 1204 2618 1323 2657; x_wconf 84' lang='lat' dir='ltr'>lib.11.</span> 
     </span>
     <span class='ocr_line' id='line_1_48' title="bbox 306 2670 1325 2725; baseline -0.003 -14"><span class='ocrx_word' id='word_1_378' title='bbox 306 2677 404 2714; x_wconf 70' lang='lat' dir='ltr'>Adde</span> <span class='ocrx_word' id='word_1_379' title='bbox 425 2674 533 2725; x_wconf 79' lang='lat' dir='ltr'>Epist.</span> <span class='ocrx_word' id='word_1_380' title='bbox 549 2674 606 2711; x_wconf 79' lang='lat' dir='ltr'>ult.</span> <span class='ocrx_word' id='word_1_381' title='bbox 630 2673 691 2710; x_wconf 88' lang='lat' dir='ltr'>lib.</span> <span class='ocrx_word' id='word_1_382' title='bbox 706 2686 739 2710; x_wconf 88' lang='lat' dir='ltr'>v.</span> <span class='ocrx_word' id='word_1_383' title='bbox 777 2676 815 2709; x_wconf 74' lang='grc' dir='ltr'>δε</span> <span class='ocrx_word' id='word_1_384' title='bbox 834 2686 938 2710; x_wconf 78' lang='lat' dir='ltr'>xxtv.</span> <span class='ocrx_word' id='word_1_385' title='bbox 975 2670 1035 2708; x_wconf 85' lang='lat' dir='ltr'>lib.</span> <span class='ocrx_word' id='word_1_386' title='bbox 1060 2683 1111 2709; x_wconf 79' lang='lat' dir='ltr'>tv.</span> <span class='ocrx_word' id='word_1_387' title='bbox 1141 2674 1179 2707; x_wconf 72' lang='grc' dir='ltr'>δ’(</span> <span class='ocrx_word' id='word_1_388' title='bbox 1195 2683 1325 2708; x_wconf 85' lang='lat' dir='ltr'>xxx11.</span> 
     </span>
     <span class='ocr_line' id='line_1_49' title="bbox 305 2723 1055 2772; baseline -0.005 -10"><span class='ocrx_word' id='word_1_389' title='bbox 305 2728 431 2765; x_wconf 51' lang='lat' dir='ltr'>liban.</span> <span class='ocrx_word' id='word_1_390' title='bbox 461 2737 500 2762; x_wconf 82' lang='lat' dir='ltr'>ac</span> <span class='ocrx_word' id='word_1_391' title='bbox 522 2725 729 2761; x_wconf 87' lang='lat' dir='ltr'>Suetonium</span> <span class='ocrx_word' id='word_1_392' title='bbox 740 2723 916 2772; x_wconf 58' lang='lat' dir='ltr'>Augsap.</span> <span class='ocrx_word' id='word_1_393' title='bbox 931 2735 1055 2758; x_wconf 77' lang='lat' dir='ltr'>xxxvi.</span> 
     </span>
    </p>

    <p class='ocr_par' dir='ltr' id='par_1_12' title="bbox 303 2770 1327 3122">
     <span class='ocr_line' id='line_1_50' title="bbox 363 2770 1327 2823; baseline -0.005 -11"><span class='ocrx_word' id='word_1_394' title='bbox 363 2778 494 2811; x_wconf 65' lang='lat' dir='ltr'>Auc&#39;lor</span> <span class='ocrx_word' id='word_1_395' title='bbox 504 2774 643 2823; x_wconf 68' lang='lat' dir='ltr'>ftnatus&#39;</span> <span class='ocrx_word' id='word_1_396' title='bbox 663 2774 738 2818; x_wconf 72' lang='lat' dir='ltr'>fuit</span> <span class='ocrx_word' id='word_1_397' title='bbox 760 2771 994 2820; x_wconf 52' lang='lat' dir='ltr'>decernendi]</span> <span class='ocrx_word' id='word_1_398' title='bbox 1023 2770 1260 2809; x_wconf 84' lang='lat' dir='ltr'>Observatum</span> <span class='ocrx_word' id='word_1_399' title='bbox 1278 2771 1327 2808; x_wconf 75' lang='lat' dir='ltr'>vi-</span> 
     </span>
     <span class='ocr_line' id='line_1_51' title="bbox 309 2820 1327 2874; baseline -0.004 -13"><span class='ocrx_word' id='word_1_400' title='bbox 309 2824 431 2862; x_wconf 75' lang='lat' dir='ltr'>demus</span> <span class='ocrx_word' id='word_1_401' title='bbox 455 2825 499 2861; x_wconf 82' lang='lat' dir='ltr'>ab</span> <span class='ocrx_word' id='word_1_402' title='bbox 518 2825 661 2873; x_wconf 81' lang='lat' dir='ltr'>optimis</span> <span class='ocrx_word' id='word_1_403' title='bbox 679 2824 866 2874; x_wconf 76' lang='lat' dir='ltr'>quibusque</span> <span class='ocrx_word' id='word_1_404' title='bbox 891 2822 1127 2871; x_wconf 84' lang='lat' dir='ltr'>Principibus,</span> <span class='ocrx_word' id='word_1_405' title='bbox 1157 2820 1327 2858; x_wconf 81' lang='lat' dir='ltr'>utconsti-</span> 
     </span>
     <span class='ocr_line' id='line_1_52' title="bbox 308 2871 1325 2923; baseline -0.004 -11"><span class='ocrx_word' id='word_1_406' title='bbox 308 2876 409 2912; x_wconf 84' lang='lat' dir='ltr'>tuturi</span> <span class='ocrx_word' id='word_1_407' title='bbox 425 2874 547 2923; x_wconf 75' lang='lat' dir='ltr'>aliquid</span> <span class='ocrx_word' id='word_1_408' title='bbox 567 2876 724 2912; x_wconf 78' lang='lat' dir='ltr'>venirent</span> <span class='ocrx_word' id='word_1_409' title='bbox 740 2876 773 2910; x_wconf 86' lang='lat' dir='ltr'>in</span> <span class='ocrx_word' id='word_1_410' title='bbox 789 2874 942 2911; x_wconf 77' lang='lat' dir='ltr'>senatum</span> <span class='ocrx_word' id='word_1_411' title='bbox 955 2902 970 2916; x_wconf 79' lang='grc'>,,</span> <span class='ocrx_word' id='word_1_412' title='bbox 986 2884 1089 2920; x_wconf 78' lang='lat' dir='ltr'>atque</span> <span class='ocrx_word' id='word_1_413' title='bbox 1106 2871 1152 2908; x_wconf 87' lang='lat' dir='ltr'>ibi</span> <span class='ocrx_word' id='word_1_414' title='bbox 1168 2883 1212 2907; x_wconf 82' lang='lat' dir='ltr'>ea</span> <span class='ocrx_word' id='word_1_415' title='bbox 1227 2871 1271 2907; x_wconf 85' lang='lat' dir='ltr'>de</span> <span class='ocrx_word' id='word_1_416' title='bbox 1289 2885 1325 2908; x_wconf 87' lang='lat' dir='ltr'>re</span> 
     </span>
     <span class='ocr_line' id='line_1_53' title="bbox 307 2921 1327 2974; baseline -0.003 -14"><span class='ocrx_word' id='word_1_417' title='bbox 307 2929 342 2963; x_wconf 72' lang='lat' dir='ltr'>in</span> <span class='ocrx_word' id='word_1_418' title='bbox 359 2936 465 2974; x_wconf 75' lang='lat' dir='ltr'>quain</span> <span class='ocrx_word' id='word_1_419' title='bbox 487 2924 613 2960; x_wconf 79' lang='lat' dir='ltr'>vellem</span> <span class='ocrx_word' id='word_1_420' title='bbox 632 2936 766 2973; x_wconf 80' lang='lat' dir='ltr'>partem</span> <span class='ocrx_word' id='word_1_421' title='bbox 787 2926 943 2961; x_wconf 82' lang='lat' dir='ltr'>oratione</span> <span class='ocrx_word' id='word_1_422' title='bbox 974 2922 1089 2959; x_wconf 77' lang='lat' dir='ltr'>habita</span> <span class='ocrx_word' id='word_1_423' title='bbox 1113 2950 1126 2965; x_wconf 82' lang='lat'>,</span> <span class='ocrx_word' id='word_1_424' title='bbox 1167 2921 1327 2958; x_wconf 83' lang='lat' dir='ltr'>censendi</span> 
     </span>
     <span class='ocr_line' id='line_1_54' title="bbox 308 2971 1326 3023; baseline -0.003 -12"><span class='ocrx_word' id='word_1_425' title='bbox 308 2975 483 3013; x_wconf 60' lang='lat' dir='ltr'>arbitrium</span> <span class='ocrx_word' id='word_1_426' title='bbox 502 2974 654 3009; x_wconf 79' lang='lat' dir='ltr'>Patribus</span> <span class='ocrx_word' id='word_1_427' title='bbox 672 2974 914 3023; x_wconf 71' lang='lat' dir='ltr'>relinquerent.</span> <span class='ocrx_word' id='word_1_428' title='bbox 967 2976 1054 3022; x_wconf 81' lang='lat' dir='ltr'>Qto</span> <span class='ocrx_word' id='word_1_429' title='bbox 1071 2971 1165 3008; x_wconf 70' lang='lat' dir='ltr'>faCto</span> <span class='ocrx_word' id='word_1_430' title='bbox 1183 2972 1326 3008; x_wconf 84' lang='lat' dir='ltr'>senatus—</span> 
     </span>
     <span class='ocr_line' id='line_1_55' title="bbox 306 3022 1326 3071; baseline -0.003 -10"><span class='ocrx_word' id='word_1_431' title='bbox 306 3024 498 3065; x_wconf 75' lang='lat' dir='ltr'>consultum</span> <span class='ocrx_word' id='word_1_432' title='bbox 522 3025 557 3058; x_wconf 90' lang='lat' dir='ltr'>in</span> <span class='ocrx_word' id='word_1_433' title='bbox 590 3022 739 3070; x_wconf 78' lang='lat' dir='ltr'>ipsorum</span> <span class='ocrx_word' id='word_1_434' title='bbox 769 3024 840 3059; x_wconf 67' lang='lat' dir='ltr'>fere</span> <span class='ocrx_word' id='word_1_435' title='bbox 866 3024 1072 3060; x_wconf 83' lang='lat' dir='ltr'>sententiam</span> <span class='ocrx_word' id='word_1_436' title='bbox 1101 3022 1326 3071; x_wconf 77' lang='lat' dir='ltr'>sequebatur,</span> 
     </span>
     <span class='ocr_line' id='line_1_56' title="bbox 303 3072 1322 3122; baseline -0.001 -10"><span class='ocrx_word' id='word_1_437' title='bbox 303 3084 340 3116; x_wconf 65' lang='grc' dir='ltr'>ὁ(</span> <span class='ocrx_word' id='word_1_438' title='bbox 357 3074 528 3112; x_wconf 67' lang='lat' dir='ltr'>i.:tc,=im.1.·.</span> <span class='ocrx_word' id='word_1_439' title='bbox 545 3085 563 3109; x_wconf 63' lang='lat' dir='ltr'>a</span> <span class='ocrx_word' id='word_1_440' title='bbox 581 3074 758 3121; x_wconf 71' lang='lat' dir='ltr'>Principe,</span> <span class='ocrx_word' id='word_1_441' title='bbox 787 3084 951 3122; x_wconf 75' lang='lat' dir='ltr'>tanquam</span> <span class='ocrx_word' id='word_1_442' title='bbox 962 3075 1128 3115; x_wconf 61' lang='lat' dir='ltr'>auctore,</span> <span class='ocrx_word' id='word_1_443' title='bbox 1149 3072 1322 3111; x_wconf 85' lang='lat' dir='ltr'>interdum</span> 
     </span>
    </p>
   </div>
   <div class='ocr_carea' id='block_1_9' title="bbox 992 809 2383 874">
    <p class='ocr_par' dir='ltr' id='par_1_13' title="bbox 992 809 2383 874">
     <span class='ocr_line' id='line_1_57' title="bbox 992 809 2383 874; baseline -0.004 -12"><span class='ocrx_word' id='word_1_444' title='bbox 992 816 1158 862; x_wconf 60' lang='lat' dir='ltr'>Auctor</span> <span class='ocrx_word' id='word_1_445' title='bbox 1193 814 1364 860; x_wconf 85' lang='lat' dir='ltr'>Senatui</span> <span class='ocrx_word' id='word_1_446' title='bbox 1397 809 1481 858; x_wconf 85' lang='lat' dir='ltr'>fuit</span> <span class='ocrx_word' id='word_1_447' title='bbox 1513 810 1790 868; x_wconf 83' lang='lat' dir='ltr'>decernendi,</span> <span class='ocrx_word' id='word_1_448' title='bbox 1826 824 1871 857; x_wconf 88' lang='lat' dir='ltr'>ut</span> <span class='ocrx_word' id='word_1_449' title='bbox 1908 827 1999 874; x_wconf 88' lang='lat' dir='ltr'>quae</span> <span class='ocrx_word' id='word_1_450' title='bbox 2033 810 2072 858; x_wconf 90' lang='lat' dir='ltr'>se</span> <span class='ocrx_word' id='word_1_451' title='bbox 2106 812 2245 857; x_wconf 90' lang='lat' dir='ltr'>alieno</span> <span class='ocrx_word' id='word_1_452' title='bbox 2265 811 2383 857; x_wconf 89' lang='lat' dir='ltr'>servo</span> 
     </span>
    </p>
   </div>
   <div class='ocr_carea' id='block_1_10' title="bbox 1359 876 2411 3157">
    <p class='ocr_par' dir='ltr' id='par_1_14' title="bbox 2166 876 2382 937">
     <span class='ocr_line' id='line_1_58' title="bbox 2166 876 2382 937; baseline -0.009 -15"><span class='ocrx_word' id='word_1_453' title='bbox 2166 876 2382 937; x_wconf 70' lang='lat' dir='ltr'>iunxisset,</span> 
     </span>
    </p>

    <p class='ocr_par' dir='ltr' id='par_1_15' title="bbox 1359 948 2411 3157">
     <span class='ocr_line' id='line_1_59' title="bbox 1361 948 2386 1000; baseline 0 -12"><span class='ocrx_word' id='word_1_454' title='bbox 1361 962 1380 987; x_wconf 84' lang='lat' dir='ltr'>a</span> <span class='ocrx_word' id='word_1_455' title='bbox 1399 949 1593 988; x_wconf 86' lang='lat' dir='ltr'>consulibus</span> <span class='ocrx_word' id='word_1_456' title='bbox 1615 979 1627 994; x_wconf 92' lang='lat'><strong><em>,</em></strong></span> <span class='ocrx_word' id='word_1_457' title='bbox 1656 949 1691 985; x_wconf 89' lang='lat' dir='ltr'>in</span> <span class='ocrx_word' id='word_1_458' title='bbox 1706 949 1852 1000; x_wconf 79' lang='lat' dir='ltr'>gratiam</span> <span class='ocrx_word' id='word_1_459' title='bbox 1870 948 2005 986; x_wconf 84' lang='lat' dir='ltr'>senatus</span> <span class='ocrx_word' id='word_1_460' title='bbox 2020 978 2031 993; x_wconf 94' lang='lat'>‚</span> <span class='ocrx_word' id='word_1_461' title='bbox 2058 948 2145 1000; x_wconf 78' lang='lat' dir='ltr'>saepe</span> <span class='ocrx_word' id='word_1_462' title='bbox 2167 952 2273 988; x_wconf 86' lang='lat' dir='ltr'>etiam</span> <span class='ocrx_word' id='word_1_463' title='bbox 2299 963 2319 988; x_wconf 84' lang='lat' dir='ltr'>a</span> <span class='ocrx_word' id='word_1_464' title='bbox 2348 963 2386 988; x_wconf 87' lang='lat' dir='ltr'>re</span> 
     </span>
     <span class='ocr_line' id='line_1_60' title="bbox 1362 999 2389 1052; baseline 0.002 -14"><span class='ocrx_word' id='word_1_465' title='bbox 1362 1002 1430 1051; x_wconf 84' lang='lat' dir='ltr'>ipsa</span> <span class='ocrx_word' id='word_1_466' title='bbox 1450 1002 1695 1052; x_wconf 74' lang='lat' dir='ltr'>appellabatur.</span> <span class='ocrx_word' id='word_1_467' title='bbox 1753 1000 1921 1050; x_wconf 76' lang='lat' dir='ltr'>Exempla</span> <span class='ocrx_word' id='word_1_468' title='bbox 1937 999 2028 1049; x_wconf 86' lang='lat' dir='ltr'>apud</span> <span class='ocrx_word' id='word_1_469' title='bbox 2051 1002 2160 1044; x_wconf 84' lang='lat' dir='ltr'>JCtos</span> <span class='ocrx_word' id='word_1_470' title='bbox 2179 1001 2303 1050; x_wconf 72' lang='lat' dir='ltr'>paliim</span> <span class='ocrx_word' id='word_1_471' title='bbox 2321 1002 2389 1040; x_wconf 91' lang='lat' dir='ltr'>ob-</span> 
     </span>
     <span class='ocr_line' id='line_1_61' title="bbox 1363 1049 2389 1102; baseline 0 -12"><span class='ocrx_word' id='word_1_472' title='bbox 1363 1054 1429 1090; x_wconf 74' lang='lat' dir='ltr'>via.</span> <span class='ocrx_word' id='word_1_473' title='bbox 1486 1055 1597 1102; x_wconf 83' lang='lat' dir='ltr'>Atque</span> <span class='ocrx_word' id='word_1_474' title='bbox 1617 1051 1683 1087; x_wconf 85' lang='lat' dir='ltr'>hoc</span> <span class='ocrx_word' id='word_1_475' title='bbox 1712 1049 1760 1086; x_wconf 86' lang='lat' dir='ltr'>est</span> <span class='ocrx_word' id='word_1_476' title='bbox 1780 1050 1874 1100; x_wconf 86' lang='lat' dir='ltr'>quod</span> <span class='ocrx_word' id='word_1_477' title='bbox 1900 1049 2099 1100; x_wconf 85' lang='lat' dir='ltr'>frequenter</span> <span class='ocrx_word' id='word_1_478' title='bbox 2123 1053 2250 1088; x_wconf 84' lang='lat' dir='ltr'>eadem</span> <span class='ocrx_word' id='word_1_479' title='bbox 2278 1051 2322 1090; x_wconf 88' lang='lat' dir='ltr'>de</span> <span class='ocrx_word' id='word_1_480' title='bbox 2351 1066 2389 1090; x_wconf 85' lang='lat' dir='ltr'>re</span> 
     </span>
     <span class='ocr_line' id='line_1_62' title="bbox 1365 1100 2390 1151; baseline 0.002 -13"><span class='ocrx_word' id='word_1_481' title='bbox 1365 1116 1453 1139; x_wconf 85' lang='lat' dir='ltr'>nnnc</span> <span class='ocrx_word' id='word_1_482' title='bbox 1482 1100 1771 1139; x_wconf 85' lang='lat' dir='ltr'>senatusconsulto</span> <span class='ocrx_word' id='word_1_483' title='bbox 1790 1129 1802 1144; x_wconf 96' lang='lat'><em>,</em></span> <span class='ocrx_word' id='word_1_484' title='bbox 1832 1114 1922 1138; x_wconf 90' lang='lat' dir='ltr'>nunc</span> <span class='ocrx_word' id='word_1_485' title='bbox 1942 1101 2105 1151; x_wconf 86' lang='lat' dir='ltr'>Principis</span> <span class='ocrx_word' id='word_1_486' title='bbox 2122 1103 2281 1140; x_wconf 86' lang='lat' dir='ltr'>oratione</span> <span class='ocrx_word' id='word_1_487' title='bbox 2310 1115 2390 1141; x_wconf 81' lang='lat' dir='ltr'>cau-</span> 
     </span>
     <span class='ocr_line' id='line_1_63' title="bbox 1366 1151 2390 1202; baseline 0.004 -14"><span class='ocrx_word' id='word_1_488' title='bbox 1366 1165 1441 1188; x_wconf 84' lang='lat' dir='ltr'>tum</span> <span class='ocrx_word' id='word_1_489' title='bbox 1467 1152 1592 1201; x_wconf 79' lang='lat' dir='ltr'>aliquid</span> <span class='ocrx_word' id='word_1_490' title='bbox 1619 1151 1750 1200; x_wconf 76' lang='lat' dir='ltr'>legitur.</span> <span class='ocrx_word' id='word_1_491' title='bbox 1807 1151 1915 1199; x_wconf 81' lang='lat' dir='ltr'>Qod</span> <span class='ocrx_word' id='word_1_492' title='bbox 1933 1152 2034 1201; x_wconf 71' lang='lat' dir='ltr'>igitur</span> <span class='ocrx_word' id='word_1_493' title='bbox 2055 1152 2310 1202; x_wconf 80' lang='lat' dir='ltr'>Vespasianum</span> <span class='ocrx_word' id='word_1_494' title='bbox 2331 1166 2390 1192; x_wconf 84' lang='lat' dir='ltr'>au-</span> 
     </span>
     <span class='ocr_line' id='line_1_64' title="bbox 1367 1199 2389 1252; baseline 0.003 -14"><span class='ocrx_word' id='word_1_495' title='bbox 1367 1204 1503 1238; x_wconf 73' lang='lat' dir='ltr'>storem</span> <span class='ocrx_word' id='word_1_496' title='bbox 1528 1201 1621 1238; x_wconf 77' lang='lat' dir='ltr'>fuisse</span> <span class='ocrx_word' id='word_1_497' title='bbox 1647 1201 1774 1237; x_wconf 79' lang='lat' dir='ltr'>senatui</span> <span class='ocrx_word' id='word_1_498' title='bbox 1796 1199 1908 1237; x_wconf 87' lang='lat' dir='ltr'>scribit</span> <span class='ocrx_word' id='word_1_499' title='bbox 1934 1205 2074 1239; x_wconf 89' lang='lat' dir='ltr'>Sueton.</span> <span class='ocrx_word' id='word_1_500' title='bbox 2107 1203 2250 1252; x_wconf 86' lang='lat' dir='ltr'>perinde</span> <span class='ocrx_word' id='word_1_501' title='bbox 2279 1203 2325 1241; x_wconf 91' lang='lat' dir='ltr'>est</span> <span class='ocrx_word' id='word_1_502' title='bbox 2348 1217 2389 1240; x_wconf 82' lang='lat' dir='ltr'>ac</span> 
     </span>
     <span class='ocr_line' id='line_1_65' title="bbox 1368 1249 2390 1305; baseline 0.004 -18"><span class='ocrx_word' id='word_1_503' title='bbox 1368 1250 1394 1288; x_wconf 87' lang='lat' dir='ltr'>si</span> <span class='ocrx_word' id='word_1_504' title='bbox 1412 1253 1456 1289; x_wconf 88' lang='lat' dir='ltr'>ab</span> <span class='ocrx_word' id='word_1_505' title='bbox 1476 1265 1519 1288; x_wconf 89' lang='lat' dir='ltr'>eo</span> <span class='ocrx_word' id='word_1_506' title='bbox 1547 1253 1581 1289; x_wconf 85' lang='lat' dir='ltr'>id</span> <span class='ocrx_word' id='word_1_507' title='bbox 1599 1251 1823 1288; x_wconf 88' lang='lat' dir='ltr'>constitutum</span> <span class='ocrx_word' id='word_1_508' title='bbox 1840 1249 1934 1288; x_wconf 80' lang='lat' dir='ltr'>fuisse</span> <span class='ocrx_word' id='word_1_509' title='bbox 1951 1251 2121 1290; x_wconf 81' lang='lat' dir='ltr'>scriberet.</span> <span class='ocrx_word' id='word_1_510' title='bbox 2179 1255 2283 1305; x_wconf 88' lang='lat' dir='ltr'>Atqui</span> <span class='ocrx_word' id='word_1_511' title='bbox 2301 1255 2390 1292; x_wconf 87' lang='lat' dir='ltr'>mul-</span> 
     </span>
     <span class='ocr_line' id='line_1_66' title="bbox 1369 1300 2390 1343; baseline 0.004 -4"><span class='ocrx_word' id='word_1_512' title='bbox 1369 1314 1407 1339; x_wconf 90' lang='lat' dir='ltr'>to</span> <span class='ocrx_word' id='word_1_513' title='bbox 1425 1314 1505 1339; x_wconf 85' lang='lat' dir='ltr'>ante</span> <span class='ocrx_word' id='word_1_514' title='bbox 1523 1314 1542 1338; x_wconf 86' lang='lat' dir='ltr'>a</span> <span class='ocrx_word' id='word_1_515' title='bbox 1560 1301 1708 1339; x_wconf 84' lang='lat' dir='ltr'>Claudio</span> <span class='ocrx_word' id='word_1_516' title='bbox 1728 1300 1859 1338; x_wconf 68' lang='lat' dir='ltr'>factum</span> <span class='ocrx_word' id='word_1_517' title='bbox 1880 1313 1993 1339; x_wconf 84' lang='lat' dir='ltr'>narrat</span> <span class='ocrx_word' id='word_1_518' title='bbox 2011 1304 2124 1340; x_wconf 83' lang='lat' dir='ltr'>Tacit.</span> <span class='ocrx_word' id='word_1_519' title='bbox 2161 1305 2343 1342; x_wconf 73' lang='lat' dir='ltr'>Annal.x1</span> <span class='ocrx_word' id='word_1_520' title='bbox 2358 1320 2390 1343; x_wconf 85' lang='lat'>1.</span> 
     </span>
     <span class='ocr_line' id='line_1_67' title="bbox 1369 1352 2391 1403; baseline 0.001 -14"><span class='ocrx_word' id='word_1_521' title='bbox 1369 1352 1421 1391; x_wconf 88' lang='lat' dir='ltr'>his</span> <span class='ocrx_word' id='word_1_522' title='bbox 1439 1353 1577 1393; x_wconf 78' lang='lat' dir='ltr'>verbis:</span> <span class='ocrx_word' id='word_1_523' title='bbox 1606 1359 1697 1389; x_wconf 82' lang='lat' dir='ltr'>Inter</span> <span class='ocrx_word' id='word_1_524' title='bbox 1721 1366 1787 1401; x_wconf 69' lang='lat' dir='ltr'>qua</span> <span class='ocrx_word' id='word_1_525' title='bbox 1805 1352 1949 1398; x_wconf 85' lang='lat' dir='ltr'>refertur</span> <span class='ocrx_word' id='word_1_526' title='bbox 1969 1355 2018 1389; x_wconf 80' lang='lat' dir='ltr'>ad</span> <span class='ocrx_word' id='word_1_527' title='bbox 2037 1359 2158 1390; x_wconf 76' lang='lat' dir='ltr'>Patres</span> <span class='ocrx_word' id='word_1_528' title='bbox 2175 1356 2216 1390; x_wconf 81' lang='lat' dir='ltr'>de</span> <span class='ocrx_word' id='word_1_529' title='bbox 2227 1363 2330 1403; x_wconf 83' lang='lat' dir='ltr'>poena</span> <span class='ocrx_word' id='word_1_530' title='bbox 2336 1356 2391 1401; x_wconf 77' lang='lat' dir='ltr'>fi-</span> 
     </span>
     <span class='ocr_line' id='line_1_68' title="bbox 1367 1401 2395 1455; baseline 0.002 -15"><span class='ocrx_word' id='word_1_531' title='bbox 1367 1404 1546 1441; x_wconf 79' lang='lat' dir='ltr'>minarum</span> <span class='ocrx_word' id='word_1_532' title='bbox 1567 1417 1634 1453; x_wconf 71' lang='lat' dir='ltr'>que</span> <span class='ocrx_word' id='word_1_533' title='bbox 1650 1401 1756 1444; x_wconf 78' lang='lat' dir='ltr'>servis</span> <span class='ocrx_word' id='word_1_534' title='bbox 1774 1412 2050 1452; x_wconf 70' lang='lat' dir='ltr'>conjungerentur</span> <span class='ocrx_word' id='word_1_535' title='bbox 2064 1432 2076 1448; x_wconf 90' lang='lat'>,</span> <span class='ocrx_word' id='word_1_536' title='bbox 2097 1403 2330 1455; x_wconf 71' lang='lat' dir='ltr'>statuiturque</span> <span class='ocrx_word' id='word_1_537' title='bbox 2354 1415 2395 1442; x_wconf 86' lang='lat' dir='ltr'>ut</span> 
     </span>
     <span class='ocr_line' id='line_1_69' title="bbox 1368 1453 2397 1503; baseline 0.003 -13"><span class='ocrx_word' id='word_1_538' title='bbox 1368 1454 1485 1502; x_wconf 67' lang='lat' dir='ltr'>ignaro</span> <span class='ocrx_word' id='word_1_539' title='bbox 1506 1455 1640 1492; x_wconf 77' lang='lat' dir='ltr'>domino</span> <span class='ocrx_word' id='word_1_540' title='bbox 1657 1454 1704 1489; x_wconf 79' lang='lat' dir='ltr'>ad</span> <span class='ocrx_word' id='word_1_541' title='bbox 1724 1453 1761 1489; x_wconf 72' lang='lat' dir='ltr'>ia!</span> <span class='ocrx_word' id='word_1_542' title='bbox 1769 1453 1924 1501; x_wconf 76' lang='lat' dir='ltr'>prolapsa</span> <span class='ocrx_word' id='word_1_543' title='bbox 1951 1455 1989 1490; x_wconf 82' lang='lat' dir='ltr'>in</span> <span class='ocrx_word' id='word_1_544' title='bbox 2010 1454 2217 1503; x_wconf 75' lang='lat' dir='ltr'>servitutem</span> <span class='ocrx_word' id='word_1_545' title='bbox 2240 1456 2295 1502; x_wconf 82' lang='lat' dir='ltr'>fui</span> <span class='ocrx_word' id='word_1_546' title='bbox 2323 1468 2397 1493; x_wconf 79' lang='lat' dir='ltr'>con-</span> 
     </span>
     <span class='ocr_line' id='line_1_70' title="bbox 1359 1504 2398 1554; baseline 0.004 -14"><span class='ocrx_word' id='word_1_547' title='bbox 1359 1504 1505 1554; x_wconf 66' lang='lat' dir='ltr'>fi’nfiffi’t</span> <span class='ocrx_word' id='word_1_548' title='bbox 1523 1534 1538 1550; x_wconf 92' lang='lat'><em>,</em></span> <span class='ocrx_word' id='word_1_549' title='bbox 1568 1504 1621 1548; x_wconf 52' lang='grc' dir='ltr'>Εἴ</span> <span class='ocrx_word' id='word_1_550' title='bbox 1641 1504 1700 1554; x_wconf 78' lang='lat' dir='ltr'>qui</span> <span class='ocrx_word' id='word_1_551' title='bbox 1728 1505 1807 1540; x_wconf 81' lang='lat' dir='ltr'>nati</span> <span class='ocrx_word' id='word_1_552' title='bbox 1835 1504 1934 1552; x_wconf 79' lang='lat' dir='ltr'>essent</span> <span class='ocrx_word' id='word_1_553' title='bbox 1957 1512 2017 1551; x_wconf 84' lang='lat' dir='ltr'>pro</span> <span class='ocrx_word' id='word_1_554' title='bbox 2042 1504 2155 1543; x_wconf 71' lang='lat' dir='ltr'>liberis</span> <span class='ocrx_word' id='word_1_555' title='bbox 2180 1505 2398 1545; x_wconf 77' lang='lat' dir='ltr'>haberentur.</span> 
     </span>
     <span class='ocr_line' id='line_1_71' title="bbox 1368 1555 2398 1606; baseline 0.001 -13"><span class='ocrx_word' id='word_1_556' title='bbox 1368 1556 1458 1605; x_wconf 80' lang='lat' dir='ltr'>Qtae</span> <span class='ocrx_word' id='word_1_557' title='bbox 1475 1557 1589 1593; x_wconf 85' lang='lat' dir='ltr'>Taciti</span> <span class='ocrx_word' id='word_1_558' title='bbox 1608 1555 1716 1596; x_wconf 83' lang='lat' dir='ltr'>verba</span> <span class='ocrx_word' id='word_1_559' title='bbox 1732 1557 1933 1605; x_wconf 76' lang='lat' dir='ltr'>quanquam</span> <span class='ocrx_word' id='word_1_560' title='bbox 1952 1566 2110 1606; x_wconf 82' lang='lat' dir='ltr'>corrupta</span> <span class='ocrx_word' id='word_1_561' title='bbox 2128 1556 2202 1594; x_wconf 86' lang='lat' dir='ltr'>suut</span> <span class='ocrx_word' id='word_1_562' title='bbox 2216 1585 2227 1600; x_wconf 88' lang='lat'>,</span> <span class='ocrx_word' id='word_1_563' title='bbox 2257 1570 2329 1593; x_wconf 89' lang='lat' dir='ltr'>non</span> <span class='ocrx_word' id='word_1_564' title='bbox 2339 1556 2398 1594; x_wconf 89' lang='lat' dir='ltr'>du·</span> 
     </span>
     <span class='ocr_line' id='line_1_72' title="bbox 1372 1604 2399 1650; baseline 0.004 -9"><span class='ocrx_word' id='word_1_565' title='bbox 1372 1605 1427 1643; x_wconf 83' lang='lat' dir='ltr'>bia</span> <span class='ocrx_word' id='word_1_566' title='bbox 1452 1618 1574 1645; x_wconf 85' lang='lat' dir='ltr'>tamen</span> <span class='ocrx_word' id='word_1_567' title='bbox 1593 1620 1718 1644; x_wconf 90' lang='lat' dir='ltr'>eorum</span> <span class='ocrx_word' id='word_1_568' title='bbox 1746 1605 1912 1642; x_wconf 85' lang='lat' dir='ltr'>sententia</span> <span class='ocrx_word' id='word_1_569' title='bbox 1932 1604 1980 1642; x_wconf 87' lang='lat' dir='ltr'>est</span> <span class='ocrx_word' id='word_1_570' title='bbox 1996 1635 2010 1650; x_wconf 90' lang='lat'><em>,</em></span> <span class='ocrx_word' id='word_1_571' title='bbox 2037 1607 2220 1645; x_wconf 86' lang='lat' dir='ltr'>mulierem</span> <span class='ocrx_word' id='word_1_572' title='bbox 2251 1607 2399 1645; x_wconf 86' lang='lat' dir='ltr'>liberam</span> 
     </span>
     <span class='ocr_line' id='line_1_73' title="bbox 1370 1656 2400 1707; baseline 0 -13"><span class='ocrx_word' id='word_1_573' title='bbox 1370 1670 1447 1707; x_wconf 90' lang='lat' dir='ltr'>quae</span> <span class='ocrx_word' id='word_1_574' title='bbox 1467 1657 1582 1695; x_wconf 86' lang='lat' dir='ltr'>alieno</span> <span class='ocrx_word' id='word_1_575' title='bbox 1600 1656 1700 1696; x_wconf 85' lang='lat' dir='ltr'>servo</span> <span class='ocrx_word' id='word_1_576' title='bbox 1719 1657 1899 1706; x_wconf 81' lang='lat' dir='ltr'>ignorante</span> <span class='ocrx_word' id='word_1_577' title='bbox 1915 1656 2066 1695; x_wconf 82' lang='lat' dir='ltr'>domino</span> <span class='ocrx_word' id='word_1_578' title='bbox 2091 1658 2127 1696; x_wconf 84' lang='lat' dir='ltr'>se</span> <span class='ocrx_word' id='word_1_579' title='bbox 2146 1656 2310 1695; x_wconf 78' lang='lat' dir='ltr'>miscuisse</span> <span class='ocrx_word' id='word_1_580' title='bbox 2328 1657 2400 1697; x_wconf 87' lang='lat' dir='ltr'>vel-</span> 
     </span>
     <span class='ocr_line' id='line_1_74' title="bbox 1371 1706 2399 1760; baseline 0 -15"><span class='ocrx_word' id='word_1_581' title='bbox 1371 1709 1418 1745; x_wconf 90' lang='lat' dir='ltr'>uti</span> <span class='ocrx_word' id='word_1_582' title='bbox 1444 1710 1585 1760; x_wconf 88' lang='lat' dir='ltr'>proprio</span> <span class='ocrx_word' id='word_1_583' title='bbox 1608 1707 1775 1745; x_wconf 86' lang='lat' dir='ltr'>consensu</span> <span class='ocrx_word' id='word_1_584' title='bbox 1804 1707 1940 1745; x_wconf 82' lang='lat' dir='ltr'>servam</span> <span class='ocrx_word' id='word_1_585' title='bbox 1967 1706 2066 1751; x_wconf 85' lang='lat' dir='ltr'>fieri,</span> <span class='ocrx_word' id='word_1_586' title='bbox 2109 1712 2148 1746; x_wconf 89' lang='lat'>&amp;</span> <span class='ocrx_word' id='word_1_587' title='bbox 2183 1708 2264 1746; x_wconf 89' lang='lat' dir='ltr'>inde</span> <span class='ocrx_word' id='word_1_588' title='bbox 2297 1720 2399 1746; x_wconf 84' lang='lat' dir='ltr'>natos</span> 
     </span>
     <span class='ocr_line' id='line_1_75' title="bbox 1373 1757 2400 1812; baseline -0.001 -15"><span class='ocrx_word' id='word_1_589' title='bbox 1373 1769 1514 1809; x_wconf 82' lang='lat' dir='ltr'>quoque</span> <span class='ocrx_word' id='word_1_590' title='bbox 1533 1773 1596 1812; x_wconf 83' lang='lat' dir='ltr'>pro</span> <span class='ocrx_word' id='word_1_591' title='bbox 1614 1759 1727 1796; x_wconf 88' lang='lat' dir='ltr'>liberis</span> <span class='ocrx_word' id='word_1_592' title='bbox 1747 1770 1820 1794; x_wconf 91' lang='lat' dir='ltr'>non</span> <span class='ocrx_word' id='word_1_593' title='bbox 1838 1758 1970 1795; x_wconf 84' lang='lat' dir='ltr'>haberi.</span> <span class='ocrx_word' id='word_1_594' title='bbox 1998 1757 2043 1795; x_wconf 86' lang='lat' dir='ltr'>sic</span> <span class='ocrx_word' id='word_1_595' title='bbox 2062 1761 2156 1796; x_wconf 88' lang='lat' dir='ltr'>enim</span> <span class='ocrx_word' id='word_1_596' title='bbox 2180 1763 2214 1798; x_wconf 85' lang='lat' dir='ltr'>S.</span> <span class='ocrx_word' id='word_1_597' title='bbox 2233 1762 2276 1797; x_wconf 88' lang='lat' dir='ltr'>C.</span> <span class='ocrx_word' id='word_1_598' title='bbox 2298 1759 2400 1796; x_wconf 85' lang='lat' dir='ltr'>Clau-</span> 
     </span>
     <span class='ocr_line' id='line_1_76' title="bbox 1372 1809 2399 1860; baseline 0.001 -15"><span class='ocrx_word' id='word_1_599' title='bbox 1372 1809 1516 1847; x_wconf 87' lang='lat' dir='ltr'>dianum</span> <span class='ocrx_word' id='word_1_600' title='bbox 1552 1821 1727 1860; x_wconf 78' lang='lat' dir='ltr'>exponunt</span> <span class='ocrx_word' id='word_1_601' title='bbox 1749 1809 1828 1853; x_wconf 89' lang='lat' dir='ltr'>JCti</span> <span class='ocrx_word' id='word_1_602' title='bbox 1848 1838 1860 1853; x_wconf 96' lang='lat'><em>,</em></span> <span class='ocrx_word' id='word_1_603' title='bbox 1910 1809 2046 1858; x_wconf 84' lang='lat' dir='ltr'>Ulpian.</span> <span class='ocrx_word' id='word_1_604' title='bbox 2091 1809 2234 1848; x_wconf 87' lang='lat' dir='ltr'>Institut.</span> <span class='ocrx_word' id='word_1_605' title='bbox 2266 1812 2313 1846; x_wconf 92' lang='lat' dir='ltr'>tit.</span> <span class='ocrx_word' id='word_1_606' title='bbox 2343 1823 2399 1846; x_wconf 85' lang='lat'>11.</span> 
     </span>
     <span class='ocr_line' id='line_1_77' title="bbox 1374 1859 2400 1911; baseline -0.001 -15"><span class='ocrx_word' id='word_1_607' title='bbox 1374 1861 1479 1898; x_wconf 86' lang='lat' dir='ltr'>Paull.</span> <span class='ocrx_word' id='word_1_608' title='bbox 1510 1865 1693 1911; x_wconf 84' lang='lat' dir='ltr'>Receptar.</span> <span class='ocrx_word' id='word_1_609' title='bbox 1721 1860 1915 1897; x_wconf 85' lang='lat' dir='ltr'>sententiar.</span> <span class='ocrx_word' id='word_1_610' title='bbox 1952 1860 2009 1897; x_wconf 89' lang='lat' dir='ltr'>lib.</span> <span class='ocrx_word' id='word_1_611' title='bbox 2035 1874 2087 1900; x_wconf 92' lang='lat' dir='ltr'>1v.</span> <span class='ocrx_word' id='word_1_612' title='bbox 2121 1862 2171 1897; x_wconf 89' lang='lat' dir='ltr'>tit.</span> <span class='ocrx_word' id='word_1_613' title='bbox 2187 1874 2220 1898; x_wconf 88' lang='lat' dir='ltr'>x.</span> <span class='ocrx_word' id='word_1_614' title='bbox 2254 1859 2322 1909; x_wconf 82' lang='lat' dir='ltr'>ipse</span> <span class='ocrx_word' id='word_1_615' title='bbox 2341 1861 2400 1903; x_wconf 89' lang='lat' dir='ltr'>Ju-</span> 
     </span>
     <span class='ocr_line' id='line_1_78' title="bbox 1374 1909 2400 1949; baseline -0.001 -2"><span class='ocrx_word' id='word_1_616' title='bbox 1374 1912 1506 1948; x_wconf 88' lang='lat' dir='ltr'>stinian.</span> <span class='ocrx_word' id='word_1_617' title='bbox 1529 1912 1587 1949; x_wconf 87' lang='lat' dir='ltr'>lib.</span> <span class='ocrx_word' id='word_1_618' title='bbox 1615 1925 1692 1949; x_wconf 78' lang='grc' dir='ltr'><strong>ιιι.</strong></span> <span class='ocrx_word' id='word_1_619' title='bbox 1739 1910 1884 1947; x_wconf 76' lang='lat' dir='ltr'>Institut.</span> <span class='ocrx_word' id='word_1_620' title='bbox 1921 1910 1970 1948; x_wconf 87' lang='lat' dir='ltr'>tit.</span> <span class='ocrx_word' id='word_1_621' title='bbox 1988 1925 2095 1948; x_wconf 84' lang='lat' dir='ltr'>x111.</span> <span class='ocrx_word' id='word_1_622' title='bbox 2140 1914 2177 1947; x_wconf 74' lang='grc' dir='ltr'>δε</span> <span class='ocrx_word' id='word_1_623' title='bbox 2202 1911 2236 1946; x_wconf 85' lang='lat' dir='ltr'>in</span> <span class='ocrx_word' id='word_1_624' title='bbox 2265 1909 2400 1946; x_wconf 87' lang='lat' dir='ltr'>Codice</span> 
     </span>
     <span class='ocr_line' id='line_1_79' title="bbox 1376 1956 2396 2000; baseline -0.002 -2"><span class='ocrx_word' id='word_1_625' title='bbox 1376 1962 1435 1999; x_wconf 87' lang='lat' dir='ltr'>suo</span> <span class='ocrx_word' id='word_1_626' title='bbox 1457 1966 1513 1999; x_wconf 84' lang='lat' dir='ltr'>De</span> <span class='ocrx_word' id='word_1_627' title='bbox 1534 1966 1566 2000; x_wconf 89' lang='lat' dir='ltr'>S.</span> <span class='ocrx_word' id='word_1_628' title='bbox 1590 1965 1660 1998; x_wconf 89' lang='lat' dir='ltr'>Cto</span> <span class='ocrx_word' id='word_1_629' title='bbox 1674 1961 1868 1998; x_wconf 81' lang='lat' dir='ltr'>Claudiano</span> <span class='ocrx_word' id='word_1_630' title='bbox 1890 1960 2055 1998; x_wconf 85' lang='lat' dir='ltr'>tollendo.</span> <span class='ocrx_word' id='word_1_631' title='bbox 2089 1961 2224 1997; x_wconf 82' lang='lat' dir='ltr'>Crebra</span> <span class='ocrx_word' id='word_1_632' title='bbox 2242 1956 2347 1997; x_wconf 79' lang='lat' dir='ltr'>etiam</span> <span class='ocrx_word' id='word_1_633' title='bbox 2360 1961 2396 1997; x_wconf 91' lang='lat' dir='ltr'>in</span> 
     </span>
     <span class='ocr_line' id='line_1_80' title="bbox 1375 2011 2403 2061; baseline -0.002 -11"><span class='ocrx_word' id='word_1_634' title='bbox 1375 2013 1508 2050; x_wconf 87' lang='lat' dir='ltr'>Codice</span> <span class='ocrx_word' id='word_1_635' title='bbox 1526 2011 1780 2050; x_wconf 76' lang='lat' dir='ltr'>Tlieodosiano</span> <span class='ocrx_word' id='word_1_636' title='bbox 1799 2014 1874 2057; x_wconf 82' lang='lat' dir='ltr'>ejus</span> <span class='ocrx_word' id='word_1_637' title='bbox 1890 2011 2034 2048; x_wconf 77' lang='lat' dir='ltr'>mentio,</span> <span class='ocrx_word' id='word_1_638' title='bbox 2095 2013 2181 2047; x_wconf 86' lang='lat' dir='ltr'>Sunt</span> <span class='ocrx_word' id='word_1_639' title='bbox 2206 2014 2318 2061; x_wconf 81' lang='lat' dir='ltr'>itaque</span> <span class='ocrx_word' id='word_1_640' title='bbox 2345 2013 2403 2060; x_wconf 89' lang='lat' dir='ltr'>qui</span> 
     </span>
     <span class='ocr_line' id='line_1_81' title="bbox 1376 2060 2406 2113; baseline -0.002 -12"><span class='ocrx_word' id='word_1_641' title='bbox 1376 2064 1483 2101; x_wconf 83' lang='lat' dir='ltr'>velint</span> <span class='ocrx_word' id='word_1_642' title='bbox 1511 2061 1765 2113; x_wconf 80' lang='lat' dir='ltr'>Vespasianum</span> <span class='ocrx_word' id='word_1_643' title='bbox 1795 2062 1912 2111; x_wconf 80' lang='lat' dir='ltr'>primo</span> <span class='ocrx_word' id='word_1_644' title='bbox 1947 2060 2007 2097; x_wconf 90' lang='lat' dir='ltr'>suo</span> <span class='ocrx_word' id='word_1_645' title='bbox 2045 2061 2248 2106; x_wconf 86' lang='lat' dir='ltr'>consulatu,</span> <span class='ocrx_word' id='word_1_646' title='bbox 2294 2075 2406 2112; x_wconf 86' lang='lat' dir='ltr'>quem</span> 
     </span>
     <span class='ocr_line' id='line_1_82' title="bbox 1375 2110 2405 2162; baseline -0.002 -12"><span class='ocrx_word' id='word_1_647' title='bbox 1375 2114 1436 2150; x_wconf 86' lang='lat' dir='ltr'>sub</span> <span class='ocrx_word' id='word_1_648' title='bbox 1456 2113 1604 2150; x_wconf 84' lang='lat' dir='ltr'>Claudio</span> <span class='ocrx_word' id='word_1_649' title='bbox 1621 2112 1720 2162; x_wconf 83' lang='lat' dir='ltr'>gessit</span> <span class='ocrx_word' id='word_1_650' title='bbox 1738 2139 1749 2154; x_wconf 91' lang='lat'>,</span> <span class='ocrx_word' id='word_1_651' title='bbox 1779 2113 1960 2147; x_wconf 68' lang='lat' dir='ltr'>auctorem</span> <span class='ocrx_word' id='word_1_652' title='bbox 1984 2110 2100 2155; x_wconf 65' lang='lat' dir='ltr'>tuisse,</span> <span class='ocrx_word' id='word_1_653' title='bbox 2129 2124 2165 2149; x_wconf 89' lang='lat' dir='ltr'>ut</span> <span class='ocrx_word' id='word_1_654' title='bbox 2188 2112 2222 2149; x_wconf 89' lang='lat' dir='ltr'>id</span> <span class='ocrx_word' id='word_1_655' title='bbox 2239 2113 2405 2149; x_wconf 80' lang='lat' dir='ltr'>decerne-</span> 
     </span>
     <span class='ocr_line' id='line_1_83' title="bbox 1374 2161 2406 2212; baseline 0 -12"><span class='ocrx_word' id='word_1_656' title='bbox 1374 2176 1478 2202; x_wconf 85' lang='lat' dir='ltr'>retur.</span> <span class='ocrx_word' id='word_1_657' title='bbox 1513 2164 1617 2212; x_wconf 86' lang='lat' dir='ltr'>Atqui</span> <span class='ocrx_word' id='word_1_658' title='bbox 1631 2162 1743 2199; x_wconf 76' lang='lat' dir='ltr'>Tacit.</span> <span class='ocrx_word' id='word_1_659' title='bbox 1764 2174 1837 2198; x_wconf 88' lang='lat' dir='ltr'>non</span> <span class='ocrx_word' id='word_1_660' title='bbox 1859 2161 1971 2199; x_wconf 85' lang='lat' dir='ltr'>solum</span> <span class='ocrx_word' id='word_1_661' title='bbox 1981 2162 2128 2199; x_wconf 82' lang='lat' dir='ltr'>Claudio</span> <span class='ocrx_word' id='word_1_662' title='bbox 2140 2163 2206 2200; x_wconf 84' lang='lat' dir='ltr'>hoc</span> <span class='ocrx_word' id='word_1_663' title='bbox 2225 2162 2406 2208; x_wconf 85' lang='lat' dir='ltr'>adscribit,</span> 
     </span>
     <span class='ocr_line' id='line_1_84' title="bbox 1377 2212 2405 2264; baseline 0 -14"><span class='ocrx_word' id='word_1_664' title='bbox 1377 2214 1435 2250; x_wconf 89' lang='lat' dir='ltr'>sed</span> <span class='ocrx_word' id='word_1_665' title='bbox 1453 2217 1491 2250; x_wconf 73' lang='grc' dir='ltr'>δε</span> <span class='ocrx_word' id='word_1_666' title='bbox 1510 2214 1701 2249; x_wconf 79' lang='lat' dir='ltr'>Pallantem</span> <span class='ocrx_word' id='word_1_667' title='bbox 1718 2240 1730 2256; x_wconf 90' lang='lat'>‚</span> <span class='ocrx_word' id='word_1_668' title='bbox 1764 2212 1925 2249; x_wconf 82' lang='lat' dir='ltr'>libertum</span> <span class='ocrx_word' id='word_1_669' title='bbox 1941 2241 1953 2256; x_wconf 93' lang='lat'><em>,</em></span> <span class='ocrx_word' id='word_1_670' title='bbox 1989 2223 2158 2263; x_wconf 81' lang='lat' dir='ltr'>tanquam</span> <span class='ocrx_word' id='word_1_671' title='bbox 2185 2225 2405 2264; x_wconf 84' lang='lat' dir='ltr'>repertorem</span> 
     </span>
     <span class='ocr_line' id='line_1_85' title="bbox 1380 2263 2406 2309; baseline 0.002 -9"><span class='ocrx_word' id='word_1_672' title='bbox 1380 2265 1475 2309; x_wconf 78' lang='lat' dir='ltr'>eius,</span> <span class='ocrx_word' id='word_1_673' title='bbox 1507 2263 1682 2300; x_wconf 81' lang='lat' dir='ltr'>laudatum</span> <span class='ocrx_word' id='word_1_674' title='bbox 1699 2291 1711 2306; x_wconf 89' lang='lat'>‚</span> <span class='ocrx_word' id='word_1_675' title='bbox 1750 2275 1790 2299; x_wconf 86' lang='lat' dir='ltr'>ac</span> <span class='ocrx_word' id='word_1_676' title='bbox 1818 2274 2078 2300; x_wconf 87' lang='lat' dir='ltr'>remuneratum</span> <span class='ocrx_word' id='word_1_677' title='bbox 2103 2264 2222 2302; x_wconf 83' lang='lat' dir='ltr'>tradit..</span> <span class='ocrx_word' id='word_1_678' title='bbox 2272 2265 2338 2301; x_wconf 86' lang='lat' dir='ltr'>Sed</span> <span class='ocrx_word' id='word_1_679' title='bbox 2367 2268 2406 2302; x_wconf 71' lang='grc' dir='ltr'>δε</span> 
     </span>
     <span class='ocr_line' id='line_1_86' title="bbox 1381 2311 2408 2366; baseline 0.001 -16"><span class='ocrx_word' id='word_1_680' title='bbox 1381 2317 1520 2351; x_wconf 86' lang='lat' dir='ltr'>Sueton.</span> <span class='ocrx_word' id='word_1_681' title='bbox 1560 2315 1613 2351; x_wconf 85' lang='lat' dir='ltr'>hic</span> <span class='ocrx_word' id='word_1_682' title='bbox 1642 2313 1685 2349; x_wconf 90' lang='lat' dir='ltr'>de</span> <span class='ocrx_word' id='word_1_683' title='bbox 1712 2311 1929 2363; x_wconf 84' lang='lat' dir='ltr'>Vespasiano</span> <span class='ocrx_word' id='word_1_684' title='bbox 1946 2315 1992 2350; x_wconf 89' lang='lat' dir='ltr'>uti</span> <span class='ocrx_word' id='word_1_685' title='bbox 2013 2316 2084 2360; x_wconf 80' lang='lat' dir='ltr'>jam</span> <span class='ocrx_word' id='word_1_686' title='bbox 2111 2316 2269 2366; x_wconf 82' lang='lat' dir='ltr'>Principe</span> <span class='ocrx_word' id='word_1_687' title='bbox 2296 2314 2408 2366; x_wconf 87' lang='lat' dir='ltr'>loqui-</span> 
     </span>
     <span class='ocr_line' id='line_1_87' title="bbox 1382 2362 2405 2416; baseline 0.002 -16"><span class='ocrx_word' id='word_1_688' title='bbox 1382 2375 1445 2402; x_wconf 86' lang='lat' dir='ltr'>tur.</span> <span class='ocrx_word' id='word_1_689' title='bbox 1508 2364 1645 2414; x_wconf 84' lang='lat' dir='ltr'>Alioqui</span> <span class='ocrx_word' id='word_1_690' title='bbox 1660 2364 1739 2399; x_wconf 85' lang='lat' dir='ltr'>sane</span> <span class='ocrx_word' id='word_1_691' title='bbox 1760 2362 1835 2400; x_wconf 85' lang='lat' dir='ltr'>fieri</span> <span class='ocrx_word' id='word_1_692' title='bbox 1854 2364 1962 2413; x_wconf 75' lang='lat' dir='ltr'>potuit</span> <span class='ocrx_word' id='word_1_693' title='bbox 1986 2377 2023 2401; x_wconf 84' lang='lat' dir='ltr'>ut</span> <span class='ocrx_word' id='word_1_694' title='bbox 2052 2364 2199 2403; x_wconf 81' lang='lat' dir='ltr'>Claudio</span> <span class='ocrx_word' id='word_1_695' title='bbox 2221 2379 2298 2402; x_wconf 87' lang='lat' dir='ltr'>rem</span> <span class='ocrx_word' id='word_1_696' title='bbox 2325 2379 2405 2416; x_wconf 90' lang='lat' dir='ltr'>pro-</span> 
     </span>
     <span class='ocr_line' id='line_1_88' title="bbox 1385 2413 2406 2464; baseline 0.002 -13"><span class='ocrx_word' id='word_1_697' title='bbox 1385 2426 1536 2464; x_wconf 86' lang='lat' dir='ltr'>ponente</span> <span class='ocrx_word' id='word_1_698' title='bbox 1558 2413 1786 2463; x_wconf 75' lang='lat' dir='ltr'>Vespasianus</span> <span class='ocrx_word' id='word_1_699' title='bbox 1804 2443 1815 2457; x_wconf 94' lang='lat'><em>,</em></span> <span class='ocrx_word' id='word_1_700' title='bbox 1845 2426 1926 2451; x_wconf 89' lang='lat' dir='ltr'>tunc</span> <span class='ocrx_word' id='word_1_701' title='bbox 1951 2414 2098 2458; x_wconf 87' lang='lat' dir='ltr'>consul,</span> <span class='ocrx_word' id='word_1_702' title='bbox 2134 2416 2259 2453; x_wconf 84' lang='lat' dir='ltr'>senatui</span> <span class='ocrx_word' id='word_1_703' title='bbox 2284 2418 2406 2453; x_wconf 69' lang='lat' dir='ltr'>auster</span> 
     </span>
     <span class='ocr_line' id='line_1_89' title="bbox 1382 2465 2410 2517; baseline 0.002 -15"><span class='ocrx_word' id='word_1_704' title='bbox 1382 2465 1481 2502; x_wconf 83' lang='lat' dir='ltr'>fuerit</span> <span class='ocrx_word' id='word_1_705' title='bbox 1499 2479 1539 2502; x_wconf 83' lang='lat' dir='ltr'>ex</span> <span class='ocrx_word' id='word_1_706' title='bbox 1554 2465 1718 2502; x_wconf 83' lang='lat' dir='ltr'>sententia</span> <span class='ocrx_word' id='word_1_707' title='bbox 1741 2466 1904 2515; x_wconf 87' lang='lat' dir='ltr'>Principis</span> <span class='ocrx_word' id='word_1_708' title='bbox 1921 2466 2098 2504; x_wconf 80' lang='lat' dir='ltr'>statuendi.</span> <span class='ocrx_word' id='word_1_709' title='bbox 2155 2468 2219 2504; x_wconf 80' lang='lat' dir='ltr'>Alii</span> <span class='ocrx_word' id='word_1_710' title='bbox 2243 2466 2410 2517; x_wconf 87' lang='lat' dir='ltr'>pudendo-</span> 
     </span>
     <span class='ocr_line' id='line_1_90' title="bbox 1384 2515 2406 2567; baseline 0.002 -15"><span class='ocrx_word' id='word_1_711' title='bbox 1384 2517 1485 2552; x_wconf 86' lang='lat' dir='ltr'>nimis</span> <span class='ocrx_word' id='word_1_712' title='bbox 1512 2529 1626 2552; x_wconf 84' lang='lat' dir='ltr'>errore</span> <span class='ocrx_word' id='word_1_713' title='bbox 1655 2528 1727 2551; x_wconf 90' lang='lat' dir='ltr'>non</span> <span class='ocrx_word' id='word_1_714' title='bbox 1758 2515 1951 2553; x_wconf 33' lang='lat' dir='ltr'>Claudium.</span> <span class='ocrx_word' id='word_1_715' title='bbox 1963 2517 2076 2567; x_wconf 87' lang='lat' dir='ltr'>ipsum</span> <span class='ocrx_word' id='word_1_716' title='bbox 2096 2519 2207 2555; x_wconf 35' lang='lat' dir='ltr'>S..Cti</span> <span class='ocrx_word' id='word_1_717' title='bbox 2225 2519 2406 2554; x_wconf 71' lang='lat' dir='ltr'>austorem</span> 
     </span>
     <span class='ocr_line' id='line_1_91' title="bbox 1383 2565 2406 2617; baseline -0.001 -14"><span class='ocrx_word' id='word_1_718' title='bbox 1383 2566 1513 2603; x_wconf 84' lang='lat' dir='ltr'>faciunt</span> <span class='ocrx_word' id='word_1_719' title='bbox 1535 2596 1551 2610; x_wconf 83' lang='lat'><strong><em>,</em></strong></span> <span class='ocrx_word' id='word_1_720' title='bbox 1579 2565 1636 2603; x_wconf 81' lang='lat' dir='ltr'>sed</span> <span class='ocrx_word' id='word_1_721' title='bbox 1656 2566 1848 2602; x_wconf 82' lang='lat' dir='ltr'>Pallantem</span> <span class='ocrx_word' id='word_1_722' title='bbox 1872 2595 1884 2609; x_wconf 93' lang='lat'>‚</span> <span class='ocrx_word' id='word_1_723' title='bbox 1921 2569 2004 2617; x_wconf 89' lang='lat' dir='ltr'>qui,</span> <span class='ocrx_word' id='word_1_724' title='bbox 2034 2581 2113 2605; x_wconf 87' lang='lat' dir='ltr'>cum</span> <span class='ocrx_word' id='word_1_725' title='bbox 2141 2567 2280 2605; x_wconf 82' lang='lat' dir='ltr'>libertus</span> <span class='ocrx_word' id='word_1_726' title='bbox 2304 2566 2406 2603; x_wconf 84' lang='lat' dir='ltr'>Clau-</span> 
     </span>
     <span class='ocr_line' id='line_1_92' title="bbox 1385 2615 2408 2668; baseline -0.001 -15"><span class='ocrx_word' id='word_1_727' title='bbox 1385 2617 1430 2653; x_wconf 90' lang='lat' dir='ltr'>dii</span> <span class='ocrx_word' id='word_1_728' title='bbox 1458 2615 1565 2665; x_wconf 77' lang='lat' dir='ltr'>estet,</span> <span class='ocrx_word' id='word_1_729' title='bbox 1610 2619 1777 2654; x_wconf 76' lang='lat' dir='ltr'>Romana</span> <span class='ocrx_word' id='word_1_730' title='bbox 1821 2617 2068 2655; x_wconf 80' lang='lat' dir='ltr'>consuetudine</span> <span class='ocrx_word' id='word_1_731' title='bbox 2105 2619 2240 2668; x_wconf 82' lang='lat' dir='ltr'>patroni</span> <span class='ocrx_word' id='word_1_732' title='bbox 2272 2629 2408 2653; x_wconf 80' lang='lat' dir='ltr'>nomen</span> 
     </span>
     <span class='ocr_line' id='line_1_93' title="bbox 1386 2665 2408 2712; baseline 0 -8"><span class='ocrx_word' id='word_1_733' title='bbox 1386 2669 1522 2710; x_wconf 85' lang='lat' dir='ltr'>tulerit,</span> <span class='ocrx_word' id='word_1_734' title='bbox 1555 2666 1719 2704; x_wconf 79' lang='lat' dir='ltr'>Claudius</span> <span class='ocrx_word' id='word_1_735' title='bbox 1747 2665 1856 2705; x_wconf 76' lang='lat' dir='ltr'>Pallas</span> <span class='ocrx_word' id='word_1_736' title='bbox 1873 2697 1884 2712; x_wconf 86' lang='lat'><em>‚</em></span> <span class='ocrx_word' id='word_1_737' title='bbox 1927 2681 1964 2705; x_wconf 85' lang='lat' dir='ltr'>ut</span> <span class='ocrx_word' id='word_1_738' title='bbox 1989 2668 2120 2705; x_wconf 89' lang='lat' dir='ltr'>Tullius</span> <span class='ocrx_word' id='word_1_739' title='bbox 2147 2669 2232 2705; x_wconf 84' lang='lat' dir='ltr'>Tiro</span> <span class='ocrx_word' id='word_1_740' title='bbox 2251 2695 2263 2710; x_wconf 79' lang='lat'><em>,</em></span> <span class='ocrx_word' id='word_1_741' title='bbox 2301 2666 2408 2710; x_wconf 80' lang='lat' dir='ltr'>Julius</span> 
     </span>
     <span class='ocr_line' id='line_1_94' title="bbox 1386 2717 2405 2768; baseline -0.003 -13"><span class='ocrx_word' id='word_1_742' title='bbox 1386 2718 1548 2756; x_wconf 86' lang='lat' dir='ltr'>Mnester.</span> <span class='ocrx_word' id='word_1_743' title='bbox 1606 2722 1683 2767; x_wconf 78' lang='lat' dir='ltr'>Ego</span> <span class='ocrx_word' id='word_1_744' title='bbox 1720 2719 1832 2768; x_wconf 86' lang='lat' dir='ltr'>potius</span> <span class='ocrx_word' id='word_1_745' title='bbox 1859 2719 2122 2757; x_wconf 81' lang='lat' dir='ltr'>existimaverim</span> <span class='ocrx_word' id='word_1_746' title='bbox 2157 2722 2194 2754; x_wconf 88' lang='lat' dir='ltr'>S..</span> <span class='ocrx_word' id='word_1_747' title='bbox 2219 2720 2261 2753; x_wconf 91' lang='lat' dir='ltr'>C.</span> <span class='ocrx_word' id='word_1_748' title='bbox 2302 2717 2405 2761; x_wconf 85' lang='lat' dir='ltr'>illud,</span> 
     </span>
     <span class='ocr_line' id='line_1_95' title="bbox 1387 2765 2406 2819; baseline -0.003 -13"><span class='ocrx_word' id='word_1_749' title='bbox 1387 2770 1461 2818; x_wconf 87' lang='lat' dir='ltr'>post</span> <span class='ocrx_word' id='word_1_750' title='bbox 1502 2768 1638 2805; x_wconf 78' lang='lat' dir='ltr'>Claudii</span> <span class='ocrx_word' id='word_1_751' title='bbox 1664 2768 1803 2806; x_wconf 81' lang='lat' dir='ltr'>obitum</span> <span class='ocrx_word' id='word_1_752' title='bbox 1824 2769 1958 2807; x_wconf 84' lang='lat' dir='ltr'>licentia</span> <span class='ocrx_word' id='word_1_753' title='bbox 1993 2780 2195 2819; x_wconf 86' lang='lat' dir='ltr'>temporum</span> <span class='ocrx_word' id='word_1_754' title='bbox 2232 2765 2406 2804; x_wconf 83' lang='lat' dir='ltr'>observari</span> 
     </span>
     <span class='ocr_line' id='line_1_96' title="bbox 1386 2817 2407 2870; baseline -0.002 -14"><span class='ocrx_word' id='word_1_755' title='bbox 1386 2818 1534 2856; x_wconf 78' lang='lat' dir='ltr'>desnum</span> <span class='ocrx_word' id='word_1_756' title='bbox 1552 2848 1567 2863; x_wconf 73' lang='lat'><em>,</em></span> <span class='ocrx_word' id='word_1_757' title='bbox 1593 2831 1616 2855; x_wconf 79' lang='lat' dir='ltr'>a</span> <span class='ocrx_word' id='word_1_758' title='bbox 1644 2817 1857 2870; x_wconf 82' lang='lat' dir='ltr'>Vespasiano</span> <span class='ocrx_word' id='word_1_759' title='bbox 1882 2820 2102 2856; x_wconf 77' lang='lat' dir='ltr'>insta-uratum</span> <span class='ocrx_word' id='word_1_760' title='bbox 2131 2817 2235 2856; x_wconf 78' lang='lat' dir='ltr'>fuisse.</span> <span class='ocrx_word' id='word_1_761' title='bbox 2294 2819 2407 2854; x_wconf 77' lang='lat' dir='ltr'>Taciti</span> 
     </span>
     <span class='ocr_line' id='line_1_97' title="bbox 1385 2868 2406 2919; baseline -0.002 -12"><span class='ocrx_word' id='word_1_762' title='bbox 1385 2884 1470 2908; x_wconf 88' lang='lat' dir='ltr'>vero</span> <span class='ocrx_word' id='word_1_763' title='bbox 1497 2870 1591 2906; x_wconf 86' lang='lat' dir='ltr'>locus</span> <span class='ocrx_word' id='word_1_764' title='bbox 1615 2870 1671 2906; x_wconf 89' lang='lat' dir='ltr'>ille</span> <span class='ocrx_word' id='word_1_765' title='bbox 1699 2884 1771 2906; x_wconf 89' lang='lat' dir='ltr'>non</span> <span class='ocrx_word' id='word_1_766' title='bbox 1800 2882 1935 2919; x_wconf 83' lang='lat' dir='ltr'>magno</span> <span class='ocrx_word' id='word_1_767' title='bbox 1959 2870 2102 2918; x_wconf 76' lang='lat' dir='ltr'>negotio</span> <span class='ocrx_word' id='word_1_768' title='bbox 2130 2869 2342 2911; x_wconf 83' lang='lat' dir='ltr'>restituetur,</span> <span class='ocrx_word' id='word_1_769' title='bbox 2380 2868 2406 2905; x_wconf 83' lang='lat' dir='ltr'>si</span> 
     </span>
     <span class='ocr_line' id='line_1_98' title="bbox 1384 2918 2410 2970; baseline -0.002 -13"><span class='ocrx_word' id='word_1_770' title='bbox 1384 2922 1542 2970; x_wconf 69' lang='lat' dir='ltr'>legamus</span> <span class='ocrx_word' id='word_1_771' title='bbox 1564 2949 1576 2963; x_wconf 87' lang='lat'><em>,</em></span> <span class='ocrx_word' id='word_1_772' title='bbox 1603 2931 1640 2955; x_wconf 70' lang='lat' dir='ltr'>ut</span> <span class='ocrx_word' id='word_1_773' title='bbox 1659 2921 1773 2968; x_wconf 56' lang='lat' dir='ltr'>ignaro</span> <span class='ocrx_word' id='word_1_774' title='bbox 1792 2921 1925 2956; x_wconf 73' lang='lat' dir='ltr'>domino</span> <span class='ocrx_word' id='word_1_775' title='bbox 1945 2919 2047 2956; x_wconf 81' lang='lat' dir='ltr'>adid</span> <span class='ocrx_word' id='word_1_776' title='bbox 2060 2919 2211 2969; x_wconf 69' lang='lat' dir='ltr'>prolapsa</span> <span class='ocrx_word' id='word_1_777' title='bbox 2237 2921 2273 2954; x_wconf 84' lang='lat' dir='ltr'>in</span> <span class='ocrx_word' id='word_1_778' title='bbox 2294 2918 2410 2965; x_wconf 81' lang='lat' dir='ltr'>servi-</span> 
     </span>
     <span class='ocr_line' id='line_1_99' title="bbox 1384 2967 2411 3019; baseline -0.002 -12"><span class='ocrx_word' id='word_1_779' title='bbox 1384 2982 1491 3007; x_wconf 79' lang='lat' dir='ltr'>tutem</span> <span class='ocrx_word' id='word_1_780' title='bbox 1512 3001 1526 3014; x_wconf 86' lang='lat'><em>,</em></span> <span class='ocrx_word' id='word_1_781' title='bbox 1542 2971 1602 3018; x_wconf 71' lang='lat' dir='ltr'>seu</span> <span class='ocrx_word' id='word_1_782' title='bbox 1628 2967 1842 3017; x_wconf 63' lang='lat' dir='ltr'>consenfiffi’t,</span> <span class='ocrx_word' id='word_1_783' title='bbox 1871 2967 1925 3011; x_wconf 56' lang='grc' dir='ltr'>ΕΤ</span> <span class='ocrx_word' id='word_1_784' title='bbox 1945 2970 2004 3019; x_wconf 76' lang='lat' dir='ltr'>qui</span> <span class='ocrx_word' id='word_1_785' title='bbox 2021 2969 2100 3005; x_wconf 63' lang='lat' dir='ltr'>nati</span> <span class='ocrx_word' id='word_1_786' title='bbox 2127 2972 2224 3018; x_wconf 65' lang='lat' dir='ltr'>efflent</span> <span class='ocrx_word' id='word_1_787' title='bbox 2247 2978 2305 3016; x_wconf 71' lang='lat' dir='ltr'>pro</span> <span class='ocrx_word' id='word_1_788' title='bbox 2329 2969 2411 3005; x_wconf 82' lang='lat' dir='ltr'>libe-</span> 
     </span>
     <span class='ocr_line' id='line_1_100' title="bbox 1384 3018 2408 3069; baseline -0.002 -13"><span class='ocrx_word' id='word_1_789' title='bbox 1384 3022 1430 3056; x_wconf 81' lang='lat' dir='ltr'>ris</span> <span class='ocrx_word' id='word_1_790' title='bbox 1450 3034 1489 3056; x_wconf 79' lang='lat' dir='ltr'>ne</span> <span class='ocrx_word' id='word_1_791' title='bbox 1506 3020 1709 3056; x_wconf 72' lang='lat' dir='ltr'>haberentur</span> <span class='ocrx_word' id='word_1_792' title='bbox 1730 3047 1741 3061; x_wconf 92' lang='lat'>‚</span> <span class='ocrx_word' id='word_1_793' title='bbox 1787 3019 1841 3055; x_wconf 82' lang='lat' dir='ltr'>vel</span> <span class='ocrx_word' id='word_1_794' title='bbox 1881 3020 1998 3069; x_wconf 72' lang='lat' dir='ltr'>(quod</span> <span class='ocrx_word' id='word_1_795' title='bbox 2023 3020 2065 3055; x_wconf 81' lang='lat' dir='ltr'>ad</span> <span class='ocrx_word' id='word_1_796' title='bbox 2094 3020 2243 3059; x_wconf 65' lang='lat' dir='ltr'>vetustos</span> <span class='ocrx_word' id='word_1_797' title='bbox 2272 3018 2408 3055; x_wconf 77' lang='lat' dir='ltr'>codices</span> 
     </span>
     <span class='ocr_line' id='line_1_101' title="bbox 1384 3068 2407 3122; baseline -0.003 -15"><span class='ocrx_word' id='word_1_798' title='bbox 1384 3072 1523 3122; x_wconf 69' lang='lat' dir='ltr'>propius</span> <span class='ocrx_word' id='word_1_799' title='bbox 1552 3068 1705 3115; x_wconf 74' lang='lat' dir='ltr'>accedit)</span> <span class='ocrx_word' id='word_1_800' title='bbox 1745 3069 2001 3118; x_wconf 45' lang='lat' dir='ltr'>infirm-‘mrem</span> <span class='ocrx_word' id='word_1_801' title='bbox 2021 3084 2085 3119; x_wconf 58' lang='lat' dir='ltr'>‚gne</span> <span class='ocrx_word' id='word_1_802' title='bbox 2111 3071 2317 3120; x_wconf 30' lang='lat' dir='ltr'>conseqq-fus.</span> <span class='ocrx_word' id='word_1_803' title='bbox 2359 3069 2407 3104; x_wconf 74' lang='lat' dir='ltr'>tic</span> 
     </span>
     <span class='ocr_line' id='line_1_102' title="bbox 2305 3132 2403 3157; baseline 0.01 -1"><span class='ocrx_word' id='word_1_804' title='bbox 2305 3132 2403 3157; x_wconf 77' lang='lat' dir='ltr'>enim</span> 
     </span>
    </p>
   </div>
  </div>
 </body>
</html>
