2504 3425
407 114 2036 170 DEILLUST.GRAMMAT.LIBER.
2192 138 2298 192 723

186 209 380 256 contulit.
448 212 625 271 Legerat·
655 210 698 253 in
734 208 949 271 provincia
970 206 1171 272 quosdam
1200 220 1355 253 veteres
1388 204 1552 251 libellos
1581 205 1687 269 apud
1717 205 2039 269 grammatistam
2060 241 2073 262 ,
2121 208 2292 259 durante

187 271 321 319 adhuc
350 272 411 317 ibi
432 275 706 335 antiquorum
733 273 934 318 memoria
956 307 970 328 ,
1005 288 1083 317 nec
1102 271 1203 317 dum
1225 272 1406 317 omnino
1436 269 1586 317 abolita
1608 306 1621 327 ,
1666 269 1768 317 sicut
1794 272 1960 317 Romae.
2025 273 2122 317 Hos
2154 290 2289 336 quum

182 337 430 399 *diligentius
454 353 635 398 repetere
659 353 784 401 atque
814 337 914 383 alios
935 336 1129 398 deinceps
1150 335 1404 398 cognoscere
1424 349 1614 397 cuperet,
1649 337 1838 398 quamvis
1857 335 1896 381 se
1919 337 2160 392 contemni,
2195 357 2287 386 ma..

185 399 335 466 gisque
355 402 585 464 opprobrio
607 401 870 465 legentibus,
908 417 1033 463 quam
1051 401 1192 464 gloriae
1214 405 1259 446 ὃ(
1280 398 1433 447 ῗτυθειιί
1452 399 1527 444 esse
1547 400 1915 456 animadverteret,
1948 399 2223 448 nihilominus
2237 406 2283 451 in

187 464 402 529 proposito
425 464 593 512 mansit:
630 468 841 529 multaque
864 467 1110 528 exemplaria
1130 465 1342 526 contraQa‘
1360 464 1578 510 emendare
1593 500 1606 521 ‚
1641 481 1687 510 ac
1708 464 1958 527 distinguere
1975 501 1989 522 ‚
2024 469 2067 510 δε
2086 465 2282 514 adnotare

189 531 347 577 curavit
367 565 381 585 ,
425 528 499 576 soli
522 529 619 576 huic
643 548 721 578 nec
743 530 819 576 ulli
839 543 1028 593 praeterea
1050 531 1338 593 grammatices
1363 531 1465 591 parti
1496 528 1670 574 deditus.
1739 532 1825 576 Hic
1844 546 1930 574 non
1954 544 2036 576 tam
2056 528 2281 593 discipulos

180 611 309 659 quam
332 592 549 641 scffatores
568 595 728 659 aliquot
750 593 906 641 habuit.
973 596 1209 655 Nunquam
1231 595 1347 638 enim
1372 596 1427 639 ita
1451 593 1617 649 docuit,
1652 607 1696 638 ut
1719 591 1902 656 magistri
1926 593 2144 656 personam
2155 594 2278 642 susti-

180 673 310 706 neret.
376 659 529 706 Unum
567 660 634 706 vel
672 660 845 706 alterum
869 693 882 714 ‚
925 659 1025 715 vel,
1060 673 1193 720 quum
1216 656 1449 717 plurim05‚
1496 671 1575 702 tres
1597 671 1664 702 aut
1684 674 1862 720 quatuor
1882 693 1896 714 ,
1942 657 2277 720 postmeridianis

173 722 287 771 horis
315 723 530 771 admittere
563 720 744 780 solebat,
778 721 1016 786 cubansque
1049 723 1158 767 inter
1181 720 1334 782 longos
1359 736 1403 765 ac
1428 720 1614 783 vulgares
1631 720 1863 778 sermoneS,
1895 723 2034 785 legere
2056 722 2274 787 quaedam,

170 789 300 853 idque
333 806 511 852 perraro.
573 789 718 834 Nimis
747 804 874 849 pauca
920 790 963 831 δι
1009 786 1158 848 exigua
1201 782 1253 827 de
1300 782 1547 845 quibusdam
1580 786 1753 830 minutis
1784 785 2094 848 quaestiunculis
2125 788 2269 836 edidit.

173 854 371 918 Reliquit
394 869 535 902 autem
558 868 646 898 non
668 852 926 898 mediocrem
951 849 1102 912 sylvam
1123 845 1463 896 observationum
1481 845 1683 895 sermonis
1701 851 1876 911 antiqui.

2098 920 2269 981 Rhetm

174 1033 211 1069 in
235 1033 291 1070 die
315 1031 442 1071 laviffie.
495 1033 611 1070 Etiam
645 1030 737 1068 inter
777 1029 990 1068 Christianos
1025 1030 1194 1068 sisennius
1239 1030 1272 1068 se
1291 1029 1423 1069 dederit
1443 1030 1496 1068 bic
1517 1029 1654 1073 homo,
1683 1029 1788 1067 Aulus
1805 1027 1933 1068 Gellius
1951 1030 2131 1083 epistolam
2149 1035 2194 1072 ab
2218 1050 2262 1074 eo

173 1084 314 1133 quidam
338 1083 520 1134 Episcopus
546 1083 598 1121 bis
624 1082 660 1118 in
676 1080 758 1124 die,
793 1094 867 1119 non
900 1079 972 1118 fine
1005 1081 1191 1132 suspicione
1240 1081 1398 1134 scriptam
1413 1082 1456 1119 ad
1475 1081 1678 1118 Marcellum
1700 1082 1779 1118 citat
1804 1094 1814 1117 ε
1849 1084 1886 1117 &
1905 1086 2202 1122 commentarium
2220 1087 2266 1124 de

171 1135 444 1183 intemperantiae
461 1138 499 1172 ὅ(
517 1134 755 1185 voluptatum:
783 1131 841 1169 sed
865 1131 919 1169 ille
948 1132 1091 1170 disterio
1121 1133 1189 1170 cul·
1239 1134 1374 1171 occulta
1393 1133 1582 1171 litterarum
1599 1130 1848 1181 significatione
1868 1131 2088 1181 epistolarum
2099 1138 2265 1182 CajiCae-

173 1197 292 1235 pan-tes
307 1183 407 1223 illusit
424 1214 437 1230 ,
466 1187 563 1234 Qia
581 1196 631 1222 ter
646 1183 768 1220 lavare
784 1195 851 1219 ‘aon
867 1182 972 1231 poffi’t.
1032 1182 1190 1234 Lipsium
1236 1182 1326 1221 saris.
1356 1188 1398 1220 In
1418 1183 1602 1232 Virgilium
1619 1183 1744 1233 aliquid
1758 1180 1940 1232 scripssffe,
1971 1185 2170 1224 Macrobius
2190 1190 2267 1224 Ser-

170 1236 262 1276 vxde.
1236 1234 1375 1286 viusque
1397 1235 1539 1271 innuere
1555 1233 1723 1271 videntur.
1782 1232 1889 1269 Probi
1914 1238 2144 1282 grammatica
2169 1251 2263 1287 quae-

224 1289 461 1337 Qadragena
475 1285 636 1336 annum]
676 1284 772 1324 Mille
789 1297 976 1326 coronatos
993 1314 1005 1330 ,
1043 1284 1101 1324 seu
1129 1284 1189 1324 du·
1238 1285 1322 1323 dam
1333 1296 1560 1333 (imeinorant
1585 1285 1740 1320 Terentii
1767 1295 1865 1321 vetus
1890 1283 2076 1334 interpres,
2112 1288 2265 1325 Diome-

170 1349 347 1384 catones..
1238 1335 1319 1381 des,
1340 1334 1491 1373 Carisius
1507 1364 1518 1378 ,
1532 1334 1728 1372 Priscianus.
1757 1333 1895 1370 Exstant
1907 1363 1918 1377 ‚
1934 1349 2012 1384 quae
2027 1337 2172 1374 Valerio
2183 1341 2268 1376 Pro-

401 1406 432 1444 A
459 1419 482 1444 C
509 1418 534 1444 H
563 1420 579 1445 Ι
606 1419 627 1444 L
652 1419 673 1445 L
745 1410 767 1444 3
797 1420 821 1444 T
851 1420 873 1444 Α
904 1419 929 1444 ,r
1239 1386 1286 1425 bo
1306 1385 1551 1429 inscribuntur,
1575 1385 1804 1436 grammatica
1825 1384 1986 1434 quaedam
2008 1401 2019 1424 :
2046 1390 2104 1424 De
2122 1387 2264 1439 scriptu-j

678 1437 687 1445 ”
933 1436 940 1445 “
1241 1439 1285 1474 ris
1303 1438 1448 1488 antiquis
1465 1436 1689 1487 opusculum:
1714 1436 1981 1472 commentaria
2000 1438 2035 1472 in
2050 1438 2259 1488 Virgilium,

224 1476 400 1533 Qamvis
415 1476 454 1525 se
471 1476 675 1524 contemni]
703 1479 747 1514 In
770 1488 838 1515 vet.
855 1478 958 1528 impr.
982 1488 1093 1514 omnes
1120 1487 1192 1513 con·
1241 1487 1397 1526 Persium
1417 1517 1429 1531 ‚
1461 1490 1499 1524 ὃς
1513 1487 1732 1531 Juvenalem,
1769 1485 1830 1522 sed
1847 1485 1890 1522 de
1907 1499 2058 1536 quorum
2073 1501 2141 1529 ego
2166 1489 2269 1528 tituli&

169 1533 299 1568 temnz,
319 1526 420 1582 ut-ad
438 1538 572 1566 veteres
590 1527 725 1565 libellos
747 1526 922 1566 referatur.
1242 1539 1384 1584 dubito,
1403 1542 1440 1577 ὅ(
1452 1538 1552 1589 probi
1573 1536 1598 1574 fi
1616 1536 1704 1582 sint,
1734 1548 1779 1573 an
1794 1536 1901 1574 Probi
1922 1539 2058 1587 Berytii.
2094 1529 2117 1538 ⁸⁴

227 1574 419 1625 Opprob10.]
460 1581 503 1616 In
528 1591 598 1617 vet.
630 1579 732 1630 impr,
760 1578 908 1627 obprobio
926 1608 937 1623 ,
965 1579 1073 1619 veteri
1090 1589 1192 1617 more
1548 1611 1580 1645 C

171 1624 344 1675 scriptum.
1609 1621 1631 1645 Α
1658 1620 1675 1644 ⁵
1708 1619 1728 1643 Α
1752 1618 1774 1643 u
1802 1617 1821 1642 B
1848 1619 1872 1642 Ο
1901 1619 1939 1643 N'

226 1680 307 1711 Aut
330 1688 476 1725 quatuor
505 1678 745 1726 pomeridianis
770 1678 897 1728 horis.]
940 1681 1064 1717 Veteri
1088 1692 1192 1718 more
1297 1680 1413 1716 Nimis
1425 1676 1603 1727 pauca&
1631 1675 1746 1725 exig]
1776 1672 1918 1711 Mediol.
1947 1674 1985 1712 id
1996 1681 2135 1722 perraro
2151 1677 2265 1717 nimia.

170 1726 279 1763 etiam
296 1726 457 1777 scriptum
483 1728 518 1764 in
539 1727 686 1772 eodem,
711 1735 749 1767 δε
771 1741 918 1780 utroque
942 1729 1195 1782 manuscripto,
1244 1735 1362 1767 Pauca
1377 1728 1430 1773 Εἴ
1448 1730 1533 1778 exig.

171 1782 252 1816 Aut
271 1787 420 1825 quatuor
432 1777 701 1825 postmeridianis
723 1780 823 1818 hrris.

229 1827 521 1876 quueperraro.]
548 1829 841 1879 Distinguendum
860 1830 927 1868 hoc
947 1831 1031 1870 loco
1043 1861 1054 1876 ,
1073 1844 1109 1870 ut
1117 1831 1197 1870 dein

171 1872 378 1928 sequantur,
403 1877 519 1916 Nimis
525 1887 639 1928 pauca
656 1880 708 1923 [ἴ
728 1883 872 1930 exigua,
901 1885 970 1920 &c.

1587 1802 1898 1838 VARIOR.

1303 1883 1359 1916 24.
1373 1872 1548 1920 Qamvis
1559 1869 1596 1917 [ὲ
1612 1863 1816 1912 contemni.]
1833 1861 1948 1899 Deleo
1958 1863 2048 1918 ⁷3st':
2063 1864 2152 1912 ipsos
2169 1866 2264 1905 enim

1245 1933 1380 1962 veteres
1393 1921 1587 1963 contemni,
1606 1916 1782 1966 magisque
1792 1913 1983 1965 opprobrio
1993 1914 2058 1951 esse
2074 1915 2265 1965 legentibus

542 1953 580 1991 V
608 1965 622 1990 1
650 1965 675 1990 u
706 1965 728 1990 E
759 1966 797 1991 T.
1246 1985 1355 2024 quam
1383 1973 1502 2024 gloriae
1529 1975 1567 2012 ὃς
1593 1961 1717 2009 ἧ-ιιξῖιιί
1746 1963 2055 2007 animadvertebat.
2110 1968 2263 2007 Gitone<

228 2022 381 2073 Reliquit
403 2022 560 2073 autem]
607 2025 812 2075 Cuicumque
840 2025 925 2077 parti
948 2024 1196 2076 grammatices
1247 2036 1340 2063 vius.

1673 2566 1788 2611 Yyyy
2124 2561 2261 2606 Aoum
