2504 3425
193 192 260 247 14
470 152 1994 222 C.SUET.TRANQU1LL1L113.I.

175 266 386 331 fithjectam
408 262 483 325 fibi
506 259 655 320 vidiffi’t
674 293 686 314 2
732 272 806 301 non
841 255 926 297 alia
948 253 1027 311 effet
1053 266 1171 312 quam
1197 261 1300 293 term
1323 281 1337 301 ‚
1380 261 1455 308 quae
1479 250 1653 291 omnium
1681 261 1826 312 parens
1856 245 2061 292 haberetur.
2126 247 2273 292 Dece·-
2292 251 2318 299 8

187 332 288 376 dens
310 345 410 391 crgo
431 340 524 371 ante
548 338 710 384 tempus
733 356 746 376 ‚
791 318 974 362 colonias
998 315 1162 358 Latinas
1187 312 1237 356 de
1258 310 1435 373 petenda
1458 311 1621 356 civitate
1646 312 1846 373 agitantes
1868 311 1969 356 adiit
1989 330 2000 356 :
2049 315 2093 357 &
2126 311 2176 357 ad
2200 328 2276 357 au-

188 393 373 440 dendum
396 388 553 452 aliquid
579 382 836 436 concitasset,
872 379 947 424 nisi
974 378 1136 422 COSS.
1163 377 1408 437 conicriptas
1432 374 1476 419 in
1501 376 1697 419 Ciliciam
1724 375 1913 438 legiones
1934 374 2136 437 paulisper
2148 374 2205 420 ob
2232 374 2275 420 id

192 457 331 521 ipsum
366 451 652 502 retinuiffent:
701 463 776 493 nec
810 461 861 488 eo
888 442 1017 488 secius
1057 446 1210 499 majora
1243 455 1342 483 mox
1375 439 1421 482 in
1453 438 1556 484 urbe
1589 440 1760 484 molitus
1792 437 1865 484 est.
1932 440 2148 501 Siquidem
2181 453 2274 485 ante
2295 449 2326 492 9

189 538 344 585 paucos
365 521 475 574 dies,
509 532 632 579 quam
658 513 888 556 aedilitatcm
923 507 1071 561 iniret,
1106 504 1292 550 venitin
1328 499 1602 564 suspicionem
1638 501 1880 565 conspirasse
1913 519 2011 548 cum
2042 504 2107 548 M.
2136 502 2276 549 Craflb

193 584 422 637 consulari,
458 584 557 626 item
582 583 625 622 P.
643 577 754 619 Sulla
772 579 815 618 δι
839 571 1081 623 Autronio,
1116 566 1208 630 post
1231 566 1562 628 designationem
1587 566 1816 612 consulatus
1829 566 2010 616 ambitus
2023 565 2281 613 condemna-

190 651 244 696 tis
267 685 281 706 ‚
323 664 370 693 ut
403 644 608 709 principio
643 641 740 684 anni
776 637 960 681 senatum
993 634 1274 678 adorirenturt
1311 636 1354 675 &
1377 631 1587 677 trucidatis
1613 648 1717 693 quos
1751 632 1948 694 placitum
1983 630 2105 686 effet,
2150 630 2283 676 dieta-

192 727 327 758 turam
349 708 510 756 Crassus
532 703 743 750 invaderet
769 737 780 754 ,
832 699 913 761 ipse
935 697 985 743 ab
1022 714 1072 741 eo
1107 692 1298 758 magister
1331 696 1523 756 equitum
1558 695 1784 751 diceretur,
1820 694 2125 758 constitutaque
2146 693 2196 739 ad
2219 711 2284 740 ar-

194 776 368 822 bitrium
405 790 487 833 rep.
525 770 642 814 Sullae
678 772 719 811 δέ
756 765 970 809 Autronio
1004 757 1230 806 consulatus
1265 756 1552 803 restitueretur.
1621 760 1911 804 Meminerunt
1943 757 2065 818 hujus
2095 762 2287 816 conjura-

486 833 503 842 „-

195 842 321 891 tionis
347 841 555 883 Tanuuus

195 990 317 1014 rarum
332 974 481 1024 potiendi
504 974 758 1018 interpretantes
779 982 788 1001 .·
832 962 1081 1011 nonportendf.
1121 957 1212 1009 quod
1261 956 1322 994 dus
1339 970 1439 1009 atque
1461 960 1565 1003 utilis,
1608 972 1813 1010 comparans

202 1030 273 1074 jure
290 1039 408 1063 tamen
426 1025 532 1075 placet
551 1021 662 1070 magis
679 1049 690 1062 ,
727 1015 787 1052 etsi
807 1018 840 1051 in
863 1015 996 1050 duobus
1016 1012 1113 1062 regiis
1132 1010 1213 1044 ami-

198 1077 363 1128 quislimis
382 1089 461 1112 eam
480 1073 675 1122 scripturam
697 1066 906 1105 offendimur
922 1079 940 1118 ἢε
978 1075 1099 1098 verum
1120 1061 1154 1117 in
1171 1059 1216 1093 al-

200 1139 276 1164 tero
302 1141 425 1164 eorum
450 1122 683 1161 emendatam.
731 1130 813 1153 nam
838 1117 884 1151 ibi
912 1116 1044 1149 rutum
1068 1112 1216 1164 rectiore

201 1191 310 1214 manu
333 1176 487 1227 portendi
515 1187 554 1209 ex
578 1170 736 1220 peries-adi.
796 1168 905 1202 Fuerit
935 1164 1018 1199 olim
1057 1159 1190 1197 fortasse
1207 1188 1217 1202 ,

200 1228 386 1264 arbitrium
415 1236 586 1261 terrarum
613 1220 696 1255 orbis
722 1216 878 1266 potiundi
892 1212 1044 1263 portendi
1063 1212 1221 1258 interpre-

200 1288 322 1318 tantes.
369 1289 518 1315 moveor
551 1273 645 1310 enim
680 1267 927 1318 conspiratione
960 1274 1012 1300 tot
1052 1260 1222 1313 exempla-

202 1342 304 1365 rium.

519 1397 552 1430 T
583 1406 606 1428 o
635 1404 658 1427 R
689 1402 713 1425 a
742 1400 763 1424 E
795 1401 818 1425 Ν
851 1398 887 1422 τ.

263 1454 293 1486 8.
321 1447 475 1483 Colonias
507 1440 687 1487 Latin.zs.l
733 1437 887 1474 Coloniis
916 1434 971 1471 vel
1005 1447 1066 1484 pro
1097 1434 1223 1475 civium

207 1500 336 1538 meritis
352 1527 362 1540 ,
400 1497 456 1534 vel
474 1508 535 1546 pro
554 1498 584 1530 S.
608 1495 643 1528 P.
660 1494 712 1539 Q
728 1493 771 1526 R.
793 1486 987 1524 liberalitate
1005 1485 1069 1520 alia
1088 1484 1158 1520 aliis
1179 1487 1225 1530 ju-

207 1561 246 1586 ra
264 1549 441 1587 dabantur,
499 1550 682 1582 Summum
705 1537 912 1576 beneficium
931 1548 999 1572 erat
1020 1535 1134 1571 civitas
1154 1538 1225 1571 Ro-

208 1612 334 1642 mana,
364 1596 510 1634 secundo
530 1595 608 1631 loco
629 1592 813 1632 Latinitas,
839 1589 936 1624 tertio
960 1589 1008 1631 jus
1030 1585 1135 1622 Italiae
1147 1599 1225 1621 cen-

208 1649 362 1692 sebatur,
399 1661 435 1684 ut
463 1647 625 1683 nimirum
652 1641 813 1679 &liberti
835 1651 922 1674 nunc
941 1650 1028 1675 cives
1048 1638 1225 1679 Romani,

209 1714 302 1737 nunc
320 1700 451 1741 Latini,
491 1709 580 1733 nunc
605 1693 718 1729 deditii
744 1690 951 1726 dicebantur.
1009 1690 1065 1723 De
1085 1686 1226 1723 coloniis

210 1753 300 1799 Aug.
319 1763 391 1800 cap.
408 1762 494 1786 vai
508 1762 535 1783 1.
555 1745 597 1781 de
615 1744 740 1779 libertis
759 1740 886 1776 eodem
908 1739 995 1788 Aug.
1020 1749 1091 1787 cap.
1113 1749 1168 1772 χι.
1188 1740 1224 1772 δε

208 1794 332 1837 Cla‘ud.
363 1812 436 1850 cap.
456 1811 534 1835 mx,
561 1792 714 1832 nonnihil
731 1790 981 1829 annotavimus.
1013 1789 1123 1839 Atque
1150 1788 1227 1823 hinc

213 1850 343 1887 bellum
377 1850 507 1886 Sociale
533 1857 690 1883 exortum
709 1872 720 1886 ‚
765 1842 859 1892 quod
885 1843 934 1876 M.
963 1840 1076 1875 Livius
1102 1836 1229 1874 Drusus

213 1904 275 1938 Tr.
297 1901 340 1951 pl.
353 1897 551 1951 promissam
570 1896 697 1933 Latinis
715 1894 887 1930 civitatem
907 1888 1059 1939 praestare
1077 1901 1150 1924 non
1171 1901 1230 1937 po-

213 1953 296 1994 tuit,
318 1953 358 1988 A.
377 1954 420 1987 U.
445 1953 486 1988 C.
511 1959 627 1984 Del-xi
642 1960 668 1982 1.
696 1943 803 1991 Qod
828 1953 944 1977 artsm
970 1940 1012 1975 de
1039 1937 1231 1988 conscriptis

213 2003 250 2037 in
269 2002 426 2038 Ciliciam
446 1996 637 2043 legionibus
665 1994 756 2031 addit
782 1997 918 2030 Sueton.
948 2000 1155 2040 argumento
1185 1988 1232 2027 est

215 2051 390 2088 Caesarem
404 2063 424 2086 a
441 2042 605 2100 quaestura
621 2058 700 2083 tunc
725 2041 852 2080 rediisse
868 2071 880 2085 ,
911 2053 991 2078 cum
1014 2039 1104 2077 bello
1124 2039 1233 2089 pirati—
1256 2088 1257 2093 1

217 2116 261 2138 co
280 2101 438 2139 adversus
457 2099 675 2136 Cilicasitum
694 2094 763 2137 est,
775 2095 815 2130 A.
828 2097 872 2130 U.
885 2095 925 2129 C.
940 2104 1066 2127 Dcxxci
1080 2105 1090 2126 1
1104 2105 1130 2127 1.
1162 2093 1232 2125 Co·
1256 2095 1258 2131 1

216 2152 327 2188 ionias
354 2165 490 2202 quoque
520 2150 657 2187 Latinas
674 2176 684 2189 ‚
724 2157 806 2195 quas
836 2142 947 2187 Cedat·
973 2140 1072 2183 adiit,
1111 2139 1234 2175 Trans-
1257 2148 1259 2182 l

217 2203 372 2253 padanos
387 2204 485 2251 capio
506 2229 518 2243 ‚

218 2266 292 2289 tem
317 2253 449 2303 insuper
478 2262 591 2302 petere
620 2247 834 2283 destinarant.

219 2306 313 2339 cium
332 2315 351 2339 a
371 2305 539 2339 distatore

218 2366 260 2389 xi.
272 2368 298 2390 1.

221 2415 296 2454 cap.
307 2418 392 2441 xxv1
407 2417 417 2439 1
431 2417 458 2440 1.

277 2469 309 2499 9.
343 2459 381 2492 P.
401 2454 490 2501 sylla
507 2449 558 2494 Εἴ
580 2456 618 2487 P.
639 2445 843 2493 Autronio]
888 2447 924 2481 P.
946 2442 1125 2480 Cornelius
1150 2441 1237 2492 Sylla

218 2507 259 2542 ὃ(
287 2507 322 2546 P.
352 2503 536 2543 Autronius
561 2504 668 2538 Paetus
697 2502 804 2536 Coss.
839 2495 1032 2545 designati,
1071 2493 1241 2530 damnati-

222 2569 289 2605 que
315 2554 358 2590 de
378 2554 510 2590 ambitu
530 2583 541 2596 ,
578 2565 650 2588 non
677 2552 823 2587 inierunt
848 2545 1092 2596 Magistratum.
1152 2546 1239 2579 Non

223 2605 316 2642 male
336 2606 434 2656 igitur
451 2604 668 2644 Pulmannus.
726 2600 816 2648 Quia
849 2609 969 2634 tamen
1006 2595 1080 2631 libri
1115 2582 1267 2805 omnesQ

1260 2549 1262 2556 r

1260 2565 1262 2573 v

226 2658 266 2692 L.
286 2667 432 2698 vocant,
462 2668 534 2690 non
553 2657 589 2690 P.
620 2654 827 2690 Autronium
848 2675 859 2690 ,
898 2647 1049 2683 Suetonii
1078 2644 1240 2693 equidem

224 2719 379 2742 errorem
403 2703 500 2741 fateri
518 2702 596 2741 esset
614 2703 710 2739 satius
729 2731 740 2743 ‚
778 2712 884 2750 quam
906 2700 941 2734 in
958 2708 1053 2732 tanto
1073 2695 1241 2732 librorum

222 2755 388 2792 ,consensu
416 2757 599 2805 quicquam
637 2755 832 2788 immutare.
890 2748 981 2784 Vide
1002 2745 1121 2782 Fastos·
1134 2746 1174 2780 A.
1196 2748 1239 2780 U.

192 2804 197 2805 ⁷
225 2815 460 2842 Dcxxcviii.
502 2804 701 2840 Suetonium
726 2798 870 2837 fortallis
897 2797 1039 2839 fefellit,
1087 2796 1183 2848 quoti
1209 2795 1243 2834 in
1266 2808 1267 2812 ¹

228 2855 328 2897 Fastis
346 2856 386 2891 A.
404 2858 448 2890 U.
471 2865 650 2890 Dccxxxv.
699 2855 739 2888 L.
759 2850 910 2886 Autronii
922 2852 941 2891 ²,
979 2849 1035 2897 qti
1063 2859 1103 2881 ex
1131 2847 1243 2881 Airica

227 2905 450 2957 triumphavit
458 2933 470 2949 ,
501 2918 633 2940 nomen
643 2904 780 2952 legerat.

285 2954 446 3005 Tanusius
459 2952 655 3001 Geminus]
687 2952 780 2989 Libri
797 2962 928 2987 veteres
946 2952 978 2982 T
975 2946 1128 2997 amssm,
1160 2959 1246 2982 unus

230 3007 337 3044 etiam
357 3007 559 3056 praenomen
575 3004 666 3040 addit
691 3006 730 3040 L,
744 3001 892 3038 Annales
920 3003 1032 3034 Tantu
1051 3000 1059 3034 i
1089 3009 1246 3033 comme-

232 3069 354 3094 morat·
367 3059 494 3092 Seneca
514 3059 575 3104 Ep.
594 3067 692 3091 xciv.
712 3053 820 3090 vitam
843 3050 992 3086 hominis
1011 3048 1164 3098 sapientis
1174 3047 1250 3083 bre-

230 3121 312 3149 :fem
335 3107 424 3148 ‚libro
434 3135 446 3153 ‚
475 3107 539 3155 qu'r
555 3117 745 3161 paucorum
765 3101 922 3141 versuum
942 3098 1001 3142 fit,
1037 3100 1094 3135 led
1113 3097 1252 3135 laudan-

586 832 799 877 Geminus
833 829 878 873 in
911 825 1101 880 historia,
1150 821 1400 868 M.ssibu1us
1432 823 1476 867 in
1510 822 1771 879 edietis‚*C.
1788 824 1924 869 Curio
1954 837 2066 885 pater
2097 825 2143 868 in
2178 822 2290 867 Ora-

2083 885 2287 933 tionibus-

1840 976 1848 998 :
1886 963 2031 1012 longam
2057 973 2143 999 vero
2172 961 2287 997 homi-

1264 1010 1320 1093 pisi
1334 1009 1538 1095 insipilentis,
1568 1010 1709 1047 Tanusii
1726 1011 1923 1056 annalibus,
1956 1011 2286 1062 prolixisnimirum‚

1278 1072 1295 1093 e
1354 1058 1489 1097 infusis.

1267 1111 1271 1115 ἰ
1548 1062 1618 1108 Qi
1657 1061 1780 1097 idcirco
1810 1062 1994 1099 hominum
2036 1061 2288 1113 elegantiorum

1267 1122 1344 1152 ioco
1366 1138 1377 1151 ,
1416 1122 1452 1146 ut
1471 1114 1507 1147 δε
1526 1109 1649 1147 Volusi
1670 1112 1807 1148 annales
1825 1114 1913 1163 apud
1935 1111 2108 1149 Catullum
2127 1140 2139 1155 ,
2173 1121 2292 1147 cacata

1267 1160 1381 1195 charta
1410 1161 1634 1197 vocabantur.
1695 1163 1814 1199 Verba
1838 1168 1974 1200 Senecae
2005 1164 2041 1198 in
2067 1162 2123 1199 lib.
2150 1175 2210 1198 MS.
2230 1161 2290 1210 qui

1269 1210 1389 1246 Leodii
1407 1210 1553 1249 servatur
1570 1212 1613 1248 ad
1623 1214 1704 1250 Divi
1714 1213 1848 1256 Jacobi,
1867 1213 1912 1250 fic
1933 1213 2080 1250 habent:
2110 1217 2155 1249 Et
2168 1222 2291 1261 pauco-

1268 1273 1348 1316 rttnt
1365 1274 1426 1296 ver
1443 1275 1524 1297 itum
1541 1262 1621 1298 liber
1639 1263 1680 1309 est
1701 1291 1712 1305 ,
1750 1262 1802 1306 Εἴ
1822 1266 1959 1313 quidem
1975 1264 2169 1299 laudandus
2187 1273 2291 1311 atque

1269 1310 1372 1366 ttttlts.
1404 1313 1557 1347 Annales
1575 1313 1712 1363 Tanufii
1723 1314 1788 1362 stis
1801 1343 1813 1356 ,
1839 1328 1943 1364 qnam
1960 1327 2025 1350 non
2049 1312 2185 1362 decorofi
2195 1311 2268 1361 fint
2277 1338 2292 1355 ,

1270 1359 1322 1415 ξς
1343 1362 1425 1409 qnld
1443 1372 1615 1399 vocentur.
1672 1371 1745 1399 Haec
1764 1366 1804 1411 est
1831 1365 1910 1400 vita
1934 1364 2149 1414 quorundam
2174 1363 2290 1410 longa,

1271 1409 1322 1452 ὅ
1349 1413 1435 1459 quod
1461 1411 1596 1462 Tanztfii
1609 1413 1764 1463 sbquitur
1791 1415 1941 1452 annales.
2000 1414 2150 1450 subticet
2166 1411 2289 1450 Catulli

1271 1461 1397 1504 verba,
1416 1473 1534 1498 cacata
1545 1463 1674 1501 charta.
1711 1463 1849 1501 Ganusii
1872 1465 2038 1515 scriptoris
2059 1465 2193 1502 mentio
2217 1462 2295 1499 Plu-

1271 1512 1390 1547 tarcho
1408 1513 1442 1548 in
1455 1512 1608 1556 Caesare,
1628 1513 1685 1550 sed
1694 1515 1779 1551 vitio
1792 1544 1803 1557 ,
1828 1514 1942 1551 credo.
1987 1518 2159 1564 1nterpres
2177 1517 2295 1549 Caram

1264 1561 1355 1611 sium
1365 1562 1522 1600 rescribit.
1551 1568 1627 1613 Ego
1644 1563 1826 1613 Tanztfium
1836 1565 1980 1603 arbitror
1996 1577 2132 1604 verum.

1327 1618 1366 1648 In
1382 1612 1531 1661 edicta]
1563 1613 1645 1652 Infr.
1657 1628 1730 1665 cap.
1744 1624 1858 1652 xt1x.·

1588 1686 1618 1719 C
1641 1697 1662 1720 A
1689 1698 1704 1720 s
1733 1697 1754 1720 Α
1783 1698 1807 1721 u
1839 1697 1859 1721 B
1886 1698 1910 1722 o
1938 1697 1975 1723 N.

1333 1738 1363 1769 8.
1389 1733 1542 1769 Colonias
1561 1735 1701 1770 Latinas
1720 1736 1761 1770 de
1775 1736 1923 1783 petenda
1939 1733 2082 1771 civitate
2091 1732 2296 1782 agitantes]

1276 1783 1393 1819 Gallos
1420 1783 1609 1834 Cisalpinos
1637 1784 1900 1835 Transpadanos
1918 1814 1929 1827 ,
1955 1784 2092 1834 'quibus
2124 1786 2173 1829 jus
2208 1786 2297 1821 Latii

1276 1833 1350 1883 post
1384 1833 1512 1870 bellum
1540 1833 1726 1871 Marsicum
1743 1835 1817 1885 lege
1838 1837 2006 1886 Pompeia
2029 1835 2149 1871 datum
2167 1835 2298 1878 fuerat,

1276 1895 1312 1919 ut
1338 1885 1385 1920 ait
1403 1885 1565 1932 Asconius
1583 1900 1594 1919 :
1634 1883 1691 1921 sed
1710 1899 1753 1922 eo
1773 1888 1843 1931 jure
1861 1899 1934 1922 non
1951 1882 2045 1923 fuisse
2063 1884 2138 1921 illos
2156 1897 2299 1922 conten-

1277 1945 1331 1970 tos
1352 1962 1363 1978 ‚
1403 1948 1468 1971 nec
1487 1948 1530 1971 eo
1547 1934 1651 1972 secius
1667 1934 1710 1971 de
1730 1935 1876 1986 petenda
1902 1937 2037 1975 civitate
2067 1933 2224 1986 agitasse,
2256 1948 2298 1974 ex

1279 1984 1415 2022 historia
1425 1997 1524 2036 patet.
1559 1985 1638 2024 vide
1648 1986 1791 2023 Dionem
1801 1986 1895 2024 libro.
1912 2000 1964 2033 37.

1335 2037 1542 2084 Conscriptas
1557 2036 1594 2072 in
1603 2035 1761 2072 Ciliciam
1781 2035 1951 2084 legiones.]
1978 2035 2084 2074 Refer
2102 2035 2146 2072 ad
2167 2047 2300 2074 annum

1279 2088 1323 2123 U.
1348 2088 1389 2123 C.
1412 2099 1562 2124 ocxxcvx
1576 2100 1602 2124 1.
1638 2086 1695 2136 qui
1712 2086 1829 2122 habuit
1846 2087 1997 2124 consules
2016 2089 2057 2123 C.
2076 2086 2238 2124 Pisonem
2256 2090 2300 2125 L.

1280 2138 1314 2174 F.
1328 2138 1446 2187 Frugi,
1486 2140 1535 2173 M.
1558 2136 1704 2172 Acilium
1723 2136 1963 2175 Glabrionem.
1995 2136 2138 2173 Clarum
2156 2150 2197 2173 ex
2217 2150 2301 2188 prae-

552 2200 607 2249 qui
638 2197 816 2234 Latinitate
842 2207 915 2229 non
942 2192 1092 2228 contenti
1122 2191 1236 2227 civita-
1259 2185 1479 2224 lcedentibus
1497 2186 1786 2237 sequentibusque.
1839 2191 1874 2223 V
1878 2189 1930 2224 ita:
1950 2187 2089 2223 Caesaris
2109 2200 2216 2223 annus
2227 2198 2300 2224 erat

888 2242 996 2292 Quod
1024 2254 1084 2277 eos
1105 2239 1236 2276 benefi-
1279 2250 1428 2274 xxxin.
1466 2241 1500 2273 Is
1517 2237 1583 2288 ipse
1610 2236 1657 2272 est
1675 2249 1802 2281 annus,
1839 2250 1908 2288 quo
1930 2237 2059 2275 bellum
2084 2239 2301 2274 maritimum

562 2297 695 2336 Caesaoe
714 2292 904 2346 impetrasse
923 2295 1041 2329 austor-
1064 2292 1162 2327 Dion
1178 2291 1233 2327 lib.
1281 2290 1318 2324 &
1344 2289 1522 2337 piraticum
1551 2285 1700 2324 confecit
1726 2290 1922 2339 Pompeius.
1981 2291 2039 2324 Ne
2077 2287 2302 2325 auscultemus

359 2349 650 2391 Novocomenses
677 2348 815 2385 Vatinia
833 2346 1011 2395 rogatione
1028 2341 1234 2379 Suetonius
1280 2338 1380 2387 igitur
1398 2338 1504 2376 ἀοίὶο
1521 2339 1594 2376 viro
1606 2366 1618 2381 ,
1644 2339 1701 2388 qui
1720 2338 1785 2375 hoc
1805 2340 1934 2390 putavit
1942 2340 2107 2390 pertinere
2117 2338 2160 2375 ad
2170 2351 2303 2377 annum

1285 2391 1330 2424 U.
1342 2391 1384 2426 C.
1397 2401 1517 2426 Dcxxc
1527 2403 1538 2425 1
1551 2403 1562 2425 1
1575 2403 1602 2426 1.

1345 2453 1377 2482 9.
1405 2445 1444 2476 P.
1454 2439 1546 2487 Sylla
1555 2437 1607 2481 (ᾖς’
1619 2438 1812 2487 Autronio]
1840 2439 1985 2478 Fortasse
1995 2470 2007 2484 ‚
2033 2439 2162 2476 Publiis
2172 2467 2183 2482 ,
2211 2437 2306 2487 Sylla

1260 2501 1265 2534 J
1288 2486 1340 2530 65
1358 2490 1539 2526 Autronio,
1567 2488 1629 2526 nisi
1649 2488 1698 2525 est
1717 2491 1867 2527 Suetonii
1884 2491 2090 2527 memoriale
2100 2501 2305 2540 peccatumz

1285 2539 1425 2588 quando
1443 2544 1480 2576 δε
1502 2553 1567 2576 nos
1590 2540 1779 2589 reperimus
1795 2542 1829 2576 in
1856 2541 2018 2578 omnibus
2039 2541 2130 2578 libris
2147 2570 2158 2585 ‚
2190 2538 2244 2582 Εἴ
2262 2542 2304 2576 L.

1289 2591 1467 2626 Autronio.
1505 2603 1609 2640 quare
1632 2603 1676 2627 eo
1695 2590 1836 2641 pedibus
1852 2592 1888 2627 in
1912 2590 2119 2629 eruditissimi
2140 2588 2305 2627 Torrentii

1291 2639 1502 2677 sententiam.

1343 2691 1576 2727 Meminerant
1590 2690 1689 2740 lntjm
1711 2692 1980 2741 conjurationis]
2011 2690 2185 2738 Intellige,
2212 2686 2307 2738 QUOd

1292 2740 1335 2777 acl
1354 2740 1526 2778 Caesarem
1547 2756 1556 2779 ε
1599 2744 1692 2777 nam*
1705 2742 1773 2792 ipsa
1799 2743 1938 2794 quidem
1961 2741 2148 2788 conjuratio
2169 2740 2307 2783 notior,

1291 2803 1396 2841 quam
1425 2803 1459 2828 ut
1495 2792 1630 2828 testibus
1661 2791 1701 2828 fit
1739 2807 1833 2843 opus.
1891 2792 2062 2829 Caeffirem
2105 2787 2197 2825 fuisse
2226 2788 2312 2825 illius

1294 2843 1493 2892 participem
1511 2870 1522 2884 ,
1560 2842 1594 2879 id
1625 2856 1708 2879 vero
1739 2857 1811 2881 non
1834 2846 1880 2880 ita
1906 2842 2044 2878 clarum.
2106 2839 2192 2876 Illud
2210 2840 2309 2889 igitur

1296 2892 1364 2934 est,
1392 2892 1484 2942 quod
1499 2893 1682 2942 probatum
1692 2894 1715 2929 it
1725 2893 1924 2930 testimoniis
1939 2890 2101 2934 Tanusii,
2120 2890 2251 2933 Bibuli,
2270 2893 2310 2926 δ(

1296 2943 1453 2978 Curionis
1481 2944 1609 2993 patris:
1650 2956 1735 2993 quos
1765 2956 1883 2980 tamen
1910 2955 2035 2980 omnes
2059 2938 2153 2978 suissi:
2173 2938 2314 2976 Caesaris

1299 2995 1457 3029 inimicos
1474 3021 1485 3036 ,
1519 3006 1627 3029 nemo
1647 2993 1694 3030 est
1713 2995 1748 3030 in
1766 2994 1902 3029 illorum
1920 3005 2120 3042 temporum
2152 2989 2311 3032 historia,

1298 3043 1355 3081 vel
1374 3043 1489 3080 leviter
1518 3043 1664 3080 versatus
1681 3071 1693 3086 ,
1725 3045 1804 3093 quin
1830 3043 1919 3081 sciat.
1976 3043 2095 3080 Edicta
2122 3040 2231 3077 Bibuli
2259 3039 2315 3075 illa

1300 3093 1369 3145 ipsa
1387 3093 1459 3131 sunt
1470 3122 1481 3140 ,
1511 3107 1658 3144 quorum
1678 3095 1712 3130 in
1728 3096 1900 3145 Pompeio
1914 3094 2113 3131 Plutarchus
2133 3090 2313 3134 meminit,
