2504 3425
321 183 426 251 798
687 192 1086 253 Joauurs

319 318 443 358 ditor-ia
465 322 622 374 frequens
659 333 729 359 erat
748 351 759 365 ,
796 333 831 357 ut
859 318 972 369 paullo
993 315 1065 366 post
1084 314 1231 372 loquitur
1250 340 1261 356 ‚
1294 317 1333 351 δε

319 382 470 419 quorum
498 373 737 410 consuetudine
774 374 811 406 δε
843 368 1020 415 colloquiis
1047 375 1154 401 etiam
1172 366 1334 400 Romam

321 422 471 459 reversus
488 452 499 466 ,
545 435 625 458 cum
644 417 837 457 succeffiffet
855 417 1026 468 Augusto,
1067 416 1222 452 maxime
1243 413 1337 451 dele-

322 471 485 507 trabatur.
545 474 643 507 Hanc
663 483 789 507 vocem
807 471 1008 518 Grajorum‚
1039 474 1245 517 exceperant
1262 475 1339 501 ma-

321 518 354 554 le
383 520 528 568 proximi
544 548 554 562 ,
597 533 635 556 ac
665 519 691 556 ss
718 517 850 556 dixisset
874 531 1042 566 agrorum.
1092 520 1221 565 Magna
1244 516 1340 569 enim

322 567 369 603 est
386 568 458 604 soni
477 570 602 606 horum
622 571 806 607 nominum
825 567 996 611 affinitas,
1021 579 1057 606 ut
1075 581 1149 605 non
1165 565 1340 603 attentisst-

320 629 404 653 mos
422 618 520 656 facile
547 624 693 672 potuerit
711 620 838 656 fallere.

373 672 486 706 Unum
504 670 564 706 hoc
582 671 831 708 tantammodo.
847 661 859 710 ]
890 669 1135 706 Tantummodo
1156 681 1230 706 non
1249 668 1341 720 lege-

321 714 421 756 batur
440 721 475 756 in
498 720 617 757 codice
634 720 773 758 Salmas.
795 722 799 725 ’

371 770 559 817 Εκενειιί]]ἑ
574 772 632 820 jas
656 768 878 817 tribunitia]
906 770 1074 806 Palatinus
1093 768 1258 807 secundus
1273 783 1346 807 exe—

318 819 438 868 ruzffi,
464 823 502 857 δε
524 821 589 858 hoc
599 825 762 859 Gruterus
788 820 945 869 reposuit.
1002 819 1071 857 Sed
1091 820 1203 857 obstat
1227 824 1265 858 δε
1282 834 1347 858 co-

321 870 438 907 dicum
464 871 644 922 vulgatam
678 872 865 909 leffionem
896 870 1103 908 servantium
1127 872 1227 921 copia
1247 900 1259 915 ‚
1306 875 1342 908 δε

318 920 415 1007 {lund
437 921 601 972 loquendi
620 923 687 960 hoc
704 935 812 972 genus
829 934 901 957 non
919 922 1075 971 ineptum
1087 934 1151 958 nec
1170 921 1346 971 inelegans

340 984 376 1009 it.
521 984 523 987 ’

378 1027 482 1057 Latus
506 1021 655 1070 animo]
700 1022 822 1059 Codex
849 1020 990 1059 Salmas.
1020 1020 1107 1058 latas
1127 1025 1246 1059 nuncio
1264 1052 1277 1068 ,
1311 1035 1347 1060 ut

322 1083 449 1108 omnes
481 1071 647 1108 editiones
675 1085 754 1110 ante
784 1072 1060 1116 Chasaubonum,
1095 1073 1151 1122 qui
1184 1074 1252 1111 hoc
1274 1072 1346 1110 fine

325 1121 395 1158 ullo
414 1121 538 1158 indicio
563 1123 718 1159 mutavit.

384 1185 437 1208 12.
471 1171 577 1219 Qffi‘fi
591 1172 716 1219 legatus
735 1171 779 1207 ab
800 1170 987 1219 Augusto.]
1018 1168 1161 1207 Salmas.
1178 1174 1215 1207 δε
1237 1171 1342 1209 Palat.

323 1232 429 1258 unus:
465 1220 559 1268 quasi
577 1221 704 1268 legata-,-
725 1220 894 1268 Augusto,
924 1232 986 1270 pro
1011 1219 1137 1267 legatus
1159 1221 1204 1255 ab
1225 1227 1345 1269 Augu-

312 1270 375 1316 sto.

315 1319 387 1367 suli
411 1318 537 1368 legatus
563 1328 637 1367 sum
664 1321 699 1356 in
727 1321 903 1357 AEtoliam.
942 1320 1083 1356 Tacitus
1105 1333 1114 1355 ε
1147 1320 1249 1357 claris
1265 1324 1346 1368 scri-

315 1369 465 1417 ptoribus
496 1371 602 1408 dieta.
659 1370 764 1409 Ovid.
792 1371 964 1407 Barbarus
985 1370 1037 1405 his
1062 1383 1116 1417 ego
1127 1371 1232 1417 fhm,
1258 1372 1345 1420 quia

296 1431 388 1455 ·non
418 1420 583 1468 intelligor
611 1421 681 1456 ulli.
712 1434 774 1471 pro
808 1420 850 1457 ab
876 1422 955 1457 ullo.
1005 1422 1061 1455 De
1090 1420 1141 1456 his
1164 1421 1344 1459 locutioni—

322 1469 388 1508 bus
407 1470 554 1520 superius
574 1470 679 1507 semel
694 1472 886 1522 iterumque
905 1472 1050 1521 egimus,

379 1522 577 1558 Diverteret
596 1521 789 1569 Rhodum]
833 1521 953 1559 Codex
973 1520 1127 1559 sumam
1145 1537 1154 1558 ε
1191 1522 1346 1560 deverte-

319 1579 386 1608 ret,
444 1574 486 1609 Et
516 1569 560 1608 fic
591 1572 626 1608 in
657 1572 771 1610 multis
792 1571 875 1610 locis
899 1574 1073 1611 veterrimi
1093 1572 1254 1617 codices,
1286 1574 1345 1611 ubi

323 1619 451 1670 vulgati
467 1622 669 1659 diverteret.

386 1684 437 1715 ¹4·
465 1673 623 1719 Geryonis
647 1671 858 1721 oraculum]
907 1673 1069 1710 Meminit
1086 1675 1158 1721 ejus
1175 1673 1348 1726 inscriptio

318 1720 461 1772 antiqua
486 1721 577 1773 apud
598 1726 782 1761 Gruterum
804 1727 835 1760 V
848 1727 876 1762 1.
897 1738 932 1768 4.

623 1777 699 1811 IM.
743 1777 789 1811 D.
824 1777 870 1810 D.
908 1776 1049 1818 JOVI

574 1827 657 1862 ET.
702 1826 946 1868 JVNONl.
982 1826 1102 1862 REG.

588 1879 671 1912 ET.
704 1876 905 1912 GENIO.
933 1877 1077 1911 LOC1

550 1988 563 2010 ε
590 1989 600 2007 :
631 1989 643 2011 z
670 1989 680 2011 ε
711 1976 1002 2011 GERlONIS
1045 1977 1120 2012 SR

568 2026 777 2061 VERVS.
816 2027 931 2062 MIL.
976 2027 1093 2061 LEG.

580 2076 718 2110 XXII.
753 2075 1094 2112 ANTONlAN.

552 2125 591 2160 B.
625 2126 672 2167 ΕΙ
695 2126 816 2160 (ἶΟθῖ.
848 2125 975 2160 PRO.
1011 2124 1122 2161 SVA

529 2176 612 2211 ET.
656 2176 826 2211 SVOR.
867 2187 1155 2211 :22:322:

511 2227 1160 2262 :22::D1V.::::::::

617 2274 1080 2313 ANTON.::::::

382 2329 476 2362 Tunc
497 2325 660 2362 maxime.
674 2323 687 2372 ]
707 2323 830 2361 Codex
848 2323 990 2361 Salmas.
1004 2335 1079 2359 cum
1092 2322 1256 2360 maxime.
1270 2322 1341 2361 h.e.

327 2374 386 2413 illo
407 2374 480 2427 ipso
502 2386 673 2425 tempore.
730 2373 786 2411 Est
804 2373 942 2428 elegans
961 2374 1084 2411 harum
1102 2372 1345 2424 pardcularum

329 2427 415 2464 usus.
472 2426 611 2462 Tacitus
643 2439 718 2462 111.
748 2437 830 2462 ann.
851 2427 986 2462 Littera
1004 2422 1057 2467 Εἴ
1077 2423 1171 2461 latas
1197 2427 1345 2473 Campa·

327 2476 388 2513 nia
409 2488 484 2513 cum
510 2478 660 2512 maxime
695 2484 945 2524 peragrantem.
1002 2476 1056 2512 Sic
1087 2473 1284 2525 frequenter
1305 2488 1345 2512 0-

328 2528 428 2576 ptimi
454 2525 642 2575 scriptores.
702 2525 770 2562 Sed
793 2539 858 2563 nec
890 2525 969 2563 illud
997 2525 1194 2576 infiequens
1228 2526 1340 2563 Tacit.

328 2589 410 2614 ann.
435 2589 487 2613 xv.
513 2580 721 2624 Coeptantem
738 2586 813 2613 tum
831 2579 986 2614 maxime
1003 2575 1265 2620 conjurationem
1276 2576 1343 2611 dis-

322 2627 416 2675 jecit.
478 2627 530 2662 Sic
554 2631 591 2663 ὅς
622 2626 736 2662 Florus
766 2626 858 2663 male
889 2639 909 2663 a
931 2625 1102 2663 nonnullis
1138 2625 1340 2663 sollicitatus.

329 2679 414 2715 Mox
436 2679 474 2715 δε
497 2690 592 2712 nave
607 2675 744 2724 provisa
764 2676 858 2713 idem
884 2676 974 2714 Cod.
994 2690 1057 2727 pro
1073 2676 1226 2724 pravifit.

384 2733 455 2763 Nec
472 2727 701 2762 hereditatem
723 2726 894 2775 quidem]
932 2727 1055 2764 Codex
1080 2725 1237 2764 Salmasii
1260 2740 1342 2763 cum

330 2775 365 2811 in
383 2776 449 2814 hoc
468 2776 547 2813 loco
567 2806 579 2820 ,
617 2788 691 2812 tum
712 2779 750 2813 ὅ(
772 2778 807 2813 in
829 2777 896 2814 hoc
913 2777 1056 2821 ultimo,
1086 2776 1129 2813 de
1149 2790 1221 2828 quo
1246 2776 1343 2814 dubi-

330 2825 424 2862 tabat
442 2828 636 2864 Gronovius
653 2826 885 2875 sagaciffimus
902 2857 913 2871 ,
954 2826 1254 2865 emendationibus
1272 2829 1345 2874 ejus

330 2872 539 2923 stiffi-agatur.
597 2875 711 2914 Exstat
742 2879 838 2914 enim
867 2879 902 2914 in
931 2878 981 2915 his
1002 2878 1084 2914 locis
1108 2890 1149 2913 ne
1181 2891 1244 2929 pro
1271 2890 1343 2914 nec.

329 2924 412 2970 quin
445 2929 481 2959 &
516 2926 724 2976 deprehendi
751 2927 866 2977 postea
897 2930 987 2965 iniis
1010 2927 1174 2965 omnibus
1191 2928 1345 2965 Suetonii

329 2971 431 3016 locis,
453 2986 532 3029 ’quae
551 2976 649 3015 allata
668 2976 762 3021 sunt,
787 2981 822 3015 in
841 2979 990 3016 Roberti
1015 2977 1176 3028 Stephani
1192 2978 1343 3016 editione

330 3034 371 3058 ne
395 3023 461 3072 legi
483 3024 673 3062 reffiffime.

383 3075 467 3122 CaJo
484 3070 536 3117 δ’
556 3077 653 3112 Latio
672 3076 766 3114 intra
783 3078 970 3116 triennium
1000 3076 1192 3127 defunctis]
1245 3077 1291 3116 At
1308 3077 1345 3115 in

709 1955 718 1962 ·
749 1953 918 1962 .....
945 1953 1037 1962 ‚2-

1159 172 1593 230 GEORGII

436 1272 525 1306 Cato
547 1270 634 1320 apud
651 1271 790 1307 Festum
812 1271 845 1307 in
865 1280 1009 1306 oratores
1024 1284 1033 1302 :
1062 1275 1115 1306 M.
1136 1270 1257 1306 Fulvio
1276 1285 1350 1308 con-

1675 172 2064 231 GRAEvtr

1380 312 1510 358 viginti
1534 310 1698 358 menfium
1719 312 1828 361 spatio
1855 313 1968 363 amtfit
1985 314 2109 351 ambos.
2169 312 2393 362 Scrupulum,

1381 372 1488 410 quem
1522 361 1558 397 in
1600 358 1803 401 definitione
1856 364 2024 412 temporis
2070 363 2123 400 hic
2167 361 2230 399 fibi
2274 374 2396 400 movet

1381 410 1634 454 Casaubonusg
1664 411 1758 461 quasi
1773 410 1836 448 fibi
1851 412 2041 450 adversetur
2060 414 2239 450 Suetonius
2252 440 2261 454 ,
2281 412 2398 449 evellit

1381 460 1672 499 Eminentissimus
1699 460 1856 500 Norifius
1889 462 1933 499 ad
1959 464 2174 515 Cenotaphia
2203 463 2321 498 Pisana
2337 461 2398 499 dis-

1382 510 1562 547 sertatione
1577 526 1609 548 2.
1626 525 1699 563 cap.
1719 527 1771 559 ¹7·
1830 513 1979 549 Lucium
1997 512 2125 550 docens
2149 512 2267 550 obiisse
2282 532 2291 538 s
2306 513 2401 550 circi-

1384 573 1502 599 terzo.
1522 562 1662 611 Augusti
1679 564 1721 600 A.
1735 566 1780 599 V.
1796 576 1877 607 755.
1913 573 1950 598 ut
1969 573 2083 612 pateat
2108 575 2149 598 ex
2169 564 2399 612 cenotaphio,

1386 615 1424 649 ὃ(
1443 614 1486 648 de
1503 627 1573 661 quo
1590 611 1693 650 fufius
1712 613 1818 662 egerit
1835 624 1910 663 cap.
1929 626 1981 656 ¹5-
2040 614 2168 658 Caium
2190 615 2401 656 veroevivis

1388 661 1554 699 excessiffe
1574 663 1627 700 die
1649 677 1705 700 21*
1732 664 1828 700 Febr.
1851 664 1893 699 A.
1922 665 1969 699 V.
2014 675 2095 708 757.
2132 661 2258 699 menfis
2283 662 2405 713 Aprilis

1386 713 1554 756 ineuntis,
1593 713 1688 763 quod
1708 714 1891 750 constetex
1900 711 2008 749 altero
2018 711 2131 760 lapide
2145 711 2275 749 Pisano.
2298 716 2350 749 Ita
2367 715 2404 750 in

1391 762 1628 813 duodeviginti
1652 763 1828 801 mensium
1860 762 2104 813 spatioambos
2124 761 2308 809 Augustum
2318 764 2405 801 ami-

1391 811 1475 850 filse.
1534 816 1581 850 At
1598 815 1694 850 intra
1713 813 1900 850 triennium
1918 811 2098 849 defunstos
2119 811 2203 853 dici,
2215 813 2294 861 quia
2302 816 2408 857 Caius

1391 864 1465 913 post
1485 865 1580 900 Lucii
1599 877 1753 902 mortem
1773 863 1936 914 superstes
1952 861 2052 900 fuerit
2070 873 2166 912 parte
2184 863 2265 898 anni
2278 862 2406 905 Juliani

1391 929 1450 960 47.
1479 914 1581 963 usque
1603 915 1647 952 ad
1668 917 1799 952 exitum
1823 913 2030 951 Decembris
2048 941 2059 956 ‚
2084 913 2168 949 item
2187 911 2294 948 altero
2313 925 2408 950 anno

1389 964 1596 1014 insequenti,
1639 978 1679 1001 ac
1698 978 1792 1016 parte
1807 966 1889 1001 anni
1907 963 2028 1009 Juliani
2051 978 2109 1008 49.
2128 975 2147 998 a
2168 961 2334 999 Kalendis
2353 965 2409 1007 Ja-

1390 1017 1497 1052 nuarii
1515 1015 1556 1050 ad
1574 1017 1673 1052 VIII.
1694 1015 1868 1052 Kalendas
1881 1016 2136 1063 Martias,atque
2149 1011 2290 1050 sicintra
2306 1015 2409 1051 trien-

1389 1066 1487 1103 nium
1506 1066 1633 1102 ambos
1653 1078 1812 1103 mortuos
1831 1062 1907 1102 effe.

1450 1126 1505 1160 17.
1537 1120 1768 1151 Pratextatas.
1783 1116 1797 1161 ]
1849 1115 1978 1151 Habitu
2006 1114 2170 1151 nimirum
2219 1112 2406 1158 consulari,

1391 1177 1464 1199 non
1474 1166 1682 1213 triumphali.
1704 1165 1950 1214 Triumphales
1963 1166 2058 1202 enim
2068 1163 2176 1203 vestes
2197 1161 2292 1201 fnisse
2309 1176 2410 1214 togas

1392 1215 1511 1263 pistas,
1525 1216 1700 1251 &tunicas
1711 1214 1878 1264 palmatas
1887 1227 1997 1251 nemo
2012 1216 2158 1263 ignorat.
2177 1215 2351 1251 Tribuitur
2361 1227 2411 1252 ta-

1387 1277 1471 1300 men
1499 1278 1752 1314 nonnunquam
1796 1266 1902 1301 etiam
1921 1264 2209 1312 triumphantibus
2227 1276 2402 1315 praetexta.

1391 1314 1509 1351 Valer.
1523 1317 1664 1352 Max.V.
1680 1330 1709 1360 5.
1727 1315 1769 1351 de
1788 1315 1946 1365 Scipione
1956 1311 2119 1350 Africano
2134 1327 2143 1350 ε
2158 1319 2273 1362 Itaque
2293 1315 2409 1364 clus-ts-

1376 1362 1543 1413 fimoram
1558 1366 1787 1412 cognominum
1804 1366 1954 1401 alterum
1971 1363 2092 1414 ficmstt
2103 1393 2114 1407 ,
2131 1363 2281 1401 alterum
2289 1367 2384 1401 dedit
2396 1381 2408 1402 .-

319 267 400 314 bat,
441 272 516 312 illos
535 272 756 324 professores,
795 283 944 321 quorum
969 269 1057 304 circa
1073 263 1202 301 scholas
1219 266 1258 300 ὅ(
1274 275 1331 301 au·
1375 261 1529 298 Auust·
1546 273 1577 296 c·
1590 268 1648 306 65·
1662 261 1811 303 dixerat:
1842 266 1969 321 Cajam
1986 262 2040 307 Εἴ
2058 262 2200 300 Lucium
2217 261 2254 298 in
2271 261 2395 300 duodea'

1359 1526 1368 2077 l

1356 2566 1377 3109 l

1387 1416 1618 1464 triumphique
1633 1424 1828 1463 pratea-tam
1846 1415 1947 1463 hujus
1963 1424 2086 1462 exceptt
2098 1442 2109 1457 ,
2140 1414 2229 1450 illius
2248 1416 2408 1455 tradidit.

1390 1465 1442 1502 Id.
1462 1479 1544 1504 v11.
1577 1480 1605 1502 1.
1627 1466 1670 1502 de
1689 1465 1831 1502 Metello
1846 1463 2081 1514 :Speciofiffimi
2097 1463 2261 1511 triumphi
2272 1474 2408 1512 praetex-

1388 1525 1463 1551 tam
1493 1516 1635 1564 largitus
1665 1516 1717 1562 est.
1776 1516 1842 1552 Sed
1857 1523 2024 1563 protexta
2043 1515 2178 1564 ponitur
2194 1515 2247 1550 hic
2265 1528 2408 1564 genera-

1388 1565 1462 1602 liter
1479 1579 1541 1616 pro
1564 1566 1683 1605 vestitu
1703 1570 1740 1602 &
1763 1566 1854 1603 cultu
1889 1577 2023 1615 magno
2040 1594 2051 1608 ,
2087 1577 2122 1602 ut
2139 1577 2211 1602 non
2230 1578 2408 1616 nunquam

1391 1617 1481 1668 apud
1500 1620 1620 1668 poetas
1640 1618 1815 1667 accipitur.

1452 1681 1507 1705 zo.
1538 1667 1609 1704 Pon
1627 1665 1840 1714 biennium]
1877 1669 1925 1703 V.
1945 1668 1987 1703 C.
2010 1664 2165 1702 Salmasii
2177 1665 2244 1714 post
2262 1665 2405 1704 biennm.

1391 1720 1463 1754 Cur
1481 1717 1680 1769 spernamus
1700 1716 1819 1755 cauffae
1839 1716 1920 1753 nihil
1938 1715 1986 1753 est
2005 1717 2130 1765 optimi
2148 1715 2274 1753 codicis
2292 1715 2409 1753 lectio-

1392 1781 1485 1806 nem.
1544 1770 1597 1805 Sic
1613 1768 1681 1816 post
1699 1768 1806 1805 multo
1827 1766 1977 1810 ovidio,
2006 1770 2045 1804 δε
2067 1768 2121 1803 cui
2140 1770 2236 1804 non?

1446 1832 1502 1856 ει.
1535 1818 1732 1855 Ambitione
1745 1822 1886 1855 taetant-
1902 1817 1916 1865 ]
1950 1816 2075 1854 Codex
2092 1816 2231 1854 Salmas.
2253 1819 2291 1854 δε
2309 1816 2405 1855 Rob.

1391 1869 1505 1919 Steph.
1531 1868 1655 1912 editio,
1682 1872 1848 1907 tractum.
1879 1866 2052 1906 Ovidius:

1504 1920 1659 1954 Nominis
1677 1918 1729 1962 ξς
1738 1919 1846 1965 sama
1862 1918 2035 1969 quondam
2052 1917 2184 1966 fulgore
2203 1915 2379 1954 trahebar.

1389 1968 1491 2006 Idem
1510 1983 1520 2005 z
2200 1967 2202 1970 ’

1506 2024 1575 2055 Nec
1595 2018 1714 2054 timide
1723 2023 1882 2066 promitte
1900 2031 1910 2054 ε
1945 2015 2091 2053 trahant
2101 2014 2254 2064 promissa
2268 2017 2407 2064 puellas.

1395 2068 1480 2106 Plin.
1501 2068 1558 2106 lib.
1586 2076 1642 2106 26.
1665 2071 1711 2104 H.
1740 2070 1788 2105 N.
1808 2081 1837 2105 c.
1862 2081 1916 2104 10.
1955 2065 2126 2102 Trahebat
2139 2074 2295 2114 praterea
2318 2080 2410 2103 men-

1393 2128 1440 2156 tes
1467 2119 1609 2167 artificio
1627 2118 1792 2156 mirabili.
1829 2117 1902 2154 Cic.
1915 2129 1979 2169 pro
1996 2116 2141 2154 Archia:
2167 2117 2283 2153 Studio
2298 2117 2412 2155 laudis

1394 2168 1607 2206 trahebatur.
1646 2170 1745 2218 Virg-

1507 2219 1630 2256 Trabit
1637 2218 1705 2267 sua
1722 2231 1884 2268 quemque
1901 2217 2067 2264 voluptas.

1449 2273 1495 2305 Et
1519 2283 1591 2306 rem
1617 2282 1694 2318 gere
1711 2268 1872 2314 feliciter.
1895 2267 1910 2316 ]
1956 2267 2047 2305 Cod.
2068 2266 2173 2305 Salm.
2191 2268 2244 2312 Εἴ
2259 2268 2409 2316 fhliciter

1392 2333 1463 2356 rem
1480 2333 1567 2368 gere.

1449 2369 1619 2409 Tuo-adrat
1640 2367 1833 2417 ῥαθυμίαν]
1873 2366 2275 2420 ὃαὶηιειίῐιιεᾸεὲεηάυηι
2298 2369 2411 2409 censet

1393 2421 1601 2465 ἀποθυμίοιν.
2207 2451 2210 2455 ⁴

1449 2475 1494 2506 Et
1510 2472 1585 2507 dux
1603 2470 1833 2515 νομιμώτατε,
1859 2467 2025 2514 Vale‚&
2044 2471 2207 2507 Ordinem
2224 2468 2409 2517 altivorum

1393 2519 1567 2568 tuorum]
1607 2521 1698 2558 Male
1722 2519 1810 2557 hunc
1833 2519 1951 2557 locum
1968 2519 2125 2572 distingui
2143 2522 2235 2558 reste
2252 2520 2410 2559 viderunt

1392 2572 1598 2614 Glareanus,
1636 2571 1838 2609 Torrentius
1858 2599 1870 2613 ‚
1910 2569 2106 2609 Salmasius.
2162 2576 2207 2606 Et
2228 2570 2261 2607 h.
2281 2571 2303 2609 l.
2326 2570 2409 2608 nihil

1393 2622 1441 2660 est
1460 2621 1523 2658 nifi
1540 2621 1703 2659 indicium
1727 2622 1843 2671 capitis
1860 2621 1944 2658 alius
1961 2621 2110 2671 epistola:
2130 2620 2280 2672 Augusti.
2338 2624 2409 2658 Co·

1389 2671 1477 2724 ,pefii
1498 2672 1599 2716 liber,
1631 2683 1669 2709 ut
1685 2672 1738 2708 alii
1755 2699 1767 2715 ,
1793 2684 1881 2721 quos
1904 2671 2089 2708 Beroaldus
2104 2700 2116 2716 ,
2136 2672 2336 2709 Torrentius
2369 2673 2407 2708 δε

1393 2724 1448 2760 alii
1464 2722 1678 2773 inspexerunt
1690 2738 1700 2760 ι
1712 2728 1797 2758 Dax
1809 2721 2036 2766 εὐβελέςειτε.
2064 2726 2105 2759 In
2117 2722 2274 2770 margine
2283 2719 2408 2758 eadem

1393 2787 1516 2811 manus
1548 2773 1702 2811 vertebat
1721 2787 1731 2810 ε
1782 2776 1868 2807 Dux
1904 2771 2137 2820 confultt'ffime.
2197 2772 2274 2807 Nec
2302 2770 2406 2808 video

1396 2824 1479 2874 quid
1513 2823 1618 2860 causae
1646 2822 1685 2860 sit
1703 2851 1714 2866 ,
1751 2834 1809 2858 cur
1834 2821 2054 2871 repudiemus
2075 2822 2263 2859 lestionem
2282 2819 2410 2858 codicis

1399 2874 1512 2912 Ursini
1530 2903 1542 2917 ,
1583 2877 1622 2912 &
1642 2873 1799 2910 editionis
1819 2874 1864 2908 R.
1882 2872 2063 2920 Stephani:
2101 2870 2262 2906 Ordinem
2290 2870 2410 2914 asti-oo,

1394 2938 1471 2962 rum
1487 2936 1623 2960 tuorum
1643 2931 1696 2972 ego
1714 2935 1811 2964 vero,
1839 2924 1888 2958 mi
1906 2922 2037 2965 Tiberi,
2060 2920 2170 2956 laudo.
2227 2918 2310 2955 Mihi
2329 2919 2409 2958 sane

1393 2975 1506 3024 magis
1541 2973 1665 3012 arridet
1689 2984 1796 3022 quam
1832 2973 1917 3009 abru
1944 2984 2017 3008 tum
2043 2970 2109 3006 hoc
2130 2966 2263 3004 dicendi
2279 2982 2405 3020 genus,

1422 3020 1467 3062 uo
1498 3025 1644 3062 minime
1674 3022 1861 3062 delestatus
1892 3027 1923 3061 el
1957 3019 2124 3069 Augustus
2148 3046 2160 3063 ‚
2202 3015 2228 3053 fi
2245 3021 2410 3062 Suetonio

1428 3075 1499 3114 des.
2365 3119 2371 3125 .

2334 3123 2415 3160 Stve
