2504 3425
213 151 320 219 692
445 141 862 198 'osona
929 124 1976 193 TRANQU1LL1L113,V111‘
2123 122 2284 156 nuc.

2088 165 2321 198 ncoextnx.⁴

223 239 410 288 Saturius
432 237 601 284 decurio
623 231 995 278 cubiculariorum,
1033 225 1076 265 &
1097 219 1268 281 quidam
1295 233 1316 262 e
1342 216 1590 279 gladiatorio
1614 217 1738 274 ludo,
1772 220 2016 267 vulneribus
2037 217 2196 284 septem
2220 237 2330 266 con-

224 304 540 352 trucidaverunt·
611 302 717 342 Puer
738 328 749 349 ,
788 293 860 350 qui
892 303 996 333 curae
1028 286 1198 354 Larium
1228 281 1415 325 cubiculi
1457 297 1508 326 ex
1543 279 1843 328 consuetudine
1877 283 2056 331 assistens
2076 322 2090 344 ,
2135 284 2330 332 interfuit

229 370 356 424 caedi,
388 367 470 412 hoc
491 361 664 422 amplius
685 356 894 407 narrabat,
927 351 966 395 se
985 349 1132 406 jussum
1158 363 1179 391 a
1206 345 1463 391 Domitiano
1481 343 1531 390 ad
1557 346 1739 406 primum
1764 344 1898 392 statim
1923 350 2073 395 vulnus
2096 353 2336 415 pugionem

232 436 408 498 pulvino
434 425 643 474 iubditum
668 420 878 482 porrigere
904 450 918 472 ‚
953 429 999 459 ac
1026 409 1237 458 ministros
1262 425 1432 457 vocare:
1480 425 1617 471 neque
1650 408 1700 454 ad
1735 426 1858 472 caput
1897 411 2124 476 quidquam
2158 429 2339 478 excepto

236 499 382 558 capulo
407 526 421 547 ‚
452 495 495 535 &
520 499 711 548 praeterea
743 482 888 527 omnia
919 477 1052 524 clausa
1086 473 1311 538 reperisse:
1356 488 1481 537 atque
1505 475 1625 519 illum
1648 474 1818 520 interim
1849 490 2040 537 correpto
2073 479 2341 543 deductoque

235 562 284 607 ad
305 571 451 603 terram
475 548 711 612 Stephano,
745 545 1010 591 collufflatum
1035 541 1105 587 diu
1121 575 1133 597 ,
1167 539 1268 585 dum
1295 538 1425 585 modo
1448 536 1607 584 ferrum
1627 552 1872 602 extorquere
1887 575 1901 597 ,
1935 540 2065 585 modo
2090 560 2343 607 quamquam

237 622 393 668 laniatis
425 616 568 678 digitis
590 647 603 669 ‚
636 612 780 657 oculos
813 606 995 655 effodere
1029 621 1214 652 conatur.
1281 602 1459 650 Occisus
1477 602 1537 650 est
1560 620 1675 649 XIII
1692 621 1730 649 1.
1764 603 1944 650 Kalend.
1970 603 2201 663 Octobris,
2232 623 2346 654 anno

239 685 363 734 aetatis
373 683 512 730 XLV.
526 678 699 741 Imperii
720 693 786 723 xv.
823 673 1013 720 Cadaver
1032 677 1118 733 ejus
1127 670 1316 734 populari
1329 667 1532 732 sandapila
1545 685 1618 732 per
1635 667 1884 732 vespillones
1897 683 2160 731 exportatum
2171 704 2191 728 „
2219 670 2349 733 Phyl-

2297 735 2349 781 lis

1379 810 1456 845 An.
1473 816 1520 845 at.
1542 817 1623 846 xtv.
1640 807 1721 856 imp.
1732 805 1815 855 xv.]
1843 811 2029 852 Zonaras,
2047 807 2144 844 Vixit
2160 817 2224 844 an.
2239 815 2354 845 xmv.

1320 868 1358 894 n.
1382 871 1486 897 xxvi.
1513 858 1703 906 Imperavit
1720 870 1753 895 Α.
1767 871 1823 896 xv.
1845 871 1929 899 ΒΝ.

1376 909 1493 957 Popul.
1507 908 1695 957 sandapila
1705 917 1766 956 per
1790 908 2021 958 vespillones.]
2066 912 2119 946 Ut
2135 907 2172 945 hi
2192 908 2250 957 qui
2273 919 2355 957 pro-

1323 969 1396 1015 pter
1415 960 1571 1011 inopiam
1589 959 1726 996 funebri
1749 972 1884 1010 pompa
1914 960 1993 999 duci
2017 958 2218 1011 nequibant.
2267 955 2361 995 Fest..

1324 1023 1358 1045 m
1375 1012 1482 1068 Vespae.
1524 1011 1597 1058 Qti
1615 1022 1736 1047 tamen
1754 1010 1946 1057 vespiliones
1966 1011 2081 1048 scribit
2099 1039 2112 1054 ,
2148 1020 2183 1047 ut
2201 1008 2255 1045 hic
2270 1020 2359 1058 quo·

1325 1073 1392 1107 que
1418 1074 1454 1096 in
1477 1060 1614 1097 duobus
1641 1073 1722 1098 Mss,
1755 1059 1977 1108 vespilliones.
2034 1062 2082 1097 At
2106 1061 2142 1096 in
2170 1057 2359 1096 Pandestis
2385 1084 2400 1089 ›-

1326 1109 1473 1148 Floreut.
1507 1122 1590 1147 nota
1624 1110 1813 1146 litterarum
1847 1110 1867 1146 b
1909 1114 1949 1148 δι
1989 1125 2016 1148 v
2052 1109 2338 1147 transmutatione
2348 1135 2368 1154 ,Α

1146 1212 1152 1219 ⁸
1327 1158 1525 1215 dispelliones
1544 1159 1706 1197 scribitur.
1763 1162 1842 1196 Nec
1864 1160 1984 1198 desunt
2003 1162 2063 1211 qui
2080 1159 2266 1209 bipeiliones
2283 1171 2361 1197 ma-

253 1228 313 1265 ista
332 1225 512 1276 galearum
529 1229 736 1257 ornamenta
752 1244 763 1259 ‚
792 1227 868 1265 quae
885 1226 1055 1250 cornuum
1066 1211 1215 1262 speciem
1228 1223 1280 1247 re·
1329 1207 1390 1245 hm
1409 1237 1421 1253 ,
1446 1221 1482 1246 ut
1500 1208 1608 1247 iidem
1627 1209 1693 1246 sint
1714 1210 1771 1259 qui
1795 1209 1980 1258 verfipelles
2002 1211 2217 1262 appellantur
2233 1240 2251 1255 ‚1
2286 1221 2366 1250 non⁴

252 1278 412 1314 ferebant
429 1301 442 1317 ‚
486 1284 527 1308 ex
557 1282 624 1307 aere
652 1268 708 1307 vel
732 1266 838 1303 ferro.
897 1268 939 1302 In
967 1267 1136 1301 Romana
1161 1261 1282 1299 militia
1331 1269 1407 1296 tam
1426 1258 1570 1305 officio,
1596 1273 1706 1310 quam
1721 1259 1786 1296 alia
1807 1263 1969 1309 quamvis
1985 1261 2191 1311 turpitudine
2216 1260 2365 1299 detesta-

255 1327 362 1368 veteri
383 1323 624 1362 honoratiores
644 1318 788 1361 milites,
816 1314 1107 1364 tribunorumque
1120 1316 1286 1351 &centu-
1337 1309 1430 1349 biles.
1460 1311 1540 1355 JCti
1557 1313 1653 1348 enim
1670 1310 1714 1347 de
1732 1309 1808 1347 solis
1825 1309 1930 1349 servis
1950 1324 1995 1349 eo
2014 1311 2191 1350 vocabulo
2209 1310 2259 1348 ufi
2276 1311 2366 1349 sunt.

254 1380 399 1417 stonum
419 1370 650 1416 beneficiarii,
679 1370 725 1406 ab
753 1368 820 1406 hoc
840 1365 965 1416 insigni
987 1364 1187 1417 galearum,
1213 1376 1285 1414 quo
1337 1362 1499 1412 Denique
1516 1365 1554 1400 δε
1574 1361 1736 1410 vespillo,
1757 1364 1798 1398 ὃς
1815 1360 1971 1411 vespilio,
1999 1365 2040 1400 ὃ(
2061 1361 2199 1410 vispello
2214 1389 2233 1405 ,¹
2255 1364 2295 1399 &
2309 1361 2369 1399 vi-

257 1426 547 1480 dignoscebantur
566 1435 586 1460 a
603 1421 734 1459 caeteris
755 1449 770 1464 ‚
800 1416 1033 1454 Cornicularii
1053 1414 1288 1453 nominaban-
1330 1412 1465 1460 spellio,
1493 1416 1532 1451 δε
1546 1411 1679 1462 vispilio
1696 1412 1865 1451 invenias.
1922 1412 1990 1450 Sed
2014 1412 2149 1461 vespillo
2170 1412 2285 1463 magis
2298 1411 2374 1463 pla·

259 1493 322 1519 tur.
354 1477 423 1517 vid.
449 1475 569 1513 Valer.
589 1477 682 1511 Max.
696 1484 756 1510 v1.
774 1472 909 1525 13Q108
926 1468 1108 1506 Suetonius
1126 1464 1290 1503 corniculo
1341 1473 1407 1502 cet.
1439 1462 1486 1500 fic
1508 1464 1605 1501 enim
1621 1465 1657 1500 in
1672 1464 1778 1501 veteri
1797 1461 1941 1500 denario
1950 1492 1970 1508 ‚.
1989 1477 2032 1510 Q
2046 1474 2261 1501 LucRETIuS
2281 1476 2324 1509 Q
2336 1475 2370 1502 F.

261 1543 389 1570 merere
415 1527 496 1564 dixit
526 1528 561 1562 in
598 1523 713 1561 libello
749 1521 794 1558 de
821 1523 1020 1556 Grammat.
1071 1517 1115 1555 de
1141 1515 1298 1555 Orbilio..
1344 1525 1539 1552 VEspxtto.
1566 1516 1657 1552 &in
1674 1515 1817 1565 antiquo
1836 1512 1957 1551 codice
1979 1517 2023 1553 C.
2041 1513 2187 1552 Caesaris
2203 1513 2263 1552 lib.
2290 1527 2374 1554 111.

261 1586 421 1621 Samis.
446 1578 540 1618 Plin..
559 1576 739 1614 Exercitat.
755 1586 787 1623 p.
805 1577 885 1617 548.
914 1583 1024 1621 quem
1043 1568 1134 1609 vide.
1346 1566 1405 1601 De
1424 1565 1517 1603 bello
1539 1566 1627 1605 civili
1653 1580 1670 1603 :2
1691 1570 1780 1602 Erat
1795 1574 1875 1603 runc
1907 1566 2000 1603 Orici
2027 1567 2201 1604 Lucretius
2226 1564 2375 1614 Vespillo.

1349 1615 1508 1655 Sidonius
1530 1617 1737 1668 Apollinaris
1752 1615 1811 1654 lib.
1827 1630 1856 1653 1.
1884 1615 2067 1667 Epistolar..
2076 1616 2379 1667 sandapilarios&

1348 1667 1540 1716 vespillones
1556 1669 1748 1719 conjungit.
1776 1668 2124 1713 Graecinamyufim
2140 1698 2153 1713 ,
2181 1664 2380 1718 &reupoooi-

1350 1721 1460 1775 usiae,
1483 1722 1520 1756 ὅ(
1537 1719 1758 1770 lompampi-35,
1781 1721 1820 1756 δε
1835 1718 2010 1761 novi-rame
2030 1730 2179 1765 vocant,
2204 1732 2295 1770 quos
2312 1727 2380 1755 nos

1348 1766 1555 1807 hbztinarios
1572 1799 1584 1815 ,
1606 1769 1816 1820 pollinHoros
1833 1798 1846 1812 ,
1881 1767 2100 1818 defignatores
2119 1799 2130 1814 ,
2162 1769 2381 1817 vespillones,

1341 1817 1607 1869 sandapilarios.
1665 1823 1772 1856 Fuere
1792 1822 1833 1855 δε.
1848 1819 2006 1861 Decani,
2030 1821 2089 1868 qui
2116 1820 2153 1854 in
2176 1820 2263 1855 urbe
2281 1820 2381 1854 Con-

1349 1870 1594 1921 stantinopoli,
1624 1867 1884 1906 huinandorum
1913 1867 2123 1908 cadaverum
2140 1880 2262 1908 curam
2281 1879 2382 1918 gere·

1352 1920 1448 1959 bant.
1478 1921 1571 1962 l.1v.
1597 1923 1656 1958 De
1677 1917 1800 1956 sacros.
1828 1916 1953 1956 Ecclefi

1669 1987 1702 2022 C
1730 1998 1752 2023 A
1780 1998 1797 2022 s
1823 1997 1845 2023 Α
1872 1999 1894 2023 u
1917 1998 1937 2022 B
1963 1999 1988 2024 o
2017 1998 2056 2024 N.

1410 2041 1516 2074 Anno
1533 2038 1638 2075 oratis
1655 2048 1735 2076 x-Lv.
1755 2036 1887 2086 imperii
1910 2035 1995 2086 xv.]
2038 2035 2112 2074 Dio
2135 2052 2146 2074 z
2168 2035 2300 2087 ’Ἒζησε
2319 2035 2380 2083 μὲν

1355 2086 1414 2129 ’ἔτη
1435 2087 1588 2137 τέσσαρα
1616 2087 1675 2123 καὶ
1706 2086 1960 2135 τεσσαράκοντα
1978 2116 1991 2132 ,
2023 2088 2131 2133 μῆνοις
2163 2084 2280 2132 Bina,
2318 2088 2382 2125 καὶ

1356 2138 1486 2188 ἡμέρας
1505 2138 1542 2187 ’ἐξ
1557 2138 1616 2175 καὶ
1631 2137 1986 2187 εἐ’κοσ·ιν·ἔμονοίρχησ-ε
2003 2137 2040 2175 δὲ
2055 2137 2111 2179 ’ἐτη
2130 2135 2387 2175 πεντεκαίδεκα

1358 2190 1419 2225 καὶ
1438 2188 1563 2238 ἡμέρας
1580 2189 1693 2227 πέντε.
1721 2190 1869 2239 imperio
1878 2189 1972 2226 addit
1991 2191 2076 2227 octo
2085 2188 2232 2239 amplius
2250 2187 2387 2228 menses

1359 2239 1528 2278 Clemens
1553 2239 1812 2278 Alexandrinus.
1859 2240 1954 2277 aliter
1970 2240 2024 2278 alii
2048 2254 2067 2278 ε.
2092 2253 2170 2291 qua:
2195 2247 2396 2286 atmotentj,

1361 2291 1485 2340 quibus
1519 2303 1638 2342 operae
1659 2291 1707 2328 est
1726 2293 1974 2335 λεπἹολογεῖν,,
2158 2292 2161 2299 “

1725 2357 2014 2392 VAR10R.

244 823 445 860 Domitiano
463 818 620 866 Principe
631 823 692 865 pro
716 809 897 858 confcffione
916 810 1061 848 nominis
1076 804 1264 852 Christiani

242 875 366 911 Flavia
383 869 563 908 Domitillae
579 864 778 904 nobilitavit
789 861 941 912 exfiliam
954 876 964 896 :
990 859 1177 908 vidensque
1188 868 1267 893 cau-

243 925 319 968 las,
347 924 386 959 in
403 920 523 971 quibus
540 917 603 956 illa
620 917 755 964 longum
773 912 982 962 martyrium
1001 912 1169 952 duxerat,
1195 911 1265 944 &c.

247 977 431 1020 JosEt’Hus
451 974 664 1008 SCALIGER.

301 1021 529 1072 Fascizfique]
562 1018 686 1055 Codex
706 1013 845 1053 Salmas.
865 1012 1063 1062 fafteifique.

303 1074 490 1110 Clodianus
523 1066 806 1111 cornicularius.]
862 1063 1047 1100 Cornicula
1074 1063 1161 1098 inter
1182 1059 1276 1096 dona

249 1125 411 1165 militaria
437 1122 567 1159 virtutis
598 1131 682 1169 ergo
714 1114 862 1153 conferri
900 1112 997 1150 solita
1026 1111 1121 1149 fiiiffe
1159 1112 1276 1149 Livius

252 1174 421 1225 fignificat
440 1171 499 1209 lib.
517 1185 549 1207 x.
580 1181 723 1218 cap-44·
782 1168 928 1202 Fuerunt
955 1174 1074 1199 autem
1102 1160 1278 1199 cornicula

597 1648 969 1682 ToRRENT.

319 1710 476 1746 Saturius
493 1707 624 1743 decurio
642 1702 936 1742 cubiculariorum.
956 1698 973 1748 ]
995 1702 1081 1737 Sunt
1100 1699 1158 1750 qui
1168 1700 1300 1735 Satrius

266 1761 395 1810 legunt.
424 1771 510 1796 nam
542 1761 580 1794 ὃ(
607 1755 701 1806 apud
720 1755 934 1791 Ciceronem
950 1751 1011 1788 lib.
1040 1765 1119 1790 ιιι.
1155 1753 1214 1786 De
1230 1747 1296 1786 off.

272 1821 429 1861 corrupte
443 1811 479 1846 in
496 1807 644 1858 vulgatis
653 1804 907 1856 exemplaribus
923 1802 1071 1838 §azirius
1090 1815 1154 1851 pro
1167 1800 1301 1836 Satrius

272 1862 437 1898 scribitur.
493 1863 535 1896 Et
572 1859 679 1895 Satria
717 1856 861 1906 quidem
894 1866 980 1904 gens
1023 1855 1194 1890 Romana
1229 1849 1305 1893 est,

274 1911 366 1948 unde
393 1922 598 1960 cognomen
620 1908 816 1949 Sati-ionius,
849 1906 917 1942 hoc
944 1904 1024 1941 loco
1053 1915 1175 1940 tamen
1202 1905 1302 1937 Satu-

275 1963 347 1999 rius
364 1962 520 2003 retineo,
553 1971 610 1996 aut
629 1965 770 1995 Saturus
788 1956 910 1993 scribo.
939 1955 1077 1991 servum
1095 1955 1190 1990 enim
1206 1981 1218 1996 ,
1244 1962 1302 1988 aut

276 2012 440 2049 libertum
470 2008 654 2060 fignificat.
712 2007 845 2044 Saturio
883 2006 962 2042 sane
1000 2005 1140 2055 elegans
1168 2001 1304 2054 parasiti

279 2076 416 2101 nomen
439 2060 487 2098 est
506 2060 594 2110 apud
611 2059 774 2096 Plautum
791 2056 901 2093 Persa.
961 2056 1154 2106 Xiphilinus
1173 2058 1213 2092 ὃς
1232 2057 1306 2090 Ζο-

280 2126 382 2151 naras
398 2111 584 2150 Parthenio
611 2112 769 2160 Sigerum
787 2136 800 2152 ,
836 2110 875 2144 ὃ(
893 2104 1004 2157 ipsum
1031 2105 1277 2144 cubicularium
1295 2132 1308 2148 ,

280 2178 388 2215 quem
403 2162 578 2211 πρέποι-τον
594 2172 746 2204 vocant,
776 2157 978 2207 adjungunt.
1008 2157 1231 2193 Decurionem
1250 2167 1309 2192 au-

282 2228 355 2253 tern
373 2213 655 2252 cubiculariorum
670 2221 774 2250 vocat
783 2212 925 2246 Sueton.
953 2206 1062 2256 quiad
1079 2206 1205 2244 militiae
1216 2204 1309 2242 fimi-

285 2266 465 2305 litudinem
515 2265 577 2301 arti
595 2263 693 2300 alicui
720 2259 1010 2298 cubiculariorum
1037 2257 1180 2308 praefuit.
1227 2268 1311 2293 nam

286 2318 452 2354 omnibus
495 2314 580 2352 imul
605 2312 808 2365 praefestum
839 2307 936 2347 fuiffe
960 2310 1182 2345 Parthenium
1207 2306 1315 2344 credi-

288 2370 399 2405 derim
420 2397 433 2412 ,
469 2368 526 2415 qui
552 2366 657 2402 etiam
675 2363 777 2415 gladii
791 2360 946 2413 gestandi
973 2360 1148 2397 honorem
1171 2357 1315 2409 adeptus

286 2420 407 2456 fuerat.
466 2415 580 2454 Exstat
597 2420 725 2453 Rornae
743 2415 778 2451 in
797 2413 903 2450 hortis
919 2410 1110 2448 cardinalis
1130 2406 1315 2460 Carpenfis

291 2471 364 2507 haec
387 2468 557 2518 inscriptio
577 2482 597 2505 :-
619 2477 882 2504 T1..CLAun1us
906 2473 993 2500 AuG.
1025 2474 1058 2499 Ι..
1087 2471 1313 2507 QJADRATus

292 2532 463 2558 uacuam
493 2527 814 2555 LECTICARioRUM
848 2524 1084 2551 BRITANNICI
1105 2525 1182 2549 vix.
1204 2524 1238 2547 Α.
1258 2522 1315 2546 Lx.

290 2572 516 2609 Recentiores
530 2567 602 2605 fere
622 2574 772 2605 Decanos
788 2576 936 2608 vocant,
965 2574 1001 2600 ut
1020 2562 1106 2600 olim
1123 2574 1262 2613 quoque
1281 2561 1317 2597 in

292 2622 509 2659 monasteriis
536 2626 688 2656 Deccmos
719 2618 909 2668 appellatos
937 2612 1058 2658 fuisse,
1109 2615 1168 2664 qui
1192 2613 1317 2650 decem

293 2673 475 2709 monachis
495 2682 663 2720 praeerant
684 2668 889 2720 Augustinus
904 2664 1005 2703 tradit
1024 2665 1094 2704 lib..
1122 2668 1181 2702 De
1210 2663 1319 2701 mori-

297 2724 359 2759 bus
383 2722 670 2759 Manichaeorum.

351 2777 478 2809 Omnia
493 2772 616 2820 clausa.
635 2773 650 2819 ]
684 2771 790 2808 Liber
806 2782 905 2809 vetus
915 2768 1029 2817 clausa
1037 2767 1218 2810 omnia‚&
1234 2779 1322 2803 mox

298 2832 427 2869 arrepto
447 2836 507 2871 pro
527 2832 678 2868 correpto.
737 2821 950 2871 Stephanum
968 2831 1054 2857 vero
1073 2817 1118 2854 ab
1133 2818 1172 2854 iis
1187 2818 1244 2867 qui
1263 2831 1322 2854 ne-

298 2873 353 2909 scii
371 2873 613 2915 conjurationis
631 2884 844 2909 accurrerant
864 2901 875 2916 ,
910 2870 1063 2908 occisum
1085 2865 1182 2906 fuiffe
1208 2867 1322 2905 scribit

300 2928 468 2959 Zonaras.
496 2924 624 2957 Mirum
642 2936 780 2973 quoque
805 2922 900 2973 quod
917 2921 960 2958 de
982 2919 1173 2971 Apollonio
1201 2918 1317 2969 lehi-

300 2974 356 3009 lin.
389 2977 428 3008 &c
448 2970 664 3007 Philostratus
682 2973 859 3010 lib.V111.
884 2971 1076 3013 tradidere,
1103 2968 1317 3021 cumEphesi

301 3023 382 3060 essct
401 3051 413 3065 ,
452 3021 539 3057 hanc
561 3034 645 3058 eum
662 3020 777 3063 vidiffe
797 3023 930 3063 caedem
946 3050 958 3069 ,
996 3024 1035 3060 ὃς
1053 3020 1215 3072 Stephani
1234 3034 1316 3060 cum

304 3085 448 3125 tyranno
466 3072 608 3111 ludam.

1418 2408 1576 2443 Saturius
1592 2405 1767 2452 decuria]
1809 2404 1935 2442 Codex
1955 2401 2098 2447 Salmas:
2124 2409 2226 2441 Satur
2245 2404 2397 2444 decurio-⁷

1364 2457 1436 2494 Pal.
1459 2456 1523 2495 sec.
1552 2461 1662 2494 Sator.
1706 2458 1793 2494 Mox
1817 2455 1913 2493 idem
1940 2454 2100 2493 sollemni
2128 2456 2295 2492 Suetonio
2314 2454 2390 2505 syn-

1366 2521 1454 2558 cope
1473 2507 1764 2545 contrucidarunt.
1799 2518 1836 2544 ut
1856 2506 1972 2556 paullo
1991 2505 2093 2558 post:
2126 2506 2304 2543 educarat.
2350 2507 2392 2543 δε

1368 2558 1506 2598 statim:
1535 2572 1614 2596 cura
1636 2558 1754 2595 larum
1774 2571 1838 2609 pro
1857 2558 2008 2595 larium..

1425 2617 1542 2661 Neque
1560 2611 1609 2646 ad
1629 2617 1726 2658 caput
1737 2607 1963 2659 quidquam.]
1994 2606 2036 2646 Id
2048 2606 2096 2644 est
2107 2634 2119 2651 ‚
2140 2604 2185 2642 ad
2195 2605 2400 2656 pulvinum..

1370 2662 1405 2698 in
1423 2675 1495 2713 quo
1516 2661 1583 2699 scil.
1602 2661 1777 2712 reponitur
1788 2671 1902 2711 caput.
1939 2672 1960 2696 a
1986 2667 2085 2708 caput
2102 2656 2176 2694 sunt
2191 2653 2334 2703 capitale
2350 2658 2393 2693 &

1370 2723 1538 2763 mpetum,
1565 2711 1656 2749 unde
1678 2711 1831 2761 vulgaria
1848 2709 2029 2761 capezzale
2048 2708 2184 2750 nance,
2210 2704 2393 2745 &Gallice

1371 2763 1501 2803 chevet.
1540 2767 1675 2807 Gchr.

1425 2821 1546 2866 Atque
1556 2814 1657 2851 illum
1677 2813 1818 2851 interim
1838 2820 1979 2862 correpto
1995 2810 2197 2859 deductoque
2205 2808 2253 2844 ad
2261 2817 2394 2845 terram

1369 2865 1575 2916 Stephano.]
1603 2863 1785 2902 Palam-es
1793 2873 1947 2913 arrepto,
1966 2875 2040 2900 non
2055 2867 2209 2907 correpto.
2222 2871 2286 2894 nec
2295 2859 2391 2896 aliter

1369 2919 1502 2958 videtur
1516 2915 1609 2955 fuiffe
1623 2917 1658 2952 in
1677 2917 1796 2965 primis
1813 2915 2020 2953 editionibus
2034 2939 2046 2955 ,
2073 2921 2220 2960 quarum
2230 2908 2393 2959 quaedam

1369 2971 1510 3006 arreffio.
1541 2971 1760 3005 GRUTERuS.

1425 3016 1650 3067 Vespillones]
1679 3014 1888 3056 Cod.Salm.
1907 3011 2106 3065 vespillonis.
2134 3010 2233 3051 idem
2249 3010 2388 3063 Phyllix

1358 3083 1437 3120 ,pro
1453 3069 1611 3118 Phyllis..

2241 3114 2403 3153 'Bon--
