2504 3425
579 104 1778 197 OCAEsARCAtxouLA-
2123 161 2227 217 379

128 233 187 278 tis
217 230 262 276 in
295 228 470 273 Curiam
496 226 644 283 turbae,
681 230 793 276 irrita
817 230 988 278 Tiberii
1009 234 1245 290 voluntate,
1282 234 1354 295 qui
1389 231 1633 280 testamento
1666 231 1841 277 alterum
1874 245 2074 292 nepotem
2105 230 2223 279 suum

131 305 410 356 praetextatum
434 290 567 337 adhuc
592 291 839 339 coheredem
864 297 905 340 ei
931 297 1120 353 dederat,
1154 303 1217 355 jus
1251 298 1555 360 arbitriumque
1589 297 1784 341 omnium
1806 311 1942 341 rerum
1964 291 2025 340 illi
2051 298 2226 358 permis-

130 359 219 404 sum
242 354 327 411 est,
365 370 475 401 tanta
497 355 662 418 publica
683 358 846 414 laetitia‚
880 376 925 405 ut
949 361 1082 406 tribus
1106 362 1304 423 proximis
1327 360 1562 417 mensibus,
1604 376 1647 406 ac
1674 376 1726 404 ne
1747 361 1846 406 totis
1870 359 2071 422 quidem,
2108 358 2224 423 supra

131 434 302 466 centum
322 417 527 482 sexaginta
561 421 674 466 milia
707 423 965 470 vietimamm
1001 424 1096 471 caesa
1129 425 1348 472 tradantur.
1418 426 1534 470 Cum
1559 424 1710 472 deinde
1744 432 1896 486 paucos
1930 421 2023 485 post
2056 423 2144 468 dies
2178 427 2223 471 in

135 485 344 547 proximas
379 485 620 546 Campaniae
653 486 802 530 insulas
832 487 1068 545 trajecisset,
1126 503 1221 535 vota
1254 506 1330 550 pro
1364 488 1499 534 reditu
1529 487 1709 550 suscepta
1743 486 1869 533 su‘nt:
1915 504 1968 532 ne
2003 487 2223 535 minimam

129 548 306 611 quidem
327 548 587 594 occasionem
608 565 822 612 quoquam
846 553 1068 597 omittente
1089 555 1132 598 in
1155 553 1411 598 testificanda
1434 552 1696 598 solicitudine
1726 557 1770 597 &
1797 569 1893 614 cura
1920 551 1972 597 de
1995 551 2227 599 incolumi-

130 626 211 657 tate
240 616 340 670 ejus.
404 612 474 657 Ut
496 629 594 658 vero
618 614 660 657 in
677 612 884 660 adversam
907 616 1188 662 valetudinem
1210 617 1382 670 incidit,
1419 615 1758 676 pernotPcantibus
1779 617 1939 661 cunetis
1965 617 2071 662 circa
2106 619 2227 664 Pala-

128 677 259 731 tium,
293 693 382 722 non
407 674 632 722 defuerunt
654 679 727 738 qui
749 678 1057 739 depugnaturos
1082 679 1120 725 se
1139 682 1263 725 armis
1281 697 1356 741 pro
1381 679 1505 724 salute
1532 682 1653 743 aegri,
1691 681 1851 741 quique
1873 679 2083 742 capitasua
2097 683 2218 727 titulo

123 740 338 803 proposito
363 754 573 789 voverent.

122 877 295 914 mulmans
316 876 432 919 turba,
461 887 567 926 quam
586 874 794 925 probabilius
813 877 881 922 est,
920 877 1005 915 dum
1028 891 1140 928 patres

120 927 329 969 deliberant,
355 926 400 962 ad
418 924 509 962 fores
529 928 630 962 curia:
649 925 806 963 mansisse
830 942 840 964 :
869 941 956 965 mox
969 957 980 972 ‚
1007 928 1139 966 facium

121 977 299 1015 decretum
322 975 483 1028 applausu
502 979 539 1013 δε
557 975 867 1015 acclamationibus
885 980 1026 1029 magnis
1045 993 1141 1016 exce-

117 1026 212 1078 piffe.

480 1089 517 1124 V
545 1099 616 1136 aaz
642 1099 656 1123 1
685 1099 710 1124 0
733 1099 769 1124 R.

174 1141 276 1186 Super
287 1136 407 1185 fausta
423 1132 600 1185 nominni]
632 1138 749 1175 Invitis
767 1138 933 1176 omnibus
951 1137 1079 1189 scriptis
1097 1138 1143 1175 le-

114 1199 167 1238 go
182 1217 193 1232 ,
210 1188 329 1235 fausta
347 1200 473 1225 omma.
505 1191 544 1224 ὅ(
563 1187 644 1225 illud
662 1190 696 1224 in
714 1188 770 1226 tali
788 1202 824 1225 re
844 1188 994 1226 insolens
1012 1193 1049 1226 ὅ(
1068 1202 1140 1226 non

119 1240 283 1276 Latinum
301 1250 400 1288 puto.
457 1239 639 1285 Εὐφημίου
665 1239 864 1288 suntfausta
885 1241 1000 1277 omina
1016 1269 1028 1285 ,
1066 1253 1140 1278 non

109 1289 229 1338 fausta
246 1290 398 1328 nomina.
427 1292 666 1327 GRONovuJS.

443 1362 477 1396 T
506 1372 529 1395 o
560 1371 581 1395 ιι
614 1371 635 1394 R
666 1368 688 1395 Ε
717 1371 742 1395 N
773 1370 809 1396 T.

626 1410 789 1446 Alterum
813 1406 996 1456 nepotem]
1037 1409 1146 1444 Natu-

572 1459 681 1496 ralem
703 1471 854 1509 nempe,
893 1457 995 1494 Drufi
1014 1455 1145 1500 filium,

572 1510 762 1546 Tiberium
783 1537 795 1552 ,
838 1508 1055 1557 cognomine
1080 1511 1149 1544 Ge-

511 1582 525 1611 '-
571 1559 715 1596 mellum
731 1588 743 1602 ‚
773 1570 809 1595 ut
823 1557 954 1596 volum.
1009 1562 1051 1595 Et
1066 1557 1146 1595 sane

461 1603 469 1618 ¹
512 1616 525 1662 ξ
570 1610 761 1661 gemellum
781 1607 875 1646 fuisse
889 1637 901 1651 ,
939 1608 1146 1645 numifinata

502 1680 514 1689 -
570 1661 731 1710 quaedam
756 1672 844 1696 aerea
865 1657 969 1695 Drusi
985 1687 998 1701 ,
1039 1659 1146 1696 Tibe-

571 1712 610 1747 rii
628 1709 708 1754 filii,
735 1709 952 1753 attestantur,
977 1709 1040 1745 hac
1058 1710 1146 1746 ima-

573 1762 665 1811 gine.

622 1809 825 1847 coheredem
833 1811 863 1847 ei
877 1809 1146 1859 dederat.]Di0n

120 1863 217 1899 initio
234 1861 292 1899 lib.
305 1874 384 1899 Lxx.
412 1874 558 1911 puerum
579 1862 668 1898 hunc
684 1862 740 1900 avi
769 1861 978 1898 testamento
1007 1863 1143 1912 imperii

117 1911 343 1949 successorem
377 1913 534 1950 relifitum
572 1912 695 1949 scribit.
754 1911 862 1959 Quod
894 1911 1140 1950 testamentum

117 1974 236 1999 tamen
253 1965 359 2009 Caius
378 1975 399 1999 a
417 1962 534 2001 senatu
561 1963 709 2000 subverti
737 1963 935 2005 curaverit,
971 1974 1140 2013 tan-quam

117 2026 137 2049 a
159 2027 231 2050 non
260 2013 348 2050 sanae
375 2015 502 2050 mentis
530 2013 673 2051 homine
701 2013 907 2056 conditum,
953 2014 983 2048 ei
1012 2026 1140 2064 nempe

114 2065 298 2115 imperium
319 2063 516 2108 deferente,
541 2066 598 2116 qui
626 2077 670 2100 ne
689 2064 723 2099 in
753 2064 896 2099 Curiam
915 2062 1057 2113 quidem
1083 2078 1142 2115 per

114 2126 253 2152 aetatem
284 2115 418 2161 venire
435 2114 552 2165 posset.
614 2112 838 2150 Coheredem
871 2113 970 2162 igitur
1005 2114 1141 2154 videtui·

115 2165 283 2217 appellare
301 2169 440 2203 Sueton.
476 2179 558 2202 eum
580 2194 590 2208 ,
620 2166 678 2215 qui
710 2165 807 2201 heres
844 2163 986 2214 quidem
1013 2167 1138 2217 &ipse

116 2214 253 2272 scriptus
272 2215 341 2260 siti,
385 2216 443 2253 sed
460 2215 610 2254 secundo
628 2216 709 2253 loco
725 2244 737 2259 ‚
777 2212 802 2250 fi
825 2214 907 2265 quid
930 2214 1025 2252 alteri
1052 2220 1138 2254 acci-

114 2265 225 2304 disiet.

166 2323 420 2365 Depugnaturos
429 2317 467 2366 se
485 2318 632 2365 armis.]
664 2320 730 2354 Par
748 2317 1138 2368 omnium,quivelde-

112 2367 305 2418 pugnando
325 2369 430 2405 armis
447 2397 457 2410 ,
507 2369 564 2406 vel
582 2381 784 2418 quacunque
812 2368 875 2403 alia
900 2370 1033 2405 ratione
1060 2383 1138 2407 nio-

116 2418 237 2454 riendo
253 2417 309 2454 sua
330 2431 393 2467 pro
412 2418 543 2455 alterius
563 2419 664 2456 salute
676 2421 751 2455 Diis
768 2418 929 2455 Manibus
950 2420 1060 2468 capita
1078 2421 1138 2456 de-

115 2479 316 2512 voverunt,
336 2468 469 2505 stultitia
486 2469 555 2512 est,
592 2468 687 2519 quasi
704 2482 789 2508 vero
810 2469 944 2506 alterius
959 2469 1029 2506 fata
1049 2471 1137 2508 subi-

117 2533 155 2556 re
178 2517 320 2569 possent.
377 2519 675 2569 Minusculpandi,
704 2521 761 2570 qui
786 2522 914 2556 amoris
931 2521 1136 2570 impotentia

116 2571 238 2606 amicis
256 2570 325 2607 vita
342 2566 468 2606 funeris
495 2569 681 2619 superstites
704 2568 769 2608 esse
794 2569 944 2614 nolunt,
989 2582 1023 2607 ut
1049 2572 1136 2609 olim

117 2621 263 2658 Soldurii
283 2619 372 2670 apud
394 2619 522 2657 Gallos.
580 2619 646 2655 Sed
667 2619 733 2656 hoc
756 2632 850 2656 extra
867 2634 954 2657 rem.

169 2670 279 2707 Titulo
289 2670 488 2719 propofit0.]
534 2670 671 2707 Publice
687 2682 815 2718 nempe
833 2699 845 2712 ,
884 2682 919 2706 ut
938 2684 1046 2708 nemo
1062 2675 1136 2718 ejus

116 2722 190 2758 voti
208 2734 287 2758 reos
304 2719 370 2757 esse
389 2722 576 2770 ignoraret.
605 2720 639 2756 id
659 2720 754 2756 enim
761 2729 938 2768 proponere
955 2720 1136 2771 fignificat.

119 2774 198 2822 Sup.
223 2771 303 2809 Tib.
330 2783 409 2821 cap.
426 2783 577 2809 xtvili.
607 2774 644 2807 δε
667 2783 750 2806 mox
770 2782 844 2821 cap.
863 2784 943 2808 xvi.
979 2774 1136 2810 Rationes

121 2822 257 2869 Imperii
274 2850 286 2864 ,
318 2822 361 2858 ab
387 2821 537 2870 Augusto
556 2822 691 2870 proponi
707 2820 822 2868 solinu
841 2848 853 2862 ,
882 2822 945 2869 sed
967 2833 991 2856 a
1009 2822 1135 2859 Tiberio

119 2871 319 2918 intermzffiu
337 2899 348 2914 ,
381 2873 586 2920 publicavit.
644 2874 701 2907 De
720 2882 886 2907 votorum
917 2883 1003 2907 vero
1028 2872 1138 2910 solen-

120 2923 224 2958 nitate
245 2950 257 2964 ‚
301 2921 380 2959 vide
415 2936 491 2972 quae
526 2923 723 2959 notavimus
762 2922 850 2969 Aug.
890 2932 965 2970 cap.
1003 2935 1090 2959 xiv]
1105 2939 1132 2961 1.

119 2973 216 3009 Dion
235 2970 393 3009 addidiss'e
410 2985 496 3009 voto
515 2972 749 3018 jusjurandum
767 2971 898 3014 scribit,
929 2973 1135 3023 coastosque

121 3022 237 3107 plostea
251 3034 271 3058 a
291 3025 381 3071 Cajo
401 3023 560 3074 praestare
579 3021 782 3075 promissum
799 3051 812 3066 ,
836 3035 880 3060 ne
899 3024 1049 3073 perjurio
1065 3024 1133 3061 icse

120 3085 131 3107 1
156 3083 293 3121 igarent.

640 739 820 786 Accessit
853 741 903 787 ad
936 742 1191 790 immensum
1226 745 1384 790 civium
1417 760 1603 791 amorem
1637 743 1832 790 notabilis
1863 758 1991 790 etiam
2023 759 2222 792 externo-

2125 827 2217 857 rum

1510 874 1907 918 CAsAu'Bot«.

1246 957 1408 1000 Nepotem
1417 954 1520 1002 fiawn
1538 953 1731 997 coheredem
1750 952 1779 989 ei
1790 951 1972 998 dederam]
2022 951 2078 988 An
2104 951 2217 989 bono-

1192 1016 1270 1040 rum
1287 1016 1422 1041 tantum
1442 1005 1573 1041 Tiberii
1595 1003 1783 1040 coheredes
1801 1002 1874 1040 sunt
1891 1002 2019 1045 relicti,
2048 1015 2093 1040 ari
2111 1005 2218 1041 etiam

1192 1054 1350 1104 imperii?
1381 1068 1453 1091 non
1473 1066 1605 1092 temere
1622 1055 1806 1105 quaerimus
1827 1069 1835 1090 :
1875 1053 2033 1091 videntur
2051 1055 2147 1090 enim
2168 1055 2218 1090 iu-

1191 1115 1242 1142 ter
1258 1105 1290 1141 se
1310 1118 1382 1142 non
1399 1106 1590 1143 consentire
1606 1117 1739 1143 veteres
1753 1105 1940 1155 scriptores.
1994 1105 2067 1141 Dio
2077 1104 2221 1154 quidem

1192 1156 1289 1193 initio
1303 1156 1378 1193 libri
1395 1169 1501 1195 tiit.
1533 1157 1652 1206 nepoti
1680 1156 1843 1193 traditum
1868 1155 2055 1205 imperium
2083 1154 2217 1198 sci-ibit.

1192 1208 1243 1252 τῷ
1271 1204 1418 1255 Τιζερίῳ
1453 1208 1505 1253 τῷ
1534 1207 1666 1253 ἐγγόνῳ
1699 1206 1754 1247 τήν
1795 1205 1993 1253 ἀυταρχιόιν
2033 1205 2218 1242 κατέλιπε..

1194 1257 1404 1295 contrarium
1414 1256 1568 1295 affirmat
1579 1257 1746 1308 Josephus
1757 1271 1767 1295 ι
1784 1257 1875 1308 apud
1885 1269 1992 1307 quem
2003 1258 2093 1303 Caio
2102 1270 2214 1308 remp,

1192 1308 1381 1346 committit
1405 1308 1565 1347 Tiberius
1591 1310 1746 1345 moriens
1763 1337 1774 1352 ,
1819 1311 1857 1344 ὅ(
1876 1307 1924 1344 his
1951 1306 2066 1345 verbis
2091 1308 2218 1346 utitur:

1195 1354 1224 1393 εἷ
1247 1362 1317 1396 παῖ
1335 1388 1347 1402 ,
1384 1360 1443 1396 καὶ
1464 1359 1531 1409 πὲξ
1550 1376 1607 1403 μοι
1623 1357 1858 1406 coamens-ipe
1876 1354 2020 1405 Τιζερίε
2041 1357 2059 1397 ἦ
2078 1358 2170 1393 noa-10⁸2
2179 1358 2217 1395 σὲ

1196 1408 1306 1454 ’σ’ντος,
1337 1408 1392 1446 σοὶ
1411 1409 1517 1459 φέρων
1540 1409 1729 1460 ἐγχειρίζω
1749 1407 1805 1451 τήν
1825 1408 2001 1454 Ῥωμαίων
2022 1406 2219 1452 ἦγεμονῖαν.

1197 1462 1328 1512 utrique
1345 1462 1644 1498 communicatum
1663 1460 1765 1498 tradit
1781 1459 1900 1503 Philo,
1930 1457 2063 1507 τὸνγὲις
2082 1459 2222 1505 aive-,lab

1197 1510 1258 1546 καὶ
1274 1511 1413 1548 nonam
1433 1511 1697 1557 ἀπολειφθέντα
1708 1513 1764 1552 τῆς
1782 1511 1893 1558 cippis
1913 1509 2040 1552 κ7είνει.
2059 1509 2217 1550 &scribit

1196 1560 1313 1605 idem,
1340 1560 1367 1597 fi
1387 1561 1573 1611 paullulum
1591 1559 1764 1601 advixisset
1783 1561 1943 1597 Tiberius
1958 1589 1970 1603 ,
2000 1572 2217 1601 mutaturum

1194 1609 1312 1655 fiiiffe,
1350 1624 1390 1648 ac
1407 1611 1540 1649 sublato
1560 1614 1651 1659 Caio
1675 1611 1788 1649 solum
1812 1610 1977 1647 heredem
2001 1612 2138 1661 imperii
2161 1625 2214 1648 re-

1196 1660 1353 1698 listurum
1385 1661 1482 1700 suum
1508 1674 1688 1713 nepotem.
1745 1661 1932 1698 Philonem
1959 1660 2107 1699 arbitror
2135 1674 2216 1699 vera

1197 1710 1310 1748 dicere
1328 1742 1339 1756 ‚
1374 1715 1431 1763 qui
1450 1727 1531 1750 cum
1550 1716 1589 1750 iis
1608 1711 1824 1764 temporibus
1840 1712 1961 1750 vixerit
1975 1740 1987 1755 ,
2025 1715 2063 1748 ὅ(
2083 1715 2214 1750 Romae

1199 1764 1305 1799 etiam
1325 1765 1404 1810 Caji
1422 1765 1635 1814 temporibus
1656 1763 1695 1800 fit
1715 1763 1864 1803 versatus
1881 1791 1894 1806 ,
1936 1763 2096 1813 ignorare
2119 1764 2215 1812 quod

1197 1811 1330 1851 factum
1349 1826 1449 1857 erat,
1497 1828 1570 1852 non
1589 1817 1711 1864 potuit.
1754 1824 1859 1863 quare
1895 1813 2216 1861 interpretationem

1195 1866 1290 1907 vocis
1315 1864 1504 1902 coheredem
1522 1894 1534 1909 ,
1583 1878 1691 1915 quain
1724 1863 1869 1913 quidam
1907 1861 2056 1899 afferunt
2072 1891 2084 1905 ‚
2141 1876 2216 1902 non

1196 1915 1320 1963 probo.
1376 1929 1490 1966 neque
1521 1915 1602 1952 sane
1627 1914 1763 1952 aversus
1780 1915 1855 1950 Dio
1879 1912 1924 1949 ab
1943 1912 2008 1948 hac
2027 1912 2214 1958 sententia,

1193 1967 1249 2015 qui
1268 1966 1418 2003 delatam
1450 1968 1540 2011 Cajo
1566 1964 1819 2003 successionem
1844 1963 1980 2015 imperii
2011 1973 2032 1999 a
2067 1963 2216 2005 Tiberio

1191 2016 1271 2053 alibi
1290 2016 1448 2068 expreffis
1462 2016 1575 2054 verbis
1589 2016 1716 2054 scribit.

1244 2071 1351 2115 Supra
1376 2077 1509 2104 centum
1525 2067 1710 2116 sexaginta
1739 2064 1854 2102 millia
1882 2065 2109 2103 winimarum
2138 2065 2214 2115 cesa

1189 2116 1414 2165 tranianum]
1451 2117 1566 2153 Minus
1583 2117 1763 2154 mirabitur
1780 2144 1793 2160 ,
1824 2117 1887 2168 flui
1908 2115 2036 2154 horum
2058 2115 2211 2156 Philonis

1190 2167 1381 2205 verborum
1408 2169 1636 2206 meminerit:
1675 2165 1792 2204 Ὀυὲὲν
1817 2171 1852 2207 ἦν
1878 2165 1958 2203 ι’ἕεῖν
1982 2167 2087 2216 ἕτερον
2116 2169 2209 2205 κατὰ

1190 2218 1330 2260 πόλεις,
1360 2216 1520 2263 ἦβωμές
1539 2247 1550 2261 ,
1578 2218 1702 2266 ἱερεῖα,
1732 2217 1879 2260 θυσίαις,
1909 2220 2210 2264 λευχειμονὲντοις,

1190 2267 1445 2314 ἐςεφοινωμένες
1465 2298 1478 2313 ,
1512 2268 1662 2318 φαιδρές
1679 2297 1691 2312 ‚
1731 2267 1894 2311 εὐμένειαν
1925 2267 1959 2314 ἐξ
1987 2268 2110 2316 ἱλαρᾶς
2149 2270 2209 2311 τῆς

1190 2318 1304 2364 ’ὅψεως
1326 2321 1595 2363 προφαίνοντοις,
1618 2318 1730 2369 ἑορτὰς
1746 2348 1758 2362 ,
1786 2317 1985 2362 πανηγύρεις
2005 2348 2016 2362 ,
2050 2317 2210 2361 pega-maie

1189 2372 1350 2414 ἀγῶνοις,
1369 2369 1625 2419 ἱπποδρομίαις,
1645 2371 1785 2413 >cois-489,
1808 2367 2025 2415 παννυχίδας
2047 2369 2123 2412 μεΤ
2146 2372 2207 2406 ἆυ-

1188 2423 1254 2457 λῶν
1273 2422 1332 2457 καὶ
1351 2420 1518 2467 κιθάραις,
1538 2421 1698 2469 τέρψεις,
1717 2420 1866 2462 ἀνέσεις,
1887 2417 2104 2466 ἐκεχειρίας,
2124 2435 2207 2458 παι-

1188 2471 1286 2512 τοιάς
1306 2470 1500 2512 2‘30v0243'102
1525 2473 1639 2511 πάσης
1667 2469 1873 2509 αἰσθήσεως.
1931 2469 2072 2506 Ibidem
2096 2470 2207 2509 habes

1187 2522 1230 2558 de
1249 2522 1380 2560 moi-'00
1399 2524 1475 2568 Caii
1499 2551 1509 2565 ‚
1553 2536 1629 2573 quae
1659 2534 1733 2558 non
1753 2519 1825 2557 fine
1842 2518 1955 2557 fiuetu
1974 2519 2011 2557 ὃς
2031 2520 2209 2573 voluptate

1186 2586 1266 2609 cum
1286 2575 1322 2611 iis
1342 2571 1508 2610 conferas.

1241 2625 1314 2671 §Qui
1328 2625 1573 2671 depugnaturos
1583 2623 1622 2672 je
1646 2622 1755 2658 armis
1768 2631 1831 2672 pro
1853 2621 1969 2670 salute
1998 2622 2071 2670 egri
2084 2650 2094 2665 ,
2128 2623 2206 2671 qui-

1186 2687 1248 2723 que
1267 2675 1378 2722 capita
1394 2677 1462 2721 sua
1481 2674 1580 2710 titulo
1592 2671 1748 2723 proposito
1771 2670 1973 2719 voverent]
2004 2672 2136 2722 Opinio
2145 2686 2206 2711 ve-

1185 2737 1297 2761 terum
1316 2723 1396 2767 fixit,
1426 2736 1581 2761 mortem
1597 2735 1713 2760 morte
1731 2721 1823 2772 posse
1839 2721 1987 2758 redimi:
2005 2735 2046 2758 ex
2055 2734 2121 2771 qua
2130 2736 2207 2773 per-

1184 2773 1339 2811 suasione
1358 2774 1465 2811 multa
1484 2774 1688 2811 introducta.
1719 2773 1821 2808 mitto
1837 2772 1968 2808 fabulas
1998 2784 2178 2821 poetarum
2192 2802 2205 2817 ‚

1186 2830 1222 2862 &
1242 2827 1433 2862 Deciorum
1451 2824 1655 2861 devotiones
1673 2851 1684 2865 ‚
1721 2822 1855 2872 aliaque
1881 2835 1921 2859 ex
1942 2823 2079 2872 antiqua
2100 2823 2204 2860 histo-

1188 2878 1252 2919 ria,
1280 2877 1334 2912 vel
1353 2887 1488 2912 recente
1505 2875 1730 2911 barbararum
1746 2874 1928 2923 gentium:
1954 2873 2144 2917 cujusmodi
2156 2873 2205 2911 est

1187 2940 1268 2963 mos
1289 2927 1342 2963 ille
1359 2929 1395 2963 in
1410 2927 1564 2962 Canai-iis
1583 2925 1783 2961 observatus
1795 2952 1806 2966 ,
1836 2923 2032 2962 devovendi
2051 2922 2141 2967 sese,
2164 2937 2204 2960 ac

1186 2977 1299 3013 statim
1332 2987 1486 3013 mortem
1513 2975 1666 3012 obeundi
1690 2988 1752 3024 pro
1784 2973 1889 3010 salute
1916 2975 2001 3012 novi
2020 2975 2205 3024 Principis:

1185 3039 1220 3063 ut
1240 3039 1353 3063 narrat
1372 3024 1529 3076 Aloysius
1547 3026 1777 3062 Cadamustus
1794 3037 1866 3075 cap.
1878 3038 1919 3062 vi
1934 3039 1944 3061 1
1960 3039 1985 3061 1.
2005 3037 2048 3060 ex
2073 3038 2116 3061 eo
2127 3026 2206 3062 ton·

1128 3089 1133 3091 “
1189 3089 1220 3115 te
1240 3076 1324 3115 istud
1345 3077 1392 3115 est
1411 3106 1423 3122 ‚
1455 3076 1550 3127 quod
1569 3089 1717 3127 aegrotos
1744 3074 1896 3128 periculo
1917 3071 2009 3126 poffe
2034 3076 2117 3124 eripi
2148 3089 2207 3125 pn-

1605 3125 1704 3164 Bbb

2094 3135 2206 3164 {alent
