2504 3425
211 204 322 257 <310
554 190 1568 252 C.SuET.TR.ANQU1LL¹
1630 184 1987 244 L12.V11.

207 284 388 347 viginti,
423 299 603 345 quorum
623 282 787 328 libellos
817 276 986 323 Othoni
1007 275 1123 320 datos
1147 275 1388 327 invenerat,
1421 270 1734 333 exposcentium
1758 277 1944 336 praemia,
1978 276 2037 323 ob
2071 275 2223 324 editam
2249 278 2295 323 in

212 348 322 393 caede
356 348 504 393 Galbae
537 361 704 406 operam
729 376 742 397 ,
783 339 1012 401 conquiri,
1057 343 1100 382 &
1124 335 1327 398 supplicio
1350 331 1458 380 affici
1483 335 1736 394 imperavit:
1785 342 1952 400 egregie
1985 339 2144 402 prorsus
2172 357 2297 404 atque

208 411 469 474 magnifice,
502 413 544 453 &
569 422 611 452 ut
633 404 780 450 summi
806 401 1009 462 Principis
1031 399 1144 462 spem
1167 397 1427 453 ostenderet,
1461 396 1537 443 nisi
1551 411 1684 442 cetera
1704 401 1834 460 magis
1846 416 1895 443 ex
1910 416 2068 460 natura,
2105 409 2148 450 &
2163 408 2298 466 priore

216 478 299 519 vita
316 474 383 519 sua
406 508 418 528 ‚
455 487 577 532 quam
613 485 660 511 ex
686 466 854 526 Imperii
878 461 1083 519 majestate
1109 460 1297 525 geffiffet.
1363 462 1562 522 Namque
1599 461 1746 504 itinere
1777 460 1970 507 inchoato
1991 499 2005 520 ,
2039 482 2111 527 per
2147 467 2301 512 medias

216 534 400 582 civitates
425 536 503 579 ritu
529 528 874 590 triumphantium
897 528 1038 571 veetus
1059 525 1117 570 est
1138 544 1148 569 t
1183 541 1339 586 perque
1361 524 1536 569 flumina
1560 522 1853 568 delicatissimis
1872 527 2069 586 navigiis,
2104 535 2147 575 &
2173 533 2304 575 varia-

214 617 306 647 rum
328 611 574 642 coronarum
599 608 752 656 genere
775 591 975 637 redimitis
995 591 1103 635 inter
1125 586 1426 650 prosufiffimos
1445 587 1717 647 opsoniorum
1738 600 1947 648 apparatus
1961 623 1973 642 ,
2007 590 2116 634 nulla
2136 591 2303 639 familia:

213 677 282 706 aut
315 661 458 706 militis
489 657 703 718 disciplina
727 690 739 711 ,
797 655 958 715 rapinas
991 669 1035 697 ac
1069 653 1340 714 petulantiam
1374 651 1569 695 omnium
1604 651 1648 693 in
1680 655 1822 705 jocum
1858 664 2019 695 vertens
2044 686 2058 707 ‚
2110 654 2184 709 qui
2216 670 2304 700 non

211 723 399 769 contenti
432 721 558 785 epulo
594 719 749 781 ubique
769 718 934 780 publice
971 716 1167 778 praebito,
1203 711 1490 777 quoscumque
1515 710 1714 768 libuisset,
1750 713 1795 757 in
1813 711 2045 759 libertatem
2061 713 2307 770 asserebant,

215 787 385 832 verbera
418 789 461 831 δε
497 785 659 847 plagas,
693 781 794 844 saepe
829 781 1022 834 vulnera,
1057 796 1143 824 non
1179 795 1409 840 numquam
1451 792 1597 821 necem
1631 776 1963 837 repraesentantes
1993 776 2310 824 adversantibus.

215 851 367 912 thue
382 864 571 911 campos,
609 848 651 892 in
678 846 831 908 quibus
856 857 1086 906 pugnatum
1101 841 1157 888 est
1172 877 1184 897 ,
1217 842 1340 896 adiit,
1374 839 1640 885 abhorrentes
1661 838 1859 902 quosdam
1883 839 2125 886 cadaverum
2146 841 2314 896 tabem,

218 911 448 958 detestabili
482 927 584 958 voce
618 907 862 955 confirmare
896 907 1010 952 ausus
1041 904 1134 951 est:
1179 906 1337 970 Optime
1369 907 1467 959 olore
1500 904 1663 963 occtficm
1693 903 1832 964 hostem
1851 936 1865 957 ,
1902 912 1964 948 (ν’
1995 907 2135 949 melius
2166 908 2314 952 civem.

216 979 313 1023 Nec
347 992 400 1020 co
422 973 550 1020 secius
568 973 618 1019 ad
639 970 874 1018 leniendam
908 971 1152 1032 gravitatem
1186 969 1326 1014 odoris
1343 969 1576 1029 'plurimum
1599 967 1700 1011 meri
1722 965 1933 1028 propalam
1956 966 2113 1023 hausit,
2147 968 2316 1030 paffim-¹

217 1057 300 1104 que
333 1036 470 1084 divisit
504 1039 590 1099 pari
625 1037 800 1081 vanitate
821 1069 834 1089 ,
894 1048 1015 1094 atque
1050 1031 1280 1078 insolentia.
1348 1031 1548 1092 Lapidem
1594 1031 1805 1086 memoriae
1840 1028 2028 1075 Othonis
2072 1029 2312 1092 inscriptum

218 1106 385 1150 intuens
408 1137 419 1156 ‚
461 1102 626 1164 dignum
648 1118 688 1144 eo
710 1099 919 1157 Mausoleo
944 1098 999 1141 ait
1023 1116 1033 1143 ι
1086 1096 1432 1156 pugionemque,
1467 1109 1554 1153 quo
1576 1091 1615 1137 se
1636 1094 1669 1136 is
1692 1091 1918 1146 occiderat,
1954 1095 1997 1138 in
2021 1095 2314 1156 Agrippinen-

217 1167 303 1213 sem
326 1167 536 1211 coloniam
562 1162 692 1215 misit,
726 1162 854 1206 Marti
880 1158 1168 1203 dedicandum.
1236 1161 1287 1200 In
1310 1156 1532 1217 Apennini
1553 1155 1724 1216 quidem
1744 1157 2012 1216 jugisetiam
2046 1158 2314 1220 pervigilium

219 1233 319 1293 egit.
385 1227 554 1272 Urbem
578 1225 762 1284 denique
791 1222 841 1267 ad
864 1219 1071 1265 classicum
1098 1221 1257 1264 introiit
1282 1219 1519 1280 paludatus,
1554 1217 1748 1279 ferroque
1771 1218 2024 1274 succinfius,
2059 1221 2166 1265 inter
2199 1220 2313 1283 signa

219 1308 341 1355 atque
364 1290 535 1344 vexilla,
573 1287 762 1350 sagulatis
782 1284 1030 1339 comitibus,
1064 1301 1109 1328 ac
1134 1281 1304 1328 deteffls
1335 1281 1678 1326 commilitonum
1712 1282 1845 1326 armis·
1910 1284 2050 1345 Magis
2082 1282 2233 1329 deinde
2266 1299 2314 1330 ac

220 1358 381 1417 magis,
415 1355 536 1397 omni
563 1351 709 1396 divino
732 1349 1001 1410 humanoque
1022 1352 1109 1404 jure
1131 1346 1352 1408 neglech,
1387 1343 1565 1389 Alliensi
1586 1343 1652 1388 die
1678 1342 1967 1404 pontificatum
1992 1348 2217 1391 maximum
2243 1363 2317 1393 ce-

221 1421 303 1480 pitz
338 1418 508 1464 comitia
532 1417 574 1460 in
597 1431 634 1459 x.
659 1430 790 1458 annos
807 1412 1037 1466 ordinavit,
1073 1408 1197 1473 seque
1208 1422 1452 1472 perpetuum
1467 1405 1712 1453 Consulem.
1775 1407 1836 1455 Et
1852 1425 1903 1453 ne
1914 1409 1983 1454 cui
1995 1408 2168 1462 dubium
2180 1408 2316 1467 foret,

225 1482 343 1544 quod
370 1480 576 1541 exemplar
595 1476 782 1540 regendae
798 1478 897 1538 reip.
925 1475 1096 1536 eligeret
1117 1507 1129 1527 ‚
1176 1472 1315 1518 medio
1340 1472 1495 1516 Martio
1520 1485 1669 1531 campo
1688 1468 1873 1515 adhibita
1889 1471 2154 1532 publicorum
2186 1473 2316 1520 sacer·

224 1546 370 1592 dotum
396 1543 634 1607 frequentia
656 1575 670 1598 ,
703 1538 870 1588 inferias
895 1538 1060 1586 Neroni
1082 1535 1194 1583 dedit
1221 1553 1230 1581 τ
1283 1551 1327 1581 ac
1351 1533 1513 1584 solenni
1551 1534 1750 1584 convivio
1779 1532 2055 1582 citharoedum
2085 1536 2318 1598 placentem

2127 1610 2130 1614 '
2184 1601 2317 1663 palam

577 1687 944 1721 Toannur.

280 1758 390 1796 Nulla
404 1759 545 1805 familie
559 1788 569 1801 ,
590 1767 652 1793 aut
670 1756 792 1794 militis
809 1752 1024 1803 disciplinas]
1053 1752 1130 1789 Scio
1131 1751 1242 1798 sami-

226 1810 272 1846 11·ae
291 1811 433 1847 mmine
456 1807 639 1859 significari
656 1820 716 1843 eos
737 1807 794 1856 qui
812 1807 846 1841 in
863 1804 993 1840 familia
1007 1804 1080 1839 sunt
1095 1831 1106 1846 ‚
1138 1814 1174 1838 ut
1196 1799 1242 1836 fic
1269 1813 1273 1831 ι

228 1861 328 1895 militi
345 1872 584 1910 opponantur,
617 1858 737 1894 malim
756 1868 877 1892 tamen
894 1854 1030 1891 militia.
1090 1852 1156 1889 Sed
1177 1851 1244 1887 hoc

230 1909 314 1945 exile
334 1910 457 1951 nimis,
486 1921 525 1944 ac
550 1921 649 1958 paene
675 1907 832 1956 putidem
850 1904 908 1942 est.

286 1965 409 1994 Necem
435 1957 734 2005 repraefhntantes.]
764 1957 815 1992 Sic
836 1953 958 2004 Virgil.

346 2009 602 2057 Praeftntemque
617 2006 703 2041 viris
719 2008 891 2041 intentant
909 2004 1023 2039 omnia
1043 2010 1196 2038 mortem.

234 2062 312 2108 Sup.
324 2057 446 2094 Claud.
459 2069 533 2107 cap.
549 2068 656 2093 xxw.
681 2064 850 2090 tormenta
868 2053 1102 2102 repraefintare.

290 2107 421 2155 Divistt
436 2108 517 2155 pari
535 2104 735 2150 vanitate]
767 2106 849 2139 Duo
861 2115 937 2139 mss.
959 2101 1032 2151 post
1041 2099 1160 2148 divifit
1172 2112 1256 2149 pun-

237 2159 333 2193 stum
354 2157 548 2199 collocant,
578 2168 618 2192 ac
629 2154 752 2192 deinde
773 2153 911 2202 legunt,
929 2152 1014 2186 Pari
1033 2153 1193 2186 vanitate
1203 2158 1258 2184 at-

237 2220 300 2254 que
319 2207 499 2254 insolentia
511 2207 676 2254 lapidem,
690 2207 761 2239 &c.
790 2200 972 2248 majuscula
992 2202 1175 2236 RLocum
1199 2211 1257 2235 au-

237 2269 311 2294 tem
330 2256 417 2294 hunc
441 2256 609 2293 Plutarch.
628 2253 775 2291 illustrat.
797 2254 873 2288 Vidi
906 2252 919 2298 (
937 2250 1064 2299 inquit)
1096 2250 1160 2295 ipse
1179 2262 1253 2284 cum

238 2307 386 2356 Bryxelli
404 2305 498 2355 effiaem
516 2304 569 2349 Εἴ
586 2311 842 2342 monumentum
859 2301 1050 2341 modicum,
1078 2296 1130 2340 Εἴ
1140 2298 1255 2345 inscri-

234 2360 383 2405 ptimem
401 2357 510 2399 hanc,
542 2368 582 2392 Μ.
601 2365 783 2392 OTHONIS.

295 2407 411 2442 Adarti
427 2402 691 2451 dedicandum]
717 2407 794 2452 Sup.
807 2413 880 2451 cap.
893 2413 932 2436 vx
947 2414 997 2437 11.

295 2455 518 2504 Pervigilium
545 2453 648 2504 egt't.]
696 2455 750 2489 An
767 2455 800 2488 in
821 2451 938 2487 Martis
965 2448 1054 2486 forte
1081 2447 1254 2484 honorem

242 2506 290 2543 ob
326 2507 507 2542 vistoriam
531 2509 542 2543 ?
589 2506 640 2541 Sic
671 2503 781 2539 Galba
807 2501 903 2537 illam
941 2503 1126 2536 Fortunam
1158 2497 1254 2534 suam

243 2556 421 2593 menstruis
437 2554 732 2606 supplicationibus
754 2581 766 2595 ,
803 2564 842 2587 ac
863 2549 1038 2599 pervigilio
1063 2546 1255 2584 anniversa-

244 2609 295 2642 rio
316 2605 440 2648 coluit,
465 2619 539 2656 cap.
555 2619 604 2642 xv.
625 2605 738 2641 Tacit.
753 2603 872 2639 omnia
893 2601 982 2650 apud
1006 2598 1181 2635 Vitellium
1205 2598 1251 2632 in-

244 2655 425 2706 disposita,
451 2654 657 2696 temulenta,
704 2651 907 2703 pervigiliis,
933 2653 971 2686 ὅ(
991 2646 1256 2685 Bacchanalibus

244 2718 349 2755 quam
370 2705 548 2756 disciplina:
567 2709 604 2742 ὃ(
626 2703 738 2740 castris
759 2703 918 2752 propiora
935 2697 1028 2736 fuisse
1050 2698 1170 2735 scribit.

302 2755 421 2791 Urbem
446 2756 588 2804 denique
612 2755 660 2789 ad
683 2749 880 2802 classicum]
928 2749 1038 2786 Galba
1067 2749 1257 2797 pugionem

250 2803 429 2855 pxaeferens
447 2833 457 2846 ,
498 2805 650 2840 Vitellius
681 2803 726 2839 ad
762 2800 932 2839 clafficurn
969 2798 1093 2835 urbem
1107 2797 1257 2851 *intr-oiit.

249 2857 440 2902 Utrumque
458 2853 742 2902 imper-lisignum
759 2853 817 2889 est.
846 2853 902 2886 De
912 2848 1028 2899 gladio
1039 2847 1255 2898 passunJCti.

251 2905 306 2939 D:
325 2902 460 2939 claffico
483 2901 528 2937 fic
550 2907 674 2950 Veget.
694 2902 749 2938 lib.
776 2917 828 2939 11.
850 2913 922 2950 cap.
945 2912 1048 2935 xx11.
1083 2896 1258 2942 Classicum

249 2952 456 3000 appellatur,
479 2953 565 2998 quod
584 2952 806 2988 buccinatores
818 2962 878 2999 per
897 2961 996 2985 cornu
1015 2948 1144 2983 dicunt.
1191 2953 1259 2982 Hoc

249 3000 373 3050 instgne
389 3002 528 3036 videtur
552 3003 700 3048 Imperii,
730 3002 811 3048 qula
829 2998 988 3046 classicum
1006 2998 1140 3032 canitur
1159 3002 1259 3042 Impe-

251 3063 362 3088 rmore
375 3049 544 3098 plasme,
560 3050 615 3084 vel
634 3062 707 3084 cum
725 3052 760 3083 in
781 3050 924 3084 militem
944 3047 1132 3094 capitaliter
1149 3047 1261 3080 anim-

253 3101 449 3138 advertitur
469 3126 481 3142 ‚
530 3100 612 3148 elusa
639 3097 697 3133 hoc
725 3110 765 3133 ex
795 3097 1005 3146 Imperatoris
1042 3095 1163 3143 legibus
1181 3093 1259 3141 fieri

1294 1674 1411 1725 net-effi
1425 1674 1478 1723 est.
1515 1675 1567 1712 Sic
1591 1674 1657 1712 ille.
1683 1674 1794 1713 Tacit.
1817 1687 1958 1724 quoque
1977 1671 2034 1711 lib.
2052 1685 2104 1710 11.
2125 1671 2246 1711 Annal.
2275 1680 2316 1711 In

1294 1732 1334 1763 P.
1358 1727 1532 1761 Marcium
1551 1724 1692 1772 consules
1716 1736 1816 1761 extra
1825 1733 1960 1773 portam
1977 1722 2214 1772 Esquilinam,
2238 1736 2316 1760 cum

1295 1775 1459 1824 classicum
1479 1787 1596 1812 canere
1614 1773 1770 1823 jlfffiffim
1787 1803 1798 1817 ,
1841 1787 1930 1811 more
1949 1772 2084 1821 przsco,
2121 1773 2312 1810 advertere.

1270 1841 1272 1865 s
1292 1825 1393 1862 Adde
1414 1827 1616 1863 Varronem
1627 1824 1684 1861 lib.
1697 1837 1730 1861 v.
1743 1824 1785 1860 de
1797 1825 1932 1871 Lingua
1951 1826 2026 1859 Lat.
2049 1821 2108 1857 ubi
2131 1820 2174 1856 de
2193 1821 2316 1871 suppli-

1294 1877 1348 1923 cio
1374 1878 1419 1911 T.
1437 1874 1593 1922 Qinc'tii
1612 1874 1721 1922 Trogi
1740 1901 1753 1916 ‚
1787 1877 1825 1910 δε
1843 1876 2011 1909 Senecam
2034 1869 2093 1907 lib.
2121 1884 2149 1908 1.
2193 1870 2237 1907 de
2258 1875 2314 1909 Ira

1295 1938 1372 1975 cap.
1385 1937 1430 1969 xv
1439 1939 1449 1961 1
1459 1951 1467 1959 .
1633 1935 1636 1937 “
2219 1955 2222 1957 Α

1351 1971 1494 2022 Alliensi
1507 1973 1600 2019 dien]
1634 1971 1728 2010 Libri
1745 1971 1814 2009 duo
1832 1982 1906 2020 opt.
1928 1968 2058 2019 Alienfi
2070 1999 2082 2014 ‚
2104 1970 2148 2007 ab
2166 1970 2239 2008 Alia
2248 1970 2314 2008 flu-

1297 2026 1415 2067 mine,
1452 2024 1512 2068 (ut
1532 2023 1639 2073 inquit
1656 2023 1788 2060 Servius
1816 2021 1969 2064 lib.v1¹.
2000 2021 2160 2066 AEneid.)
2205 2033 2313 2071 quan-

1299 2087 1406 2124 quam
1432 2084 1542 2124 poetae
1562 2073 1662 2109 metri
1685 2071 1785 2108 causa
1801 2071 1947 2107 alterum
1963 2069 1975 2105 l
1992 2070 2205 2108 addiderunt.
2262 2070 2318 2108 Al-

1301 2125 1363 2160 lius
1380 2136 1518 2171 tamen,
1547 2127 1585 2171 {Sc
1604 2122 1753 2159 Allienus
1769 2149 1781 2164 ‚
1803 2124 2056 2162 ,Romanorum
2073 2122 2215 2157 nomina
2230 2149 2242 2164 ‚
2258 2121 2320 2158 du-

1302 2173 1379 2224 plici
1404 2174 1416 2209 l
1437 2175 1471 2209 in
1493 2173 1647 2212 nummis
1663 2200 1675 2215 ,
1701 2175 1738 2208 &
1758 2170 1992 2208 t‘riarmoribus
2013 2169 2208 2208 scribuntur.
2263 2174 2322 2207 De

1308 2223 1440 2261 historia
1466 2236 1551 2261 vero
1576 2220 1622 2258 fic
1640 2222 1751 2258 Tacit.
1767 2219 1826 2258 lib.
1842 2235 1854 2258 1
1867 2235 1895 2257 1.
1914 2220 2042 2258 Histor.
2064 2220 2193 2268 funesti
2201 2220 2321 2257 ominis

1306 2274 1370 2309 loco
1388 2281 1555 2320 acceptum
1573 2271 1614 2314 esi
1625 2300 1637 2315 ‚
1657 2272 1743 2320 quod
1764 2273 1964 2306 Maximum
1984 2270 2223 2318 Ponttficatum
2241 2271 2322 2306 ade-

1298 2332 1374 2371 ptus
1402 2321 1552 2357 Vitellius
1568 2322 1609 2357 de
1640 2319 1829 2357 caerimoniis
1851 2318 1994 2367 puhlicis
2011 2331 2070 2358 xv.
2105 2319 2186 2356 Kal.
2227 2325 2317 2367 Aug.

1305 2371 1475 2419 edixiffi’t,
1500 2371 1694 2419 antiquitus
1712 2368 1856 2416 infausto
1875 2369 1929 2405 die
1949 2367 2176 2418 Cremerenfi,
2200 2369 2336 2406 Aliem

1301 2421 1397 2472 fique
1415 2421 1575 2457 cladibus.

1622 2491 1653 2525 C
1681 2501 1703 2525 A
1731 2502 1747 2525 s
1774 2500 1796 2525 A
1822 2500 1844 2524 u
1867 2499 1887 2524 Β
1913 2500 1938 2525 ο
1967 2499 2004 2524 Ν.

1361 2547 1492 2596 Egregie
1503 2545 1645 2595 prorsus.
1661 2546 1675 2594 ]
1700 2546 1825 2583 Pithoei
1836 2544 1921 2582 liber
1939 2543 2108 2596 agre.1pfi
2119 2559 2203 2584 vero
2211 2547 2320 2596 place·

1307 2597 1387 2640 bat»,
1408 2599 1502 2644 regie.
1523 2609 1594 2633 non
1610 2595 1726 2632 male:
1751 2607 1834 2632 nam
1854 2594 1938 2632 istud
1948 2594 2090 2645 quidem
2099 2594 2229 2632 fastum
2239 2609 2319 2633 vere

1309 2646 1369 2684 fuit
1387 2647 1519 2696 regium
1534 2661 1542 2682 z
1563 2646 1648 2682 mihi
1668 2657 1788 2683 tamen
1799 2644 1881 2682 nihil
1893 2644 2025 2685 videtur
2035 2644 2252 2682 mutandum.

1363 2701 1492 2744 Perque
1498 2694 1655 2742 flumina
1670 2694 1904 2743 delicatiffi'mt's
1921 2694 2080 2740 navigiis.
2094 2692 2106 2739 ]
2137 2696 2323 2738 Cujustno-

1309 2746 1342 2783 di
1359 2757 1454 2782 erant
1474 2745 1745 2782 Ptolemaeorum
1764 2758 1888 2793 regum
1902 2741 2101 2783 θαλαμηγιὲ
2125 2745 2235 2779 πλοῖα
2248 2771 2261 2788 ‚
2277 2745 2320 2780 de

1310 2795 1432 2844 quibus
1450 2796 1624 2845 Appianus
1639 2794 1862 2843 &scriptores
1885 2792 1940 2828 alii
1955 2790 2064 2826 multi.
2094 2791 2149 2827 vel
2166 2791 2221 2828 illa
2242 2794 2322 2830 Cili-

1311 2859 1391 2881 cum
1420 2846 1607 2895 piratarum
1647 2846 1782 2892 navigia
1797 2871 1810 2886 ,
1841 2842 1884 2878 de
1911 2840 2032 2890 quibus
2065 2839 2260 2880 Plutarchus
2286 2844 2321 2881 in

1310 2897 1498 2945 PompejO.

1367 2959 1418 2982 11.
1446 2949 1550 2994 Seque
1560 2951 1754 2991 perpetuum
1769 2938 1967 2988 confidem]
2003 2943 2113 2979 Vetus
2128 2942 2320 2994 inscriptio,

1530 3006 1565 3030 Α.
1596 3001 1862 3028 VITELLIUS
1890 3000 1924 3027 1..
1953 3001 1987 3027 ε.

1591 3050 1890 3077 xmpnuAToR

1589 3101 1685 3127 cos.
1714 3099 1849 3125 Ρειιῐ».

2166 3143 2201 3178 Τ
2230 3155 2252 3179 0
2279 3155 2318 3179 R=

2339 1239 2387 1272 11
