2504 3425
224 214 329 268 502
601 179 1988 250 (3‚sUE-r.TRANQU11.1.1L13.VI.

224 288 407 333 damnati
428 302 474 333 ut
498 304 548 331 ex
570 302 684 331 more
715 279 1005 329 subscriberet,
1040 271 1336 317 admoneretur
1357 286 1366 312 ε
1402 272 1537 331 Quam
1556 272 1697 314 vellem
1717 304 1728 324 ‚
1764 270 1902 332 inquit
1926 306 1939 326 ,
1985 273 2122 334 neskire
2153 274 2316 318 litteras.

230 352 397 396 Omnes
415 351 580 396 ordines
600 347 769 392 subinde
797 380 806 396 ‚
845 358 889 384 ac
912 337 1151 382 memoriter
1177 366 1189 386 ,
1222 332 1418 376 salutavit.
1486 334 1648 393 Agenti
1671 334 1825 377 senatui
1846 335 1992 395 gratias
2016 370 2029 390 ,
2077 336 2288 398 respondit
2309 352 2319 378 :

232 421 333 460 Cum
355 432 535 459 meruero.
604 411 676 455 Ad
704 403 948 465 campestres
968 399 1280 444 exercitationes
1300 395 1381 439 suas
1402 394 1562 440 admisit
1585 400 1626 439 ὃ(
1645 395 1825 456 plebem.
1862 397 2102 444 declamavit
2121 400 2319 461 &saepius

233 478 426 541 publice:
462 476 642 522 recitavit
668 479 710 516 δε
736 468 912 514 carmina
928 500 939 519 ‚
976 479 1062 507 non
1086 460 1215 505 modo
1236 458 1378 528 dosmi,
1413 458 1478 502 scd
1498 462 1539 502 δε
1557 459 1598 503 in
1612 457 1771 503 theatro
1789 492 1802 512 ‚
1834 472 1944 503 tanta
1955 463 2321 508 universorumlae-

232 544 342 595 titia,
378 554 422 584 ut
447 539 504 582 ob
523 537 806 582 recitationem
829 528 1071 589 supplicatio
1096 524 1256 568 decreta
1275 524 1347 575 (it,
1382 538 1511 583 eaque
1533 539 1621 583 pars
1644 523 1879 566 carminum
1896 527 2026 569 aureis
2055 526 2197 571 litteris
2221 527 2320 588 Jovi

232 604 478 664 Capitolino
501 601 643 644 dicata.
712 592 1049 657 Spectaculorum
1070 588 1244 648 plurima
1268 590 1310 629 ὃς
1336 586 1442 630 varia
1465 601 1615 646 genera
1635 585 1786 630 edidit:
1809 585 2054 646 Juvenales,
2075 588 2296 634 Circenses
2311 624 2322 644 ,

234 669 431 711 Scenicos
451 665 594 716 ludos,
637 657 950 706 Gladiatorium
979 669 1144 698 munus.
1212 648 1483 711 Juvenalibus
1514 647 1628 693 senes
1655 665 1829 711 quoque
1853 649 2108 705 consulares,
2141 651 2323 714 anusque

229 742 432 774 matronas
452 727 606 788 recepit
619 725 666 770 ad
680 726 829 770 lusum.

558 867 924 901 Tonizfinr.

290 969 410 1016 Qum
438 965 558 1001 vellem
585 962 706 1010 nescire
735 958 867 995 litteras
878 955 915 1001 Ji
971 955 1117 991 Dictum
1156 964 1252 1001 egre-

232 1018 352 1068 gium,
379 1029 451 1067 quo
468 1015 500 1051 se
519 1024 721 1065 permotum
743 1013 871 1046 Seneca
899 1006 942 1044 de
961 1003 1156 1041 Clementia
1179 1003 1253 1039 scri-

233 1066 332 1118 pssffe
351 1068 498 1104 testatur.
543 1095 546 1098 ,
1109 1104 1115 1111 .
1232 1103 1238 1110 Ι

288 1117 432 1153 Subinde
451 1129 489 1151 ac
508 1113 712 1151 memoriter.
730 1109 746 1158 ]
772 1109 916 1146 Subinde
935 1119 998 1156 pro
1025 1115 1184 1141 continue
1205 1101 1255 1138 di-

230 1163 312 1204 xisse
327 1166 471 1204 videtur.
569 1207 572 1210 ¹

286 1216 488 1264 Campestres
505 1212 639 1248 exercit.
652 1209 666 1257 ]
696 1210 782 1258 Aug.
797 1220 871 1258 cap.
885 1218 993 1243 [xxxi
1008 1220 1019 1242 1
1032 1219 1061 1241 1.

289 1268 353 1302 Sed
371 1267 407 1301 in
428 1259 597 1308 theatra]
649 1260 751 1297 Libb.
776 1271 856 1295 MSS.
873 1257 934 1305 sed
961 1254 1017 1307 ,Εἴ
1042 1256 1078 1290 in
1098 1250 1252 1295 theatro,

231 1319 270 1354 ὅ(
291 1328 399 1358 mox,
417 1327 520 1363 eaque
536 1321 617 1363 pars
637 1309 829 1347 carminum
842 1336 854 1353 ,
884 1320 947 1357 pro
968 1306 1070 1355 atque
1089 1306 1253 1353 parsQ&

232 1367 392 1403 dedicata
411 1378 477 1414 pro
489 1364 621 1399 dicata.

293 1429 306 1453 1
320 1431 349 1453 1.
366 1413 570 1462 Juvenales.
585 1412 600 1458 ᾖ
613 1424 615 1427 ·
628 1409 755 1447 Privati
775 1408 809 1445 lii
830 1408 925 1445 fuere
948 1405 1039 1450 Iudi,
1064 1417 1084 1442 a
1103 1407 1250 1441 Nerone

238 1467 397 1516 primum
414 1464 548 1507 instituti
572 1475 653 1498 cum
673 1460 821 1497 barbam
839 1458 1049 1509 deponeret,
1075 1457 1109 1491 in
1127 1454 1252 1504 eosque

233 1530 319 1554 mox
338 1514 460 1566 paffim
478 1515 557 1551 data
575 1512 732 1548 nomina.
792 1513 881 1547 Non
898 1507 1058 1545 nobilitas
1068 1506 1250 1556 cuiquam,

233 1579 305 1603 non
326 1578 426 1609 aetas,
442 1577 497 1602 aut
514 1565 580 1601 affl
599 1562 749 1598 bonores
767 1559 1025 1609 impedimento
1039 1556 1134 1592 fuere
1145 1585 1157 1599 ,
1169 1556 1251 1605 quin

234 1616 402 1653 histrionis
434 1627 547 1652 artem
575 1622 801 1654 exercerent,
836 1609 939 1659 usque
966 1607 1009 1645 ad
1029 1605 1143 1657 gestus
1174 1619 1253 1642 rno-

233 1666 362 1716 dosque
381 1666 471 1703 haud
490 1664 611 1703 viriles.
669 1661 804 1711 Quibus
826 1662 931 1697 etiam
954 1658 1079 1695 AEliam
1089 1656 1253 1693 Catulam

235 1715 406 1753 feminam
431 1714 681 1752 nobiiiffimam
699 1741 709 1756 ,
746 1723 848 1761 atque
865 1707 1066 1746 ditiiiimam
1084 1736 1095 1749 ‚
1136 1717 1254 1743 natam

235 1779 346 1812 annos
363 1779 474 1813 xxxx„
486 1763 614 1802 saltasse
625 1791 638 1808 ,
657 1776 697 1799 ex
717 1763 833 1798 Dione
851 1759 966 1798 scribit
974 1757 1136 1808 Xiphilin.
1166 1757 1259 1793 Diffi

235 1817 336 1866 igitur
361 1816 554 1862 Juvenales
571 1843 586 1858 ,
631 1811 726 1863 quod
754 1813 789 1848 in
816 1811 863 1848 eis
892 1809 997 1849 veluti
1025 1806 1260 1854 rejuvenasce-

238 1878 315 1914 rent
331 1895 349 1911 ,ι
391 1864 428 1902 δ’(
455 1879 475 1902 a
502 1865 624 1916 quibus
646 1862 833 1913 auspicatus
858 1864 959 1898 Nero
981 1859 1127 1895 tandem
1154 1858 1259 1894 etiam

239 1917 276 1952 in
292 1917 428 1953 theatro
447 1927 594 1953 caneret.
628 1927 689 1963 per
705 1910 836 1950 domos
857 1912 952 1948 enirn
973 1921 1132 1951 tantum,
1158 1919 1259 1956 atque

244 1966 367 2003 hortos
388 1965 570 2009 Juvenales
588 1964 788 2013 agebantur.
818 1962 930 1998 Tacit.
951 1959 1009 1998 lib.
1031 1973 1086 1998 xv.
1117 1962 1261 1994 Sueton.

241 2015 302 2053 inf.
322 2029 395 2066 cap.
420 2028 482 2052 xxi
496 2029 524 2052 1.
568 2015 679 2063 Atque
698 2013 764 2048 hoc
783 2011 851 2055 est,
878 2010 973 2061 quod
991 2010 1167 2059 eleganter
1188 2007 1262 2044 scri-

244 2066 293 2103 bit
313 2067 399 2102 Plin.
412 2065 468 2102 lib.
480 2078 587 2102 xxxvi
599 2078 627 2100 1.
649 2075 722 2111 cap.
740 2076 791 2099 ii.
836 2061 970 2097 eculiari
991 2060 1126 2095 theatro
1149 2061 1263 2094 Nero-

243 2130 329 2154 nem
349 2117 384 2152 in
401 2116 506 2153 hortis
522 2116 671 2164 primum
692 2116 804 2148 cantat
820 2124 858 2153 e,
885 2115 921 2146 &
942 2111 1165 2157 Pompeiano
1184 2121 1265 2158 pra:-

246 2165 365 2203 lufifl'e.
425 2165 525 2203 Adde
544 2165 607 2201 hos
633 2161 732 2199 ludos
753 2174 826 2197 non
853 2159 987 2210 illepide
1014 2158 1267 2195 describentem

246 2217 429 2254 Sidonium
449 2215 685 2266 Apollinarem
704 2211 747 2248 de
765 2210 948 2247 Narbone.

305 2272 390 2303 Loca
408 2267 515 2316 equiti
525 2261 691 2312 speram]
740 2261 853 2298 Lubet
873 2259 916 2297 de
934 2258 1074 2296 sedendi
1094 2256 1214 2294 ordine
1233 2258 1268 2292 in

248 2317 445 2368 spect-aculis
465 2314 582 2366 paullo
603 2312 762 2363 prolixius
778 2323 892 2360 agere.
931 2314 974 2346 Et
990 2310 1107 2348 Livius
1127 2306 1266 2357 quidem

248 2369 369 2405 metor
387 2367 456 2410 est,
487 2375 653 2415 regnante
671 2362 861 2412 Tarquinio
877 2359 990 2397 Prisco
1009 2359 1089 2396 loca
1110 2359 1145 2394 in
1160 2358 1268 2392 -circo

251 2418 400 2468 patribus
420 2446 430 2459 ,
481 2413 710 2467 equitibusque
732 2411 836 2450 divisa
860 2407 965 2448 fuisse.
1011 2421 1164 2446 ceterum
1187 2420 1268 2443 cuin

255 2481 368 2518 neque
400 2467 531 2503 theatra
551 2465 617 2502 ulla
638 2463 697 2501 sub
709 2463 846 2514 regibus
861 2459 987 2497 fuerint
1007 2488 1023 2502 ,.
1056 2463 1092 2496 ὃς
1110 2457 1204 2509 quod
1225 2457 1267 2493 de

257 2519 349 2555 circo
378 2517 488 2554 scribit
508 2517 624 2553 Livius
648 2543 658 2558 ,
705 2512 822 2564 populi
840 2512 952 2562 magis
971 2509 1100 2562 pudore
1119 2521 1158 2544 ac
1174 2520 1270 2546 vere-

258 2568 381 2605 cundia
403 2565 576 2616 contigisse
596 2595 607 2609 ‚
643 2577 749 2614 quam
768 2564 844 2611 lege
861 2572 1002 2597 cautum
1018 2560 1111 2595 fuisse
1130 2558 1270 2595 creden-

257 2618 343 2655 dum
367 2618 418 2656 sit.
455 2618 497 2655 de
516 2616 705 2653 robustiore
723 2612 895 2664 republica
914 2610 1107 2661 loquamur.
1165 2610 1271 2644 Auno

257 2670 356 2718 igitur
374 2672 418 2707 U.
437 2671 478 2705 C.
503 2680 598 2703 Dtvi
612 2681 638 2702 i.
659 2669 733 2701 Sex.
773 2663 848 2701 AElii
867 2663 969 2704 Paeti,
999 2664 1036 2696 δε
1057 2662 1098 2696 C.
1119 2658 1281 2700 Corneliiv

260 2720 407 2769 Cethegi
431 2717 612 2755 censorum
630 2727 736 2765 opera
755 2743 766 2758 ,
803 2714 976 2749 annitente
993 2711 1099 2746 etiam
1118 2710 1274 2758 Scipione

262 2768 423 2805 Africano
442 2771 575 2813 maiore
594 2796 606 2811 ,
644 2766 726 2802 ludis
745 2764 916 2801 Romanis
928 2791 939 2805 ,
978 2774 1065 2810 quos
1096 2763 1138 2796 C.
1156 2759 1274 2795 Atilius

264 2820 423 2854 Serranus
442 2847 453 2861 ,
500 2823 536 2853 δε
572 2821 612 2854 L.
644 2816 840 2852 Scribonius
865 2813 956 2850 Libo
976 2811 1101 2848 AEtliles
1127 2809 1271 2845 Cui-tiles

264 2867 424 2909 edidere,
454 2866 618 2903 effectum
638 2867 684 2902 est
701 2894 712 2908 ,
741 2876 774 2902 ut
788 2864 920 2900 senatus
938 2875 963 2898 a·
978 2860 1108 2911 populo
1128 2859 1272 2895 secretus

266 2915 447 2966 spectaret.-
497 2919 603 2962 Cuius
633 2928 753 2952 tamen
769 2914 905 2950 instituti
930 2913 1042 2962 ipsum
1069 2909 1270 2958 Africanum

265 2967 382 3016 postea
402 2966 565 3015 poenituit.
593 2964 734 3014 populus
752 2965 847 2999 enim
862 2960 998 3012 indigne
1021 2961 1114 3003 tulit,
1135 2961 1269 3010 patrum

264 3017 350 3054 fastu
369 3016 460 3052 adid
477 3015 509 3051 se
533 3017 610 3063 cogi
630 3043 641 3056 ‚
678 3013 771 3062 quod
789 3014 908 3061 sponte
941 3011 1129 3062 praestabat.
1187 3022 1271 3046 nam

270 3065 406 3104 tametsi
425 3065 616 3116 promiscua
640 3075 734 3100 erant
751 3062 928 3105 subsellia,
962 3075 1070 3098 nemo
1088 3073 1208 3097 tamen
1239 3060 1272 3096 se

274 3118 482 3157 tennioribus
507 3113 754 3166 anteponebat.¹
807 3114 887 3161 Qia
905 3113 947 3149 de
971 3124 1006 3148 re
1031 3112 1145 3154 Livius
1161 3139 1172 3155 ,
1200 3113 1274 3150 Va-

898 715 1167 765 Circensibus
1189 715 1280 760 loca
1302 713 1433 776 equiti
1458 709 1606 758 secreta
1626 729 1648 757 a
1671 725 1813 757 ceteris
1832 712 1996 758 tribuit:
2033 715 2325 776 commilitque

2199 779 2324 823 etiam

1305 849 1362 887 ler.
1394 850 1586 893 Maximus,
1619 850 1782 886 Asconius
1804 848 1972 887 Pedianus
1989 878 2001 893 ,
2041 850 2109 899 ipse
2137 853 2262 888 Cicero
2288 853 2323 888 in

1305 911 1392 936 orat.
1415 900 1633 938 Corneliana.
1689 899 1796 948 Quod
1818 911 1935 936 autern
1956 901 2147 950 promiscua
2167 903 2233 938 dixi
2250 901 2325 939 fuis-

1305 949 1360 993 se,
1387 949 1420 986 id
1439 951 1483 986 ita
1500 950 1759 1003 intelligendum
1779 978 1791 993 ,
1826 961 1861 986 ut
1883 963 1926 985 ne
1953 951 2113 987 mulieres
2142 952 2284 1001 quidem
2304 965 2325 988 a

1306 1001 1385 1036 viris
1404 999 1657 1048 separarentur,
1681 1001 1783 1037 docet
1802 1013 1865 1036 nos
1882 1000 2051 1038 Plutarch.
2072 1015 2143 1052 quo
2163 1002 2243 1039 loco
2253 1001 2326 1038 Sul-

1302 1049 1344 1086 la:
1382 1050 1556 1087 dictatoris
1573 1079 1585 1094 ,
1626 1054 1662 1086 ὃ(
1695 1050 1842 1088 Valeriae
1869 1052 2064 1099 nuptiarum
2100 1051 2327 1088 occasionem

1306 1111 1428 1135 narrat.
1484 1104 1569 1136 Lata
1589 1113 1673 1138 vero
1696 1100 1819 1137 deiude
1838 1100 1890 1136 lex
1908 1101 2033 1137 Roscia
2045 1105 2085 1138 L.
2099 1102 2265 1145 Metello,
2287 1105 2327 1138 ὃς

1305 1151 1353 1196 Q
1376 1150 1508 1185 Marcio
1527 1161 1627 1186 coss,
1658 1151 1700 1186 A.
1728 1154 1770 1186 U.
1798 1161 1986 1187 Dcxxccv.
2003 1149 2075 1188 five
2104 1152 2175 1199 (uti
2193 1153 2247 1188 alii
2266 1165 2333 1189 vo-

1305 1198 1399 1245 lunt)
1434 1212 1527 1236 anno
1549 1199 1709 1249 sequente
1722 1229 1731 1242 ,
1761 1213 1836 1250 quae
1857 1200 2008 1248 equitem
2028 1214 2164 1250 quoque
2185 1214 2207 1238 a
2225 1201 2327 1252 plebe

1305 1248 1469 1293 distinxit,
1501 1247 1548 1285 sse
1563 1261 1682 1286 tamen
1699 1278 1711 1293 ,
1745 1250 1851 1300 utqui
1871 1262 1912 1285 ex
1932 1251 2043 1300 equite
2063 1251 2120 1289 vel
2137 1253 2243 1295 vitio,
2271 1252 2331 1291 vel}

1304 1297 1442 1336 fortuna
1459 1298 1693 1343 decoxissent,
1735 1300 1779 1336 ab
1806 1301 1876 1338 aliis
1903 1300 2165 1350 separarentur,
2211 1314 2251 1339 ac
2278 1316 2330 1339 re-

1307 1352 1459 1386 motiore
1477 1350 1556 1386 loco
1575 1349 1804 1387 confiderent.
1862 1352 2056 1387 Meminere
2076 1354 2148 1397 ejus
2160 1345 2241 1401 legis
2254 1356 2331 1389 Ησ-

1307 1401 1432 1443 ratius,
1458 1399 1630 1451 Juvenalis
1649 1429 1661 1444 ‚
1690 1413 1729 1437 ac
1749 1399 1837 1449 saepe
1862 1401 1989 1437 Cicero
2008 1430 2022 1443 ‚
2051 1402 2234 1451 praesertim
2251 1403 2332 1440 Plii-

1307 1449 1363 1499 lip.
1383 1464 1434 1486 ii.
1465 1471 1467 1474 ⁴
1492 1451 1565 1499 Qii
1585 1462 1684 1486 natos
1704 1453 1780 1487 hinc
1798 1450 1830 1485 se
1862 1451 1999 1487 consule
2020 1455 2060 1488 L.
2073 1452 2187 1489 Roscii
2215 1444 2331 1490 Otlio'ss

1308 1501 1358 1547 nis
1398 1500 1507 1547 (nain
1534 1502 1562 1536 is
1589 1500 1705 1549 legem
1740 1499 1920 1545 sanxerat)
1957 1501 2039 1537 odio
2067 1502 2230 1539 tumultus
2254 1516 2330 1540 non

1307 1549 1421 1586 solum
1445 1550 1655 1600 compescuit
1674 1579 1685 1594 ‚
1721 1563 1845 1588 veru-m
1864 1552 1969 1587 etiam
1989 1549 2104 1588 effeci-t
2118 1563 2154 1588 ut
2173 1561 2330 1590 errorem

1309 1599 1406 1636 suuni
1427 1600 1522 1648 plebs
1546 1601 1771 1651 agnosceret,
1801 1614 1910 1649 neque
1929 1601 1960 1636 se
1983 1603 2094 1638 notari
2113 1602 2199 1640 sedis
2219 1603 2332 1640 discri-

1309 1652 1405 1686 mine
1424 1652 1542 1701 iniquo
1571 1653 1691 1687 auimo
1726 1649 1839 1688 ferret.
1898 1652 2030 1688 Auctor
2052 1654 2124 1699 ejus
2151 1654 2220 1691 vita
2254 1653 2328 1691 Plu-

1308 1701 1413 1738 tarch.
1443 1705 1479 1737 δ(
1499 1701 1583 1737 Plin.
1607 1702 1664 1738 lib.
1688 1716 1728 1739 vi
1743 1715 1769 1737 1.
1793 1714 1864 1750 cap.
1886 1715 1962 1737 xxx.
2022 1705 2157 1739 Verum
2185 1704 2238 1740 lex
2255 1707 2329 1741 Ro·

1308 1751 1372 1787 scia
1397 1751 1475 1787 nibil
1498 1750 1559 1787 nisi
1576 1752 1618 1787 de
1638 1765 1718 1790 xiv.
1739 1752 1915 1788 ordinibus
1939 1751 2056 1790 sanxit.
2114 1757 2252 1791 Secutus
2270 1767 2331 1791 au-

1308 1813 1382 1838 tem
1400 1801 1567 1852 Augustus
1584 1804 1736 1852 primum
1766 1815 1845 1838 eam
1877 1801 1923 1838 fic
1948 1803 2148 1840 moderatus
2170 1803 2239 1847 est,
2270 1816 2328 1848 ut,

1311 1865 1393 1888 cum
1421 1852 1570 1902 plerique
1591 1854 1720 1903 equites
1739 1853 1854 1888 attrito
1873 1852 1966 1889 bellis
1982 1853 2135 1891 civilibus
2167 1855 2334 1904 patrimo·

1313 1903 1373 1939 nio
1400 1914 1497 1939 metu
1522 1915 1637 1952 poenae
1667 1902 1838 1939 theatralis
1864 1902 1980 1938 sedere
2007 1904 2045 1938 in·
2064 1917 2143 1941 xiv.
2172 1918 2245 1941 nou
2275 1917 2333 1942 au-

1315 1952 1455 1996 derent,
1483 1965 1522 1988 ea
1541 1966 1612 1989 non
1630 1954 1738 1989 teneri
1758 1952 1936 1996 statueret,
1955 1953 2079 2001 quibus
2095 1953 2172 2003 ipsis
2184 1983 2194 1997 ,
2212 1965 2335 2004 paren-

1317 2002 1447 2058 tibusve
1468 2003 1622 2052 equester
1639 2003 1755 2040 census
1772 2016 1940 2054 umquam
1958 2001 2078 2039 ffiifl'et.
2124 2007 2251 2052 Neque
2266 2006 2335 2042 hoc

1318 2054 1452 2096 iolum,
1480 2067 1602 2091 verum
1622 2055 1726 2090 etiam
1746 2055 1780 2089 in
1794 2053 1987 2091 universum
2004 2054 2137 2100 quoties
2157 2054 2242 2103 quid>
2258 2054 2280 2090 s
2274 2069 2335 2105 pe-

1320 2104 1484 2142 ctandum
1508 2104 1649 2152 usqiiam
1681 2104 1815 2152 publice
1843 2103 2018 2144 ederetur,
2048 2104 2199 2152 primum
2215 2104 2338 2141 subsel-

1319 2153 1446 2190 liorum
1476 2153 1648 2197 ordinem
1667 2153 1878 2189 senatoribus
1902 2151 2047 2200 relinqui·
2073 2153 2188 2191 voluit.
2247 2156 2336 2192 Mili-

1318 2216 1393 2239 tem
1402 2206 1575 2252 ‚praeterta
1595 2202 1738 2241 secrevit
1755 2215 1774 2238 a
1794 2203 1942 2252 populo,
1981 2213 2021 2238 ac
2044 2205 2174 2240 maritis
2198 2218 2216 2239 e
2235 2205 2336 2255 plebe

1320 2255 1479 2302 proprios
1497 2252 1656 2296 ordines,
1687 2254 1889 2302 praetextatis
1912 2266 2053 2301 quoque
2071 2253 2170 2290 suurn
2186 2268 2336 2292 cuneum

1321 2304 1479 2339 attribuit.
1533 2303 1644 2352 Atque
1665 2303 1737 2339 haec
1770 2304 1828 2352 (ni
1854 2302 1974 2349 fallor)
2005 2305 2114 2354 capita
2140 2317 2236 2342 erant
2254 2306 2338 2344 lenis

1320 2352 1416 2397 Juliae
1443 2353 1614 2389 theatralis
1632 2382 1644 2396 ,
1687 2356 1779 2400 cujus
1806 2354 1967 2389 meminit
1992 2354 2078 2392 Plin.
2107 2354 2169 2392 lib.
2185 2339 2338 2395 xxxiion

1322 2415 1397 2453 cap.
1416 2418 1467 2440 ιι.
1517 2403 1623 2451 Q¹0d
1649 2415 1769 2440 tamen
1796 2404 1838 2440 de
1870 2405 1985 2452 primo
2013 2403 2248 2444 subselliorum
2283 2421 2337 2445 01·-

1322 2453 1400 2489 dine
1422 2453 1632 2490 senatoribus
1647 2454 1872 2505 relinquendo
1887 2454 2056 2492 constituit
2073 2456 2264 2505 Augustus,
2303 2457 2338 2494 id

1322 2517 1390 2558 ego
1409 2518 1519 2553 neque
1541 2504 1584 2559 ad
1602 2504 1721 2541 theatri
1739 2534 1751 2549 ,
1785 2518 1896 2554 neque
1914 2505 1957 2542 ad
1979 2506 2055 2542 circi
2079 2508 2267 2557 spec‘tacula
2287 2521 2339 2544 re-

1322 2555 1506 2591 rer-endum
1529 2555 1593 2591 esse
1613 2555 1796 2598 existimo,
1821 2556 1878 2592 sed
1897 2555 1941 2592 ad
1959 2568 2000 2592 ea
2016 2570 2093 2606 quae
2113 2557 2214 2602 alibi,
2232 2558 2338 2596 etiam

1325 2618 1383 2660 per
1404 2605 1540 2641 Italiam
1558 2633 1569 2648 ‚
1607 2605 1797 2643 ederentur.
1845 2607 1879 2642 in
1896 2607 2031 2643 tlieatro
2050 2609 2146 2647 enim
2165 2606 2337 2644 orchestra

1326 2661 1522 2711 lenatoriim
1542 2667 1631 2699 erat,
1657 2660 1694 2692 ὅ(
1710 2658 1750 2706 in
1768 2658 1861 2694 circo
1884 2670 1958 2693 non
1976 2657 2143 2706 Augustus
2155 2684 2168 2700 ,
2198 2657 2221 2694 s
2273 2659 2338 2707 pri-

1326 2719 1405 2742 mus
1436 2707 1490 2752 (n
1511 2707 1674 2743 Suetonio
1694 2706 1862 2753 creditur)
1892 2706 2050 2744 Claudius
2068 2735 2080 2750 ,
2110 2706 2208 2744 ornat
2270 2721 2336 2752 eo,

1328 2757 1463 2806 propria
1484 2756 1696 2793 senatoribus
1717 2757 1793 2794 loca
1812 2757 1981 2795 constituit
1998 2784 2018 2800 ,.
2053 2757 2244 2806 promiscue
2266 2757 2340 2809 spe-

1328 2808 1419 2843 <stare
1431 2806 1543 2844 solitis.
1599 2806 1705 2855 Qiod
1731 2807 1776 2844 sic
1794 2808 1930 2856 exponit
1956 2807 2073 2850 Dion,
2104 2819 2139 2844 ut
2157 2807 2183 2844 si
2202 2809 2275 2857 quis
2293 2809 2343 2845 se-

1328 2858 1490 2894 natorum
1513 2857 1592 2893 alibi
1614 2870 1720 2907 quam
1738 2858 1797 2894 suo
1820 2858 1900 2893 loco
1919 2855 2071 2905 spestare
2097 2857 2217 2904 vellet,
2246 2859 2280 2895 id
2305 2862 2335 2896 ei

1327 2908 1471 2958 quidem
1493 2907 1641 2944 liberum
1652 2905 1754 2951 ess'et,
1788 2906 1844 2943 sed
1861 2907 1895 2941 in
1909 2906 2002 2943 veste
2021 2909 2174 2957 privata,
2196 2922 2269 2946 non
2289 2910 2340 2946 se-

1327 2960 1468 2994 natoria.
1528 2956 1719 2994 Confundit
1733 2969 1853 2992 tamen
1865 2958 2071 3001 auctor-iile,
2097 2971 2131 2995 ut
2140 2960 2343 3010 plerumque

1330 3011 1439 3046 Graeci
1451 3036 1462 3051 ‚
1502 3007 1628 3043 circum
1648 3019 1729 3043 curn
1745 3007 1891 3043 theatro.
1948 3010 2004 3044 De
2021 3023 2090 3057 quo
2109 3010 2341 3048 nibilinvenio

1333 3058 1473 3096 mutasse
1503 3056 1687 3094 Claudium
1707 3086 1718 3100 ,
1768 3070 1888 3095 verum
1932 3060 2002 3102 eius
2036 3058 2201 3097 succeffoi·
2242 3064 2343 3097 Nero

1332 3107 1536 3148 circensibus
1561 3120 1700 3157 quoque
1734 3106 1810 3145 loca
1837 3109 1937 3157 equiti
1964 3108 2120 3149 secrevit.
2173 3110 2219 3148 fic
2247 3112 2342 3146 enim

2352 615 2400 643 11

2278 3161 2352 3198 hee
2395 3161 2402 3167 “
