2504 3425
82 326 115 367 6
163 334 255 366 rent
287 338 297 364 :

120 333 138 383 ς
164 381 514 446 nequeafortuna
532 379 755 443 probabat,
791 380 858 425 sed
895 395 1053 427 tantum
1076 400 1097 428 a
1123 384 1278 428 viribus
1313 403 1322 429 ε

164 449 318 512 gentia.
385 448 494 492 Non
506 462 619 490 enlm
635 445 790 508 ubique
815 460 860 490 ac
885 442 1068 506 semper,
1105 446 1172 491 sed
1193 464 1287 492 cum
1311 448 1438 493 hostis
1460 452 1500 494 in
1522 452 1714 511 proximo
1726 448 1846 504 esset,
1882 449 2100 494 coercebat
2136 469 2145 495 ε

723 161 794 214 D.
872 160 1264 233 JUL1us

1339 162 1725 218 CAESAR.
2210 186 2277 241 79

162 272 294 319 perce
317 251 467 317 pallus,
502 250 626 299 evasit
638 250 687 298 ad
702 253 937 314 proximam
952 271 1126 311 navem,
1163 258 1266 302 elata
1289 257 1386 303 laeva
1402 294 1414 314 ,
1448 274 1503 301 ne
1529 255 1688 315 libelli,
1724 274 1832 319 quos
1847 256 2036 313 tenebat,
2075 257 2279 307 madefie-

334 317 671 380 paludamentum
687 316 892 362 mordicus
906 317 1067 363 trahens
1078 355 1089 374 ,
1106 336 1156 363 ne
1171 319 1303 381 spolio
1318 323 1519 383 potiretur
1530 320 1670 367 hostis.
1697 323 1882 367 Militem
1895 338 2031 383 neque
2049 340 2069 367 a
2085 324 2275 373 moribus

1358 385 1635 448 traRabatque
1661 387 1744 447 pari
1770 385 1982 431 severitate
1995 399 2117 447 atque
2133 389 2277 433 indul—-

2182 466 2274 498 tum

166 513 345 557 maxime
360 511 524 556 exactor
535 508 790 573 gravissimus
806 507 1029 570 disciplinae
1042 547 1054 565 ,
1088 526 1133 554 ut
1148 528 1285 574 neque
1302 513 1459 557 itineris
1473 549 1485 568 ‚
1513 531 1649 576 neque
1665 515 1790 576 praelii
1811 528 1975 574 tempus
1989 512 2272 561 denuntiaret:

164 575 233 620 sed
249 589 430 637 paratum
457 579 500 619 Sc
525 576 732 618 intentum
756 587 981 618 momentis
1002 574 1224 630 omnibus,
1256 593 1342 636 quo
1366 577 1510 631 vellet,
1548 577 1683 622 subito
1707 578 1911 623 educeret.

1983 576 2115 634 Qiod
2142 581 2268 624 etiam

164 638 250 685 fine
265 637 392 684 caussa
413 639 657 700 plerumque
669 635 845 682 faciebat
856 672 869 691 ‚
909 640 1110 698 praecipue
1125 640 1273 698 pluviis
1284 674 1296 694 ‚
1320 644 1361 684 ὃς
1377 637 1489 683 festis
1503 640 1660 686 diebus.
1698 645 1764 686 Ac
1776 639 1949 686 subinde
1964 640 2270 688 observandum

162 701 203 748 se
236 703 482 754 admonens,
516 715 685 761 repente
723 700 900 744 interdiu
936 702 1000 744 vel
1034 701 1157 744 noste
1191 699 1452 747 subtrahebat
1485 722 1495 747 t

1531 705 1792 769 augebatque
1818 707 1914 757 iter,
1951 720 1996 750 ut
2022 703 2146 750 serius
2171 705 2268 752 lub-

84 773 146 814 66
167 764 380 828 sequentes
392 762 645 824 defatigaret.
681 764 913 807 Famavero
927 762 1140 808 hostilium
1158 766 1368 827 copiarum
1385 770 1620 827 perterritos
1642 786 1728 813 non
1754 769 1972 829 negand0‚
2009 770 2267 815 minuendo-

165 847 241 886 ve,
275 825 846 888 sedinsuperamplificando,
882 826 1238 890 ementiendoque
1258 829 1543 875 confirmabat.
1590 835 1735 895 Itaque
1754 849 1850 877 cum
1865 834 2096 894 expectatio
2111 833 2269 880 adven-

163 907 226 937 tus
247 891 366 955 Jubae
403 889 598 935 terribilis
630 888 751 944 esset,
785 891 1020 934 convocatis
1054 890 1101 935 ad
1137 894 1396 939 concionem
1430 893 1668 939 militibus:
1715 901 1882 950 Scitote,
1918 897 2080 956 inquit,
2109 900 2266 963 paucist

150 957 265 1017 fimis
294 955 355 1000 his
384 953 518 999 diebus
548 971 675 1019 regem
709 952 910 1016 affuturum
943 971 1031 999 cum
1064 972 1089 999 x
1122 956 1333 1019 legionibus
1357 993 1368 1013 ‚
1412 962 1580 1021 equitum
1612 977 1690 1004 xxx
1704 995 1717 1016 ,
1750 963 1853 1004 levis
1887 974 2090 1004 armatum
2128 979 2149 1006 c
2181 967 2264 1007 mi-

476 1095 846 1129 ToRREN'r.

212 1153 396 1190 Paludam.
407 1153 514 1189 mord.
526 1151 673 1187 trahens.
685 1148 700 1198 ]
712 1153 768 1192 De
778 1148 895 1186 libellis
906 1148 1072 1186 consentit
1081 1152 1177 1189 Dion

157 1203 216 1242 lib.
228 1218 270 1241 xL
281 1219 292 1241 1
306 1218 333 1242 1.
362 1203 407 1240 de
417 1201 663 1253 paludamento
680 1200 752 1237 abit
769 1199 927 1237 diversus.
960 1213 1044 1236 nam
1063 1205 1100 1238 δε
1120 1216 1176 1239 ve-

160 1255 264 1292 stium
292 1253 466 1305 pondere,
496 1257 533 1289 ὃς
560 1252 802 1302 AEgyptiorum
820 1249 1055 1300 frequentibus
1079 1252 1174 1297 telis,

157 1306 263 1356 quiin
274 1317 355 1349 eas,
386 1315 422 1341 ut
440 1315 585 1354 purpura
604 1302 755 1352 insignes
770 1330 783 1344 ,
812 1300 1049 1345 collimarent,
1078 1315 1176 1352 paene

158 1354 285 1406 periisse
294 1384 306 1399 ‚
334 1354 546 1404 tandemque
566 1355 604 1390 iis
612 1353 753 1399 abjectis
766 1351 884 1388 nando
897 1350 1034 1389 evasisse
1045 1355 1088 1389 ad
1099 1367 1177 1403 pro-

156 1407 290 1444 ximam
298 1407 429 1443 navim.
453 1405 599 1442 Vestem
609 1406 786 1453 AEgyptios
799 1403 925 1452 potitos
935 1402 978 1438 ad
990 1414 1174 1453 tropaeum,

158 1456 253 1507 quod
260 1455 349 1506 fugae
356 1455 441 1492 illius
448 1465 720 1491 monumentum
729 1464 907 1489 erexerant
918 1481 930 1496 ,
955 1452 1154 1503 suspendisse
1163 1484 1176 1498 ,

161 1505 553 1556 tanquamfiCaesarem
565 1504 674 1554 ipsum
684 1501 909 1553 peremissent.
942 1504 1087 1553 Appian.
1121 1507 1179 1541 Ci-

161 1556 221 1594 vil.
245 1571 297 1593 ιι.
313 1556 355 1592 de
366 1555 485 1592 libellis
495 1568 568 1592 non
577 1555 758 1598 meminit,
776 1553 1058 1604 paludamentum
1068 1554 1180 1592 hostes

158 1604 367 1656 intercepisse
382 1607 440 1644 air.

214 1665 272 1701 65.
302 1663 417 1705 Neque
432 1657 619 1702 afortuna.
639 1653 654 1703 ]
681 1654 823 1692 Mallem
840 1654 990 1700 afhrma
1006 1682 1018 1697 ,
1059 1667 1179 1704 quarn-

156 1707 210 1745 vis
225 1706 490 1756 repugnantibus
510 1706 621 1750 libris,
651 1717 687 1742 ut
707 1704 818 1742 Caesar
831 1718 903 1742 non
922 1716 995 1741 tam
1023 1707 1177 1754 corporis

112 1756 115 1759 ’
155 1757 341 1806 aptitudine
353 1785 365 1800 ,
391 1768 498 1807 quam
507 1770 542 1792 re
551 1757 620 1806 ipfia
630 1757 717 1793 vires
728 1756 937 1806 expenderit.
971 1754 1048 1804 Ipse
1061 1768 1177 1793 autem

154 1807 213 1845 lib.
232 1822 258 1845 1.
272 1811 515 1844 Commentar.
528 1806 660 1849 scribit,
678 1805 711 1842 se
721 1820 793 1842 non
803 1807 918 1842 minus
929 1804 972 1841 ab
984 1805 1090 1841 milite
1100 1821 1178 1843 mo-

154 1857 622 1901 destiam&continentiam,
646 1858 926 1906 quamvirtutem
947 1867 1048 1906 atque
1068 1858 1176 1894 animi

151 1908 430 1958 magnitudinem
448 1906 651 1944 desiderare.

148 1954 150 1957 ’
204 1959 329 2008 szque
345 1957 562 2007 acfitmper.]
595 1959 700 1995 Liber
725 1972 810 1995 unus
833 1969 895 1994 aut
928 1972 991 2010 pro
1009 1972 1059 1994 ac.
1089 1959 1175 1996 Mihi

149 2019 332 2059 utrumque
360 2022 557 2059 expungere
593 2008 685 2046 nulla
711 2008 831 2058 religio
859 2008 906 2045 est
932 2038 945 2053 ,
991 2020 1027 2047 ut
1052 2009 1174 2060 ubique

145 2060 273 2109 fimper
288 2059 454 2110 legamus.

206 2117 263 2148 66.
294 2111 543 2159 Ampltficando
576 2108 855 2158 ementiendoque.
880 2107 894 2157 ]
954 2110 1061 2147 Liber
1088 2125 1174 2149 unus

149 2161 373 2204 ementiendo,
402 2160 472 2197 fine
499 2160 632 2211 copula.
693 2159 758 2196 Sed
783 2159 939 2196 ementiri
975 2159 1047 2197 fere
1080 2163 1170 2212 apud

150 2211 306 2247 austores
316 2210 428 2248 nescio
438 2223 544 2262 quam
564 2210 761 2256 jactantiam
782 2211 818 2246 in
837 2208 1005 2260 fingendo
1016 2224 1057 2248 ac
1068 2226 1169 2250 men-

149 2259 267 2298 tiendo
285 2259 451 2312 fignificat
464 2291 477 2306 ,
502 2273 538 2298 ut
557 2260 712 2300 ementiri
720 2259 879 2310 stirpem,
892 2274 1007 2309 gentos.
1020 2263 1166 2303 Ovid.v.

148 2312 290 2349 Metam.

356 2410 372 2417 -
395 2416 412 2422 -
436 2394 518 2442 -qm'
526 2392 564 2441 ft
577 2390 730 2440 genitum
739 2391 948 2441 ftptemplt‘ce
971 2394 1052 2430 Nilo

289 2443 480 2479 Ementitm
498 2452 582 2480 erat.

205 2509 369 2560 Equitum
385 2513 486 2558 xxx.]
522 2513 696 2562 Appianus
715 2513 846 2557 Jubam
873 2513 1023 2553 habuiffie
1050 2513 1164 2553 scribit

147 2562 307 2609 equitum
316 2574 370 2598 xx.
391 2562 541 2612 peditum
554 2577 621 2599 xxx
645 2577 684 2601 M.
703 2564 906 2615 elephantos
932 2579 985 2604 Lx.
1043 2568 1162 2614 Qare

147 2608 334 2659 legendum
347 2612 469 2648 censeo
487 2640 499 2655 ,
528 2626 602 2648 cum
618 2627 650 2650 x.
676 2613 854 2662 legzonibtos
867 2646 879 2661 ,
910 2617 1059 2665 equitum
1077 2631 1158 2655 xxx,

145 2659 319 2704 millibws,
346 2655 525 2709 elephantis·
548 2674 635 2699 ccc.
656 2663 769 2700 deleto
779 2664 862 2701 levis
872 2677 1051 2702 armaturae
1071 2678 1105 2703 C.
1120 2680 1158 2704 M.

145 2708 190 2745 de
213 2711 382 2760 equitibus
391 2713 485 2748 enim
495 2724 573 2748 ante
582 2712 671 2749 dixit.
702 2716 780 2749 Nec
797 2715 905 2764 placet
927 2716 995 2752 hoc
1013 2716 1056 2752 de
1072 2729 1160 2753 cata-

145 2760 291 2809 phradtis
302 2761 440 2812 intelligi
466 2778 476 2799 ε
506 2775 546 2798 ea
565 2764 658 2799 enim
674 2776 747 2799 non
767 2777 838 2801 erat
850 2770 1051 2803 Maurorum
1063 2796 1074 2810 ,
1104 2780 1161 2804 aut

143 2810 381 2848 Numidarum
392 2812 522 2850 militia.
551 2817 593 2849 Et
600 2812 752 2864 alioquin
762 2816 865 2853 etiam
883 2816 955 2855 line
965 2817 1015 2855 his
1024 2817 1160 2855 abunde

140 2859 276 2901 famam
293 2863 422 2899 auxerit
440 2863 562 2901 Caesar.

446 2967 845 3005 CASAUBON.

191 3071 249 3110 64.
280 3065 385 3103 Elata
403 3065 488 3104 lava
510 3080 550 3104 ne
576 3066 710 3112 libelli,
741 3081 820 3117 quos
851 3067 1006 3113 tenebat,
1036 3071 1154 3107 made-

128 3113 289 3165 fiermt.]
320 3117 444 3158 Codex
460 3117 639 3164 Politiani,
670 3117 806 3157 elevata
823 3118 918 3159 lava.
947 3118 1042 3159 falso.
1070 3132 1155 3161 nam

2137 1025 2236 1071 libus
2250 1062 2264 1082 ,

1239 1108 1362 1133 verum
1380 1096 1427 1133 est
1441 1108 1588 1134 manum
1616 1098 1741 1136 laevam
1767 1111 1787 1136 a
1816 1101 1950 1138 Caefiare
1976 1102 2010 1139 in
2038 1117 2082 1140 eo
2110 1106 2260 1154 periculo

1233 1144 1299 1184 effe
1318 1146 1443 1183 elatam
1455 1176 1467 1190 ,
1498 1161 1541 1183 ne
1559 1151 1821 1195 commentarii,
1853 1166 1940 1202 quos
1957 1152 2011 1189 illa
2032 1167 2141 1191 manu
2158 1168 2253 1193 tene-

1231 1197 1310 1241 bat,
1341 1196 1580 1236 madefierenr.
1631 1201 1703 1236 Dio
1734 1214 1744 1237 ε
1780 1202 1900 1238 πολλοὶ
1932 1203 2134 1251 γράμματα
2162 1206 2189 1243 ἐν
2215 1211 2261 1250 τῇ·

1231 1249 1366 1295 ἁριςερῇ
1385 1248 1474 1295 χειρὶ
1493 1248 1619 1295 ἀνέχων
1637 1249 1782 1298 ἔνῆξοιτο.
2237 1248 2244 1257 ’

1286 1306 1306 1334 6
1317 1313 1342 1342 5.
1376 1299 1526 1335 Militem
1544 1301 1834 1349 nequeamortbtu
1848 1315 1953 1352 neque
1961 1304 2132 1351 afhrtuna
2140 1307 2267 1355 proba«

1230 1347 1324 1396 bat.]
1354 1349 1385 1384 Si
1402 1349 1482 1399 quid
1501 1351 1709 1387 mutandum
1721 1380 1730 1394 ,
1761 1352 1845 1389 nihil
1862 1354 1985 1392 melius
2011 1357 2258 1396 emendatione

1233 1400 1405 1435 Torrentii
1420 1428 1433 1442 ,
1463 1413 1486 1435 a
1494 1401 1623 1446 forma.
1653 1401 1717 1437 Sed
1735 1403 1817 1451 quid
1837 1402 1861 1438 fi
1880 1404 1947 1441 hoc
1961 1406 2107 1445 melius?
2133 1410 2256 1459 magni

1235 1451 1329 1486 enim
1347 1449 1558 1487 aestimamus
1586 1451 1789 1489 consensum
1818 1466 1897 1491 Mss.
1952 1458 2059 1506 Igitur
2076 1471 2099 1493 a
2110 1459 2256 1504 fortuna

1235 1501 1456 1550 interpretor,
1480 1501 1622 1539 acensu.
1680 1504 1788 1539 Graeci
1817 1503 2001 1545 πλετίνδην
2027 1504 2223 1557 δοκιμάζειν
2243 1525 2255 1547 :

1235 1552 1328 1600 quod
1341 1550 1462 1600 Polyb.
1476 1553 1510 1588 in
1521 1551 1610 1588 sexta
1622 1552 1773 1589 Historia
1792 1554 1838 1590 ait
1854 1553 1985 1591 factum
1997 1568 2017 1592 a
2036 1560 2208 1596 Romanis
2218 1560 2256 1598 in

1235 1603 1391 1650 equiturn
1409 1601 1544 1640 dilectu.
1575 1602 1629 1639 sed
1648 1607 1683 1639 ὃ(
1705 1604 1740 1639 in
1757 1604 1872 1653 pedite
1889 1604 2059 1643 servatum
2080 1607 2196 1653 idem,
2218 1622 2255 1648 ut

1234 1664 1274 1687 ex
1284 1652 1356 1701 ipso
1366 1652 1512 1702 Polybio
1523 1654 1747 1702 probavimus
1757 1654 1846 1692 alibi.
1907 1657 2022 1694 Livius
2042 1657 2099 1695 lib.
2114 1671 2186 1695 xxx
2200 1673 2251 1699 iv.

1233 1714 1336 1740 xxxi.
1366 1703 1546 1740 Nabidem
1566 1707 1771 1754 Spartanum
1781 1706 1827 1741 ita
1837 1704 1917 1741 facit
1936 1707 2064 1756 alloqui
2080 1713 2124 1746 T.
2138 1711 2251 1758 Quin-

1230 1753 1317 1789 tium
1350 1769 1358 1790 :
1387 1759 1443 1789 Vos
1466 1766 1489 1788 a
1504 1755 1597 1802 censu
1612 1754 1778 1804 equitem,
1810 1768 1832 1791 a
1850 1756 1943 1804 censu
1962 1759 2109 1805 peditem
2119 1759 2226 1807 legitis
2238 1776 2250 1796 :

1230 1801 1283 1845 Εἴ
1294 1811 1414 1851 paucos
1429 1804 1583 1840 excellere
1601 1804 1710 1853 opibus
1720 1832 1731 1848 ,
1751 1805 1879 1852 plebem
1894 1806 2086 1856 ficbjetffam
2109 1810 2165 1857 effe
2183 1810 2252 1848 illis

1229 1853 1346 1891 vultis.
1378 1857 1512 1891 Por-tius
1531 1859 1637 1892 Latro
1667 1855 1757 1905 apud
1782 1858 1950 1893 Senecam
1976 1870 2109 1908 patrem
2127 1859 2182 1897 lib.
2197 1864 2246 1900 ΙΙ.

1229 1906 1353 1951 Censws
1381 1923 1386 1927 ·
1401 1906 1611 1953 senatorium
1649 1907 1799 1952 gradttm
1843 1907 1992 1955 ascendit
2020 1925 2030 1944 .-
2069 1910 2177 1958 census
2210 1911 2250 1947 in

1227 1955 1338 2002 castris
1346 1955 1556 2003 senatorium
1588 1956 1738 1991 ordinem
1756 1964 1932 2004 promovet
1959 1974 1969 1993 .-
1996 1960 2106 2007 census
2115 1961 2247 2008 judzces

1224 2005 1262 2040 in
1282 2006 1360 2050 foro
1387 2006 1477 2052 legit.
1526 2006 1634 2055 Qiod
1669 2017 1772 2055 negat
1797 2018 1815 2042 a
1864 2007 2022 2045 moribus
2058 2010 2247 2059 probatum

1226 2056 1349 2092 Caefiu·i
1369 2056 1514 2094 militem
1538 2085 1549 2099 ‚
1594 2056 1628 2093 id
1663 2069 1682 2091 a
1701 2060 1867 2093 Romana
1900 2058 2074 2108 disciplina
2101 2073 2163 2109 per
2183 2059 2248 2099 fuit

1222 2105 1384 2144 alienum.
1442 2106 1603 2144 Observo
1630 2108 1725 2143 enim
1751 2119 1854 2144 tantae
1892 2111 2066 2147 Romanis
2100 2110 2246 2150 ducibus

1223 2170 1310 2194 curae
1327 2155 1421 2194 fuilie
1442 2170 1558 2193 mores
1578 2157 1716 2194 suorum
1736 2158 1884 2194 militum
1903 2187 1914 2202 ,
1946 2171 1982 2196 ut
1994 2161 2028 2196 in
2039 2163 2190 2199 numeris
2198 2162 2243 2200 ad

1221 2208 1382 2257 cujusque
1400 2221 1533 2245 nomen
1551 2220 1632 2244 nota
1645 2221 1788 2245 morum
1800 2209 2042 2259 adponeretur.
2062 2212 2245 2261 Appianus

1221 2258 1417 2306 Ἐμφυλῖων
1446 2258 1502 2294 lib.
1519 2262 1585 2295 Ill.
1612 2257 1710 2298 2'7'77772
1745 2258 1840 2306 παρὰ
1867 2262 1929 2295 τῶν
1953 2260 2149 2310 >couvignon
2176 2260 2241 2304 τὲς

1218 2307 1413 2350 ςαφιώὸεις·
1431 2309 1648 2358 niviatenam-'lov
1662 2308 1733 2356 7¹⁷3?
1754 2309 1819 2347 ἐςιν
1840 2309 1867 2346 ἐν
1885 2313 1951 2351 τοῖς
1963 2311 2134 2354 Ῥωμαίων
2153 2327 2239 2362 530⁶-

1218 2362 1285 2400 τοῖς
1302 2360 1354 2396 02⁵2
1378 2361 1450 2395 καθ’
1471 2358 1525 2394 ἕνα,
1544 2356 1648 2407 ἄνὸξοι
1665 2359 1683 2394 ὁ
1699 2358 1834 2407 τξόπος.

1269 2411 1427 2458 Praecipit:
1440 2408 1568 2458 pluviis
1587 2407 1640 2452 Εἴ
1650 2409 1742 2455 fhstls
1760 2409 1914 2458 Aiebat]
1945 2413 2032 2447 Haec
2059 2411 2129 2449 duo
2148 2423 2238 2450 tem-

1216 2473 1302 2510 pora
1318 2474 1424 2511 quam
1445 2458 1509 2496 ssnt
1522 2459 1697 2496 hostilibus
1714 2457 1840 2497 insidiis
1858 2473 2055 2511 opportuna
2067 2491 2080 2506 ,
2101 2476 2142 2499 ex
2159 2463 2238 2500 scri-

1217 2512 1369 2560 ptoribus
1388 2511 1671 2561 stratagematum
1691 2510 1818 2547 discere
1844 2510 1929 2549 licet.

1266 2570 1322 2600 66.
1353 2568 1432 2598 Non
1448 2561 1618 2608 negand9‚
1643 2562 1906 2607 mitaneas—oa]
1957 2562 2061 2599 Liber
2099 2564 2234 2608 cujacii

1209 2611 1443 2648 inhibendove.
1471 2624 1544 2647 non
1563 2610 1704 2646 absurde
1736 2626 1746 2647 ι
1777 2611 1850 2647 imo
1869 2610 2006 2648 formffe
2024 2614 2128 2650 reste.
2155 2616 2234 2649 No-

1211 2674 1253 2699 tae
1272 2675 1361 2700 artes
1380 2662 1552 2712 hodieque
1587 2660 1753 2711 politiciS‚
1783 2674 1940 2698 rumores
1968 2660 2122 2698 finisti-os
2147 2663 2231 2700 inhi-

1212 2713 1303 2750 bere.

1265 2768 1355 2799 Cum
1381 2762 1561 2811 expeffatio
1596 2762 1767 2798 adventus
1803 2760 1900 2807 Juba
1927 2761 2087 2799 terribilis
2113 2760 2229 2812 φὴ]

1212 2813 1344 2852 Viterb.
1366 2826 1441 2849 cum
1461 2813 1638 2860 expeffatio
1664 2811 1771 2857 anc.
1833 2810 1900 2862 Ipli
1925 2812 2071 2856 Coesari,
2096 2812 2226 2850 nedum

1211 2864 1374 2901 militibus
1393 2864 1485 2909 ejus,
1514 2861 1622 2906 θυμὶς
1642 2863 1681 2897 ἐνὶ
1701 2862 1848 2901 ςῆξθεγινι
1865 2860 2025 2898 πάτασσε
2040 2891 2053 2905 ,
2081 2860 2227 2900 siDioni

1210 2914 1296 2952 fides
1324 2930 1333 2952 :
1363 2915 1419 2964 qui
1431 2913 1530 2964 plane
1541 2912 1876 2950 divinitnslervatum
1892 2925 2015 2950 narrat.

1263 2966 1362 3000 Levis
1378 2976 1562 3000 armatum
1590 2967 1630 3000 C.
1652 2962 1811 2999 milliens.
1837 2964 1851 3012 ]
1900 2967 2040 3008 Errant,
2068 2966 2126 3015 qui
2143 2977 2223 3000 cen-

1208 3014 1279 3052 sent
1299 3015 1371 3051 liaec
1402 3015 1508 3053 verba
1528 3027 1600 3051 non
1628 3011 1694 3049 effe
1719 3012 1881 3063 legitima.
1942 3016 2067 3052 Hirtius
2095 3029 2105 3050 2
2130 3019 2222 3050 Cum

1197 3067 1378 3114 praesertim
1392 3065 1434 3102 ab
1460 3066 1519 3101 ina
1533 3065 1572 3101 lis
1607 3065 1673 3113 ejm
1709 3065 1886 3112 provincia
1903 3066 2144 3101 nunciarentur
2160 3063 2223 3100 ad-

1206 3116 1435 3168 versariorum
1454 3116 1562 3165 copie,
1587 3115 1756 3165 equitatus
1773 3112 1946 3164 thyinum,
1975 3114 2109 3164 legiones
2134 3113 2225 3163 regia

2168 3176 2224 3204 JYO
