2504 3425
204 194 310 264 678
547 182 2021 249 C.SuET.TRANQu1LL1L113.VIII.

213 286 405 334 monium
428 298 619 334 uxorem,
655 280 721 323 cui
743 275 908 322 dimissa:
930 272 1117 318 adulterii
1130 268 1554 324 crimenintenderat,
1589 269 1706 316 erasit
1715 271 1899 329 judicum
1912 272 2022 318 albo.
2086 271 2307 333 Quosdam

217 367 270 395 ex
294 363 471 410 utroque
493 345 638 391 ordine
659 343 750 402 lege
773 338 982 383 Scantinia
1014 334 1323 382 condemnavit.
1390 331 1552 377 Incesta
1587 331 1823 378 Vestalium
1853 337 2064 398 virginum
2082 372 2095 393 ,
2137 356 2160 384 a
2193 351 2304 400 patre

217 429 388 476 quoque
409 409 480 455 suo
502 413 544 451 &
568 404 688 450 fratrc
711 403 921 464 neglecta,
957 402 1064 445 varie
1095 416 1141 444 ac
1171 395 1308 443 severe
1330 397 1542 442 coercuit:
1577 396 1880 458 prioracapitali
1905 400 2128 459 supplicio,
2164 401 2308 464 poste-

219 479 326 523 riora
349 488 463 520 more
489 469 630 514 veteri.
697 467 815 511 Nam
837 481 932 509 cum
957 463 1163 509 Ocel'latis
1180 460 1416 516 sororibus,
1450 461 1553 506 item
1576 461 1803 507 Varonillae
1826 460 2003 506 liberum
2030 467 2174 510 mortis
2212 482 2310 529 per-

220 536 380 585 misisset
398 533 636 586 arbitrium,
673 525 1014 591 corruptoresque
1038 543 1176 572 earum
1198 523 1432 588 relegasset:
1472 539 1571 569 mox
1584 523 1831 570 Corneliam
1844 524 2052 585 virginem
2065 527 2309 583 Maximam,

220 600 445 645 absolutam
465 596 568 640 olim
583 629 595 649 ,
630 591 781 638 dehinc
803 595 935 655 longo
962 591 1181 637 intervallo
1202 590 1418 651 repetitam
1442 602 1568 651 atque
1592 590 1829 634 convictam
1845 622 1857 643 ,
1892 585 2038 632 defodi
2065 591 2309 650 imperavitz

218 657 542 724 stupratoresque
565 658 692 720 virgis
719 658 763 701 in
786 659 962 702 comitio
984 654 1033 700 ad
1058 671 1206 700 necem
1226 652 1351 709 caedi,
1386 666 1560 713 excepto
1584 654 1774 713 praetorio
1797 653 1910 696 viro:
1947 653 2014 695 cui
2039 651 2166 709 dubia
2189 658 2310 700 etiam

219 742 309 771 tum
329 723 477 778 causta,
512 724 556 765 &
582 722 749 766 incertis
768 719 1063 783 quaestionibus
1082 734 1204 780 atque
1224 718 1442 763 tormentis
1464 716 1516 762 de
1540 713 1668 761 semet
1692 714 1872 779 professo
1885 749 1899 771 ,
1932 713 2314 765 exsiliumindulsit.

219 793 289 836 Ac
315 804 366 833 ne
387 803 470 849 qua
492 785 640 848 religio
664 786 809 830 Deum
832 787 1004 847 impune
1027 784 1376 830 contaminaretur
1391 817 1406 838 ,
1437 793 1789 837 monumentum,
1824 778 1942 843 quod
1964 778 2138 827 libertus
2170 785 2257 842 ejus
2290 799 2313 828 e

219 850 427 914 lapidibus
447 850 606 913 templo
620 849 854 911 Capitolini
878 849 996 912 Jovis
1015 846 1224 893 destinatis
1249 843 1340 891 filio
1361 842 1668 900 construxerat,
1701 844 1829 890 diruit
1846 860 1919 907 per
1940 844 2112 890 milites:
2149 845 2313 910 osiaque

220 921 265 962 δε
289 916 505 977 reliquiaS,
541 929 633 975 quae
653 915 835 969 inerant,
871 913 972 958 rnari
992 911 1146 958 mersit.
1211 913 1324 955 Inter
1346 910 1466 955 initia
1488 908 1618 972 usque
1641 908 1745 955 adeo
1764 908 1814 954 ab
1837 907 1959 954 omni
1982 908 2096 955 caede
2116 909 2313 958 abhorre-
2333 920 2376 965 9⁷⁷

220 980 316 1037 bat,
349 994 396 1024 ut
419 976 586 1024 absente
607 977 739 1024 adhuc
760 991 896 1040 patre,
931 976 1165 1022 recordatus
1185 974 1362 1037 Virgilii
1380 971 1563 1019 versum:

687 1046 819 1107 Impia
843 1058 961 1102 quam
984 1042 1082 1097 casis
1091 1057 1190 1102 gens
1208 1039 1259 1095 est
1284 1039 1438 1103 epulata
1458 1039 1667 1103 juvencist

223 1109 387 1155 edicere
409 1105 643 1160 destinarit,
679 1122 725 1149 ne
747 1097 866 1149 boves*
883 1106 1193 1148 immolarentnr.
1260 1100 1515 1162 Cupiditatis
1537 1117 1708 1162 quoque
1742 1115 1866 1163 atque
1901 1101 2077 1148 avaritiae
2097 1103 2167 1150 vix
2189 1098 2320 1164 suspi-

217 1174 386 1220 cionem
419 1171 567 1227 ullam,
601 1182 670 1214 aut
701 1169 882 1230 privatus
915 1183 1137 1229 umquam,
1170 1179 1238 1212 aut
1272 1165 1472 1226 Princeps
1503 1163 1758 1227 aliquamdiu
1775 1164 1918 1211 dedit:
1951 1165 2088 1211 immo
2109 1165 2319 1213 ediverso

2155 1247 2317 1294 magnae

221 1321 278 1347 ces
294 1306 336 1344 ad
357 1303 718 1344 eandemssdiecionem
737 1302 967 1350 pertinentes,
993 1302 1041 1338 ita*
1056 1300 1168 1339 solitas
1189 1301 1239 1338 in·
1286 1301 1323 1338 in
1349 1300 1494 1352 antiquis
1521 1300 1756 1339 marmoribus
1773 1329 1785 1345 ,
1823 1311 1976 1340 comm
2014 1312 2244 1341 CLAUDIANAE
2277 1316 2313 1342 v.

221 1358 359 1397 ter-dum
377 1356 483 1394 dividi
500 1355 847 1408 punstointerjesto..
879 1365 984 1404 quare
1005 1365 1128 1394 verum
1148 1363 1240 1398 erat,
1294 1364 1330 1392 v.
1370 1364 1531 1389 MAxxmffi
1549 1381 1579 1410 ,·
1610 1356 1648 1389 ὅ(
1679 1364 1736 1389 1²1..
1777 1363 1964 1391 runucxffi
1992 1365 2028 1390 v.
2063 1367 2097 1392 v.
2137 1366 2317 1411 mlxx-1342.

221 1413 269 1451 T.
286 1411 331 1448 R.
355 1409 393 1445 P.
411 1410 455 1446 L.
1293 1405 1421 1439 Praeter
1439 1403 1642 1441 Corneliam
1660 1415 1746 1439 vero
1771 1405 1810 1438 δ(
1837 1413 1904 1441 tres
1920 1403 2001 1441 alias
2024 1402 2084 1441 sub
2113 1406 2321 1442 Domitiano

220 1452 229 1457 “
1296 1452 1479 1490 damnatas
1503 1451 1598 1491 fuiffe
1612 1452 1734 1490 Euseb.
1757 1453 1940 1492 Chronicis
1965 1451 2079 1493 refert.
2137 1455 2202 1491 Cui
2228 1454 2319 1493 adde

553 1487 588 1523 T
615 1497 638 1521 ⁰
662 1497 689 1522 R
718 1496 749 1521 ¹²*
773 1495 795 1521 E
824 1495 851 1522 N
879 1496 914 1522 Τ·
1297 1503 1520 1541 Plutarchum
1542 1504 1660 1542 Probl.
1685 1507 1842 1542 Roman.
1866 1505 2182 1555 Quadis-xxxin.

278 1555 347 1590 Cui
364 1550 538 1600 dimissa]
572 1557 642 1589 Lex
670 1552 804 1604 (inquit
821 1549 985 1603 Ulpian.)
1016 1551 1140 1589 mariti
1156 1550 1243 1588 leno·
1353 1556 1508 1592 Pretorio
1525 1555 1642 1604 virm]
1677 1555 1861 1594 Valerium
1880 1557 2100 1594 Licinianum
2115 1565 2219 1595 vocat
2229 1554 2314 1595 P-lin,

221 1603 350 1640 tiniam
369 1612 510 1645 coercet,
535 1603 596 1652 qui
618 1603 855 1651 deprehensam
870 1604 908 1638 in
922 1600 1089 1638 adulterio
1106 1615 1248 1655 uxorem
1295 1604 1405 1654 Epist,
1430 1617 1539 1656 quam
1554 1617 1635 1644 ante
1650 1604 1729 1644 dixi.

221 1653 374 1690 retinuit.
404 1653 516 1701 Atque
536 1653 590 1690 hic
609 1653 780 1690 dimiserat
791 1653 956 1703 quidem,
984 1652 1042 1689 sed
1060 1666 1140 1691 cum
1161 1665 1242 1690 earn

221 1716 309 1741 mox
325 1703 522 1748 reduxisset,
544 1703 652 1742 videri
672 1715 806 1756 poterat
834 1717 908 1742 non
922 1700 1092 1742 dimisisse.
1150 1704 1244 1745 Vide

224 1753 248 1790 l.
265 1767 306 1791 xx
315 1769 363 1792 rx.
389 1757 446 1791 De
467 1754 647 1792 adulteriis.

283 1809 363 1851 Lege
378 1803 569 1854 seminia]
605 1809 691 1844 Haec
710 1804 962 1857 impudicitiam
979 1805 1182 1850 coercebat,
1207 1818 1244 1844 ut

225 1853 280 1890 lex
300 1854 385 1897 julia
404 1853 575 1903 stuprum,
608 1856 821 1893 adulterium.
877 1859 1091 1906 Qranquam
1107 1857 1244 1902 &Julia

230 1903 282 1949 (si
302 1904 489 1947 justiniano
507 1905 700 1952 credimus)
741 1920 801 1944 eos
829 1908 989 1957 puniebat
1009 1908 1114 1944 etiam
1137 1936 1149 1951 ,
1188 1911 1245 1958 qui

226 1967 309 1990 cum
336 1954 490 1992 masculis
515 1955 732 2006 deliquissent.
790 1959 869 2005 Qa
903 1958 946 1994 de
979 1971 1016 1994 re
1053 1960 1142 2009 Aug.
1169 1971 1241 2009 cap.

1615 1681 2017 1717 CArsauBo‘N.

1353 1740 1436 1786 Lege
1453 1737 1645 1785 scannia]
1676 1737 1745 1776 Vel
1760 1739 1940 1776 Scantinia
1954 1767 1967 1784 ‚
1997 1749 2033 1776 ut
2050 1736 2129 1775 alibi
2146 1737 2332 1779 scribiturz:

1299 1789 1338 1824 ὅ(
1356 1787 1570 1826 Turonensis
1594 1801 1731 1839 quoque
1749 1801 1773 1824 n
1793 1790 1958 1838 agnoscit.

1358 1852 1392 1881 9.
1414 1839 1479 1875 Vix
1493 1838 1710 1887 suspicionem
1719 1838 1865 1886 ullam]
1884 1839 2018 1888 Cujacii
2033 1837 2140 1882 liber,
2150 1838 2324 1888 suspeetio-

1301 1900 1399 1924 nem..

1658 1952 1960 1988 Vanxon.

227 2017 354 2043 xxxiv.
412 2007 522 2042 Poena
540 2017 658 2042 autem
676 2008 830 2043 Scatinioe
853 2008 936 2058 legis
962 2010 1113 2057 primum
1143 2022 1246 2058 pecu·
1355 2007 1599 2057 Corneliam]
1618 2009 1710 2049 Vide
1728 2009 1960 2048 Herald.1.de
1971 2007 2315 2057 Auet.r.jud{1.§.15.

228 2056 334 2092 niaria
356 2053 418 2092 fuit
434 2085 445 2099 ,
489 2056 548 2093 sub
576 2056 774 2093 Christianis
793 2070 877 2095 vero
906 2059 1064 2108 capitalis.
1103 2060 1123 2097 l.
1143 2073 1245 2100 xxxi.
1304 2059 1420 2096 ΘΟΕ-8.

232 2105 325 2143 Cod.
355 2109 413 2142 De
433 2106 573 2144 adulter.
604 2107 825 2156 Quinstilian.
844 2107 901 2145 lib.
926 2122 976 2147 iv.
996 2121 1070 2159 cap.
1098 2124 1150 2146 11.
1192 2117 1247 2148 In·
1358 2122 1391 2152 9.
1414 2111 1521 2158 Impia
1535 2122 1640 2159 quam
1650 2109 1763 2160 cafix]
1780 2109 1942 2161 Virgilius
1951 2111 1987 2147 in
2004 2111 2334 2161 11.Georgicorum=

223 2168 372 2204 genuum
385 2156 580 2205 stupravit,
626 2155 679 2199 Εἴ
694 2157 868 2206 stupratus
879 2164 920 2205 μ
928 2158 1112 2207 suspendit.
1168 2166 1247 2198 Non
1302 2157 1349 2196 fic
1366 2159 1500 2197 scribit:

230 2216 349 2242 tamen
365 2207 438 2242 ideo
446 2206 616 2255 stuprator
633 2210 758 2256 capite,
793 2218 832 2245 ut
854 2207 956 2256 causa
974 2209 1111 2252 mortis,
1130 2212 1248 2257 punie-

229 2266 309 2300 tur,
330 2257 394 2304 fid
406 2271 441 2294 x.
459 2258 591 2302 millia,
617 2271 683 2307 qua
694 2265 795 2306 poena
809 2258 993 2306 stupratori
1009 2258 1184 2304 constituta
1194 2261 1248 2308 est,
1416 2261 1528 2309 Impia
1546 2274 1650 2311 quam
1669 2261 1745 2308 caefis
1756 2276 1836 2312 gens
1860 2262 1902 2309 est
1921 2263 2061 2310 epulata
2074 2262 2228 2309 juvencis
2243 2263 2272 2308 ,f

231 2306 342 2342 dabit.
399 2307 524 2344 Similis
543 2308 637 2344 locus
662 2307 719 2346 lib.
739 2323 821 2348 vir.
849 2320 922 2359 cap.
949 2323 1001 2347 xv.
1057 2311 1251 2349 Meminere
1416 2316 1555 2348 Aureus
1572 2311 1662 2348 hanc
1678 2315 1791 2349 vitam
1820 2314 1857 2349 in
1883 2315 1984 2348 terris
2003 2316 2172 2348 Saturnus
2190 2314 2337 2362 agebat..

230 2355 387 2403 ejusdem
407 2356 490 2408 legis
508 2359 580 2396 Cic.
607 2359 751 2410 Philipp.
777 2374 788 2396 ι
801 2373 813 2397 1
826 2373 854 2397 ι.
904 2359 1035 2397 Coelius
1058 2359 1102 2396 ad
1130 2362 1243 2401 Cicer.
1305 2362 1348 2396 In
1364 2360 1578 2410 expositione
1595 2362 1691 2408 hujus
1717 2362 1830 2402 versus
1847 2363 1891 2398 ait
1911 2363 2046 2402 Servius
2067 2377 2077 2399 :
2116 2365 2227 2410 Qod*
2245 2379 2337 2402 mar

233 2406 330 2456 epist.
361 2409 455 2445 Fam.
474 2408 647 2448 lib.v111.
672 2409 828 2454 Juvenal.
864 2413 931 2447 Sat.
955 2424 1009 2448 11.
1047 2411 1247 2451 Tei-tullian.
1294 2411 1381 2459 jores
1407 2411 1504 2448 boves
1530 2413 1659 2462 ⁶0m⁶ffi
1686 2414 1781 2459 nefas
1800 2413 1988 2462 putabant.
2043 2412 2168 2450 Plinius
2185 2427 2339 2466 quoque·

233 2456 292 2493 De
313 2460 565 2509 monogamia,
587 2463 623 2497 ὅ(
649 2460 810 2498 Prudent.
839 2461 974 2511 hymno
993 2462 1028 2497 in
1045 2464 1252 2501 Romanum
1304 2463 1342 2498 ὃ(
1357 2461 1555 2498 Columella
1577 2463 1713 2501 tradunt
1730 2492 1741 2508 ‚
1771 2464 1806 2500 in
1829 2474 1921 2500 tanta
1941 2461 2036 2501 fuisse
2051 2463 2143 2513 apud
2167 2466 2342 2516 antiquos*

233 2508 434 2557 Martyrem.
490 2513 573 2547 Sunt
597 2510 653 2560 qui
668 2512 876 2548 Scantiniam
895 2523 1062 2549 vocatam
1085 2512 1211 2557 velint,
1230 2526 1250 2551 a
1303 2513 1527 2550 veneratione
1546 2512 1655 2551 boves
1670 2542 1682 2558 ‚
1710 2526 1745 2551 ut
1764 2526 1837 2552 tam
1857 2515 2000 2562 capitale
2022 2513 2103 2552 esset
2124 2514 2340 2554 bovemner

236 2559 278 2593 C.
301 2560 472 2596 Scantinio
492 2563 553 2598 Tr.
587 2563 631 2610 pl.
657 2560 759 2612 stupri
787 2564 820 2599 in
840 2561 991 2599 Marcelli
1015 2561 1127 2599 filiurn
1152 2577 1251 2601 com·
1304 2561 1409 2605 casse,
1434 2575 1543 2614 quam
1567 2565 1693 2602 civem.
1752 2568 1946 2602 BEROALD.

1414 2216 1512 2247 Ante
1527 2212 1636 2248 etiam
1646 2211 1813 2260 sceptrum
1833 2213 1950 2249 Dima·
1968 2212 2070 2261 regis,
2098 2209 2151 2253 Εἴ
2171 2223 2255 2250 ante

234 2607 325 2643 miffi
349 2609 537 2654 damnato,
563 2610 606 2647 de
624 2625 694 2662 quo
714 2613 830 2650 Valet.
853 2616 944 2650 Max.
964 2611 1095 2651 lib.v1.
1118 2626 1195 2664 cap.
1221 2629 1249 2652 1.

291 2662 385 2694 More
402 2660 548 2709 veteri.]

235 2706 376 2751 Numa,
405 2710 517 2748 festus
536 2713 570 2748 in
591 2714 767 2750 Probrum.
795 2713 1040 2759 Juvenal.‚‚sat.
1058 2728 1108 2753 iv.

453 2783 470 2791 ·
494 2783 509 2789 -
533 2785 547 2791 -
577 2775 653 2798 cum
673 2776 737 2811 quo
756 2774 859 2813 nuper
882 2767 1016 2800 vittata
1025 2764 1166 2813 jacebat

348 2811 512 2858 Sanguine
527 2812 638 2848 adhuc
658 2814 742 2849 vivo
763 2824 895 2851 terram
909 2815 1071 2861 subitura
1086 2816 1265 2863 filcerdos„

292 2859 488 2895 Corneliam
521 2863 609 2909 virg.
650 2863 768 2912 mma]
825 2865 949 2902 Recte.
985 2866 1019 2902 in
1048 2864 1254 2914 quibusdam

238 2907 331 2943 enim
348 2907 439 2944 libris
456 2911 650 2947 Corneliam
667 2917 866 2950 Maximam
879 2943 890 2957 ,
920 2914 1017 2964 quasi
1036 2915 1070 2952 id
1095 2918 1168 2962 ejus
1192 2930 1252 2955 co-

238 2970 395 3006 gnomen
416 2957 456 2993 sit
474 2986 486 3001 ,
511 2958 629 3008 legitur
648 2989 658 3002 ‚
686 2964 731 2997 uti
746 2967 782 2999 ἃ
798 2966 832 3000 in
849 2964 950 3000 Plinii
967 2965 1026 3002 vul
1051 2966 1114 3002 atis
1131 2979 1250 3004 exem-

239 3007 383 3055 plaribus
400 3007 456 3044 lib.
484 3021 535 3045 ιν.
577 3010 676 3059 Epist.
693 3024 749 3048 xi.
796 3013 855 3050 ubi
880 3013 995 3051 sermo
1043 3028 1061 3051 e
1091 3015 1153 3052 hac
1181 3017 1250 3067 ipsa

237 3058 397 3094 Cornelia
419 3072 426 3094 :
454 3060 543 3092 Cum
567 3059 759 3095 Corneliam
789 3065 1026 3101 Maximillam
1055 3065 1246 3113 virginem,

234 3110 301 3144 &c
348 3121 411 3158 pro
436 3107 628 3145 Corneliam
657 3121 745 3158 vtrg.
771 3111 989 3152 Maximam„
1025 3112 1070 3151 sic
1096 3126 1248 3166 namque

586 2664 641 2698 De
654 2675 724 2712 quo
741 2664 857 2701 Livius
875 2663 932 2700 lib.
951 2677 1012 2700 xxi
1027 2677 1055 2701 ι.
1083 2663 1252 2703 Plutarch.

1359 2619 1414 2650 Ne
1428 2614 1527 2649 boves
1544 2614 1839 2664 immolarentum]
1869 2619 1918 2652 Ex
1936 2614 2103 2666 dogmate
2120 2616 2324 2665 Pythagori-

1305 2675 1350 2699 co
1376 2664 1566 2714 praecipitur
1584 2665 1673 2715 apud
1697 2665 1870 2703 Ovidium
1885 2694 1910 2709 ,.
1929 2679 1975 2703 ne
2002 2667 2112 2705 boves
2137 2666 2326 2702 immolen-

1307 2725 1380 2756 tur,
1406 2728 1494 2754 neve
1511 2714 1737 2754 adhibeantur
1755 2716 1936 2754 incibatu.
1978 2718 2030 2754 Sic
2049 2717 2145 2753 enim
2161 2715 2339 2767 scriptum,

1307 2764 1360 2802 est‘
1375 2779 1390 2802 z.

1418 2816 1517 2865 <Quid
1522 2829 1673 2853 meruere
1685 2815 1784 2853 boves
1796 2845 1809 2861 ,
1821 2817 1961 2855 animal
1959 2815 2034 2866 fine
2033 2815 2163 2862 fraude
2175 2815 2323 2866 doloque,
2335 2850 2340 2855 .

1418 2873 1600 2904 Innocuam
1612 2895 1623 2910 ,
1630 2865 1774 2914 fimplex
1785 2895 1811 2910 ,Α
1827 2876 1949 2903 natum
1966 2866 2108 2902 tolerare
2126 2865 2251 2902 labores
2263 2877 2277 2904 ?

1303 2916 1512 2966 Porphyrius
1536 2929 1678 2967 quoque
1704 2916 1807 2952 refert
1822 2944 1849 2959 ,‚
1873 2929 1914 2953 ex
1938 2917 2113 2965 iniquitate
2137 2914 2337 2955 hominum,

1303 2965 1370 3003 effi:
1388 2967 1569 3003 inductum
1585 2979 1726 3003 morem
1745 2965 1952 3002 immolandi
1970 2965 2111 3008 hostias,
2142 2979 2249 3015 quem
2259 2968 2323 3005 foe-

1301 3015 1478 3053 diffimum
1505 3010 1672 3066 appellat,
1691 3018 1734 3051 &
1761 3015 1961 3052 crudelitatis
2008 3014 2152 3052 lenum:
2183 3030 2262 3053 cum
2282 3032 2324 3055 ex

1300 3066 1462 3114 sanguine
1487 3065 1679 3102 occisorum
1706 3064 1910 3103 animalium
1934 3066 1985 3103 im
2012 3077 2132 3103 namur
2153 3079 2220 3104 arae
2238 3068 2323 3107 deo·—

1299 3128 1390 3155 rum.
1445 3118 1655 3154 Bucam.-

2133 3170 2323 3222 *Tene
