2504 3425
456 140 1927 201 T.FLA'vrusDoM1‘1-1ANUS.
2156 149 2258 220 685

159 244 251 293 sum
280 238 533 301 majestatem
566 239 787 300 I’rincipis.
855 234 1205 284 Confiscabantur
1236 232 1488 280 alienisfimae
1520 232 1790 290 hereditates,
1827 238 1893 282 vel
1916 235 2114 284 existente
2150 255 2264 298 uno,

159 309 236 372 qui
257 306 436 361 diceret,
470 302 620 350 audisse
648 302 689 348 se
721 321 771 348 ex
795 300 999 348 defunt‘Pm
1027 337 1040 356 ,
1083 316 1179 346 cum
1199 300 1393 353 viveret,
1438 298 1617 345 heredem
1640 299 1720 363 fibi
1757 302 1942 363 Caefhrem
1970 304 2044 361 effla
2114 307 2265 351 Praeter

156 385 336 428 ceteros,
369 368 567 434 Judaicus
585 365 703 414 fiscus
723 365 979 413 acerbiffirne
1002 366 1111 410 aestus
1127 362 1185 409 est
1209 381 1219 408 :
1255 363 1305 408 ad
1331 379 1459 424 quem
1483 362 1803 420 deferebantur,
1838 368 1911 428 qui
1933 367 1997 410 vel
2022 366 2257 428 improfesfi

156 436 374 501 Judaicam
394 435 499 480 intra
522 432 669 479 urbem
691 434 880 478 viverent
904 433 1029 478 vitam
1044 466 1057 486 ,
1089 429 1155 475 vel
1181 426 1429 473 diffimulata
1454 428 1618 491 origine
1642 428 1835 491 impolita
1856 432 1974 492 genti
1995 430 2149 476 tributa
2172 448 2262 478 non

155 499 458 564 pependissent.
526 495 761 544 Interfuiffe
797 512 864 541 me
898 491 1250 540 adolescentulum
1284 492 1496 547 memini,
1533 509 1629 537 cum
1662 510 1684 537 a
1719 509 1982 554 procuratore
2007 529 2020 548 ‚
2056 496 2261 558 frequen-

152 564 398 629 tissimoque
431 563 608 611 confilio
625 560 895 624 inspiceretur
917 557 1221 621 nonagenarius
1246 552 1391 612 senex,
1426 572 1476 601 an
1502 555 1791 603 circumse&us
1815 556 1923 604 effer.
1991 557 2065 603 Ab
2089 563 2260 616 juventa

482 705 852 740 ToRRENT.

208 768 384 815 Judaicus
398 770 538 820 fiscan}
577 770 771 815 Judas'cum
791 766 910 814 fiscum
937 774 1060 807 vocat,
1099 773 1205 811 qua--

146 830 289 869 cunque
308 824 440 859 ratione
462 835 535 859 non
560 819 742 858 adversum
763 816 901 861 Judaeos
926 826 1063 851 tantum
1082 841 1093 855 ³
1121 812 1179 848 sed

151 871 259 906 etiam
290 873 502 910 Christianos
538 881 704 921 ageretur.
763 871 804 903 Et
841 867 915 901 haec
949 865 1004 900 illa
1031 861 1179 920 secu-uda

146 918 212 957 fuit
230 922 411 960 Christiani
428 923 579 960 nominis
593 918 778 970 persecutio
795 944 807 959 ,
845 914 888 951 de
905 927 973 962 qua
991 913 1153 950 Eusebius
1164 940 1176 956 ,

147 973 186 1007 &
214 971 280 1011 alii.
341 988 427 1011 nam
470 972 663 1011 ludaeorum
702 967 847 1004 nomine
882 965 1064 1002 Christiani
1106 962 1177 1009 sere

150 1012 545 1072 comprehendebantur.
607 1019 696 1056 Vide
723 1016 949 1067 Xiphilinum,
1006 1019 1064 1052 De
1090 1013 1175 1051 odio

148 1084 235 1108 vero
260 1075 295 1109 iu
315 1073 524 1110 Christianos
547 1070 747 1108 Tertullian.
788 1066 976 1118 Apologet.
1013 1078 1090 1116 cap.
1119 1079 1174 1102 ιι.

147 1121 382 1168 Christianum
402 1122 574 1159 hominem
591 1123 742 1162 omnium
760 1119 920 1166 [celerum
939 1130 1035 1153 reum
1048 1146 1059 1161 ,
1087 1121 1174 1152 Deo-

146 1184 247 1216 rum,
279 1180 543 1223 Imperatorum,
572 1171 708 1221 legum,
733 1182 866 1207 morum
886 1197 898 1212 ,
928 1178 1056 1204 natura
1071 1168 1175 1203 totius

142 1223 325 1261 inimicum
343 1224 523 1272 exzstimas.
582 1227 782 1272 Iterumque
806 1233 907 1257 xxxv.
937 1222 974 1255 ὅ(
992 1230 1047 1256 χῖ..
1079 1217 1176 1274 habi-

144 1282 201 1311 vtos
233 1274 334 1312 tradit
362 1275 522 1326 publicos
548 1273 673 1311 hostes.
729 1275 823 1321 Qos
865 1268 1027 1320 (inquit)
1067 1268 1177 1316 exzsti-

146 1334 242 1360 ment
261 1327 368 1362 omnis
381 1326 516 1375 publica
535 1325 665 1368 cladis,
693 1323 800 1361 omnis
811 1320 979 1370 popularis
998 1322 1176 1357 incommo-

146 1373 186 1410 di
209 1375 267 1423 effe
295 1376 446 1425 causam.
502 1378 537 1411 Si
564 1375 691 1412 Tiberis
721 1372 895 1420 ascendit,
922 1370 955 1420 fi
983 1372 1085 1409 Nilus
1110 1383 1176 1406 non

148 1424 297 1470 ascendit
324 1427 362 1465 in
379 1440 492 1471 arva,
515 1424 670 1476 ficaelum
680 1424 796 1472 stetit,
814 1420 846 1472 fi
866 1433 960 1458 terra
981 1423 1093 1460 movit
1115 1450 1126 1465 ‚
1144 1419 1178 1470 fi

151 1475 277 1521 sames,
298 1475 332 1526 fi
356 1477 446 1521 lues,
468 1476 590 1523 statim
606 1475 816 1523 Christianos
832 1473 879 1508 ad
895 1471 1032 1510 leonem.
1090 1477 1180 1520 Age-

151 1536 188 1560 re
205 1538 323 1564 autem
334 1527 455 1574 fiscum
473 1527 556 1565 dixit
571 1555 584 1571 ,
623 1538 662 1565 ut
683 1537 776 1575 agere
797 1522 974 1573 publicum
993 1523 1181 1572 quadrage-

141 1572 233 1623 fimae
253 1577 394 1627 Vespas.
407 1590 481 1627 cap.
500 1592 529 1615 ι.

207 1628 539 1677 frequentissimoque
567 1625 704 1676 confiL]
752 1630 829 1678 Qe
858 1625 1020 1678 particula
1047 1623 1181 1676 prorsus

149 1673 403 1726 ffipervacanea
421 1679 480 1717 est.

205 1727 489 1776 Circum-seciae]
523 1727 642 1778 Vulgo
663 1728 881 1765 circumcisos
899 1727 1053 1764 dicimus.
1086 1727 1180 1764 Hinc

148 1788 295 1865 vlerpus,
325 1779 483 1816 recutitus
501 1807 513 1822 ‚
540 1789 675 1822 curtus,
703 1778 815 1829 apella
835 1807 848 1821 ‚
877 1778 1083 1822 Judaeorum
1108 1778 1180 1826 epi-

152 1836 167 1864 t
192 1839 262 1864 eta.

456 1909 861 1944 Casaunou.

202 1981 323 2014 Prater
343 1985 465 2014 cateros
477 1975 650 2022 Judaicus
662 1974 761 2024 fiscus
777 1975 974 2024 acerbissime
984 1976 1079 2011 astus
1096 1973 1176 2023 est.]

148 2027 261 2078 Quod
284 2026 480 2065 factitatum
500 2026 580 2064 alibi
590 2027 800 2064 notabamus
829 2028 864 2063 in
885 2026 1011 2063 artibus
1035 2025 1177 2063 sordidis

149 2081 191 2116 ὅ(
210 2080 322 2116 vetitis
339 2108 351 2123 ,
392 2089 428 2115 ut
453 2079 563 2129 pretio
588 2077 740 2128 depenso
763 2079 1014 2128 permitteretur
1039 2075 1175 2113 illarum

153 2128 349 2180 profeffio:
397 2128 494 2166 idem
521 2128 654 2165 fastum
680 2129 716 2165 in
736 2128 902 2178 religione
933 2127 1099 2172 Judaica‚
1136 2139 1176 2164 ac

155 2193 244 2216 mox
264 2193 401 2230 quoque
427 2181 462 2217 in
493 2178 610 2216 nostra
627 2208 640 2223 ,
684 2178 768 2216 ficut
798 2179 948 2216 declarat
975 2177 1176 2214 Tertulliani

155 2229 254 2266 locus
267 2243 371 2279 quem
391 2230 436 2267 ad
458 2230 516 2267 lib.
540 2243 592 2268 xv.
610 2229 836 2269 laudavimus.
877 2231 902 2265 is
923 2229 970 2265 est
987 2242 1094 2279 quem
1114 2242 1176 2266 vo-

153 2292 210 2317 cat
228 2282 347 2316 auctor
353 2279 472 2327 fiscum
493 2280 685 2324 Judaicum
697 2309 708 2324 ,
738 2284 775 2317 δε
791 2293 811 2316 a
830 2280 964 2317 duobus
990 2280 1175 2316 hominum

156 2329 342 2381 generibus
365 2328 571 2379 pensitatum
595 2329 688 2367 fuiffe
716 2331 852 2368 indicat.
899 2332 988 2380 prius
1024 2328 1086 2367 finit
1117 2343 1175 2366 eo-

156 2394 257 2423 rum,
286 2381 343 2430 qui
366 2380 511 2416 liberam
536 2379 602 2416 suae
635 2380 734 2417 seetae
759 2380 1004 2431 profeffionem
1036 2381 1070 2418 in
1092 2380 1177 2418 urbe

157 2431 387 2468 redimebant.
445 2430 569 2474 Judaeis
587 2431 680 2468 enim
697 2430 786 2467 licuit
810 2432 919 2468 soluto
946 2433 1054 2482 pretio
1081 2432 1175 2481 quod

159 2494 231 2519 erat
259 2483 489 2532 imperatum,
524 2481 558 2515 in
579 2480 662 2516 urbe
681 2493 835 2518 manere.
874 2494 959 2517 nam
978 2484 1178 2531 interpretes

156 2534 216 2583 qui
243 2533 286 2569 ad
316 2532 589 2582 persecutionem
615 2529 799 2567 secundam
829 2531 1099 2568 Christianorum
1117 2531 1176 2568 sub

161 2584 371 2620 Domitiano
396 2582 468 2618 haec
487 2581 592 2617 verba
614 2579 764 2617 referunt
783 2610 793 2624 ,
819 2580 986 2618 falluntur.
1044 2581 1178 2618 Tributi

161 2633 260 2680 hujus
284 2634 445 2670 meminit
462 2631 655 2680 Xiphilinus
672 2632 705 2666 in
728 2630 960 2681 Vespasiano:
983 2631 1075 2667 Ἀπ’
1095 2631 1180 2666 ἐκεί-

161 2699 201 2722 v&
221 2683 416 2732 δι’ἕροιχμον
438 2682 567 2729 ἐτάχθη
589 2679 648 2721 τές
669 2680 713 2716 τοὶ
733 2683 864 2729 πάτριοι
879 2683 991 2718 ἀυτῶν
1011 2682 1064 2720 ἔθη
1085 2697 1183 2729 περι·

161 2734 348 2774 ςέλλοντοις
371 2735 421 2780 τῷ
455 2732 680 2779 Καπιτωλίῳ
703 2732 764 2767 Διῒ
784 2731 862 2773 noc‘l'
891 2732 961 2772 ’ἔτος
986 2732 1180 2780 ἀποφέρειν.

2077 624 2256 669 minime

1230 702 1309 726 cam
1328 691 1427 727 intra
1444 692 1559 727 urbem
1577 693 1737 729 viverent
1758 697 1884 732 vitam.
1912 708 1988 745 quae
2012 706 2130 732 tamen
2152 695 2257 745 possis

1228 738 1376 778 fortassis
1395 743 1500 778 etiam
1520 742 1615 778 aliter
1634 744 1787 792 accipere
1808 760 1818 782 z
1858 746 1996 789 Judaeos
2019 759 2145 783 omnes
2163 745 2257 784 fuiffe

1229 790 1313 826 urbe
1334 791 1464 840 pulsos,
1491 805 1555 828 nec
1574 793 1669 830 aliter
1687 793 1883 842 permissam
1914 800 2042 833 Rornoe
2075 796 2260 835 habitatio-

1227 853 1335 883 nem,
1366 854 1473 890 quam
1494 841 1518 878 si
1541 843 1668 889 patrios
1700 844 1780 879 ritus
1813 844 2019 889 ejurassent:
2064 847 2252 898 gravesque

1227 890 1352 927 multas
1371 893 1501 935 distas,
1530 891 1555 927 fi
1568 894 1626 942 qui
1653 894 1743 929 naCti
1757 894 1829 942 post
1842 897 2068 940 ejurationem
2089 899 2257 936 manendi

1227 941 1261 976 in
1282 941 1367 978 urbe
1384 942 1583 979 facultatem
1596 972 1608 986 ‚
1633 942 1785 980 vixissent
1804 945 1914 981 vitam
1943 945 2136 988 judaicam.
2170 948 2257 986 mihi

1227 991 1337 1040 placet
1356 995 1468 1043 magis
1493 995 1583 1043 prior
1600 995 1858 1045 interpretatio:
1889 999 1922 1032 ὃ(
1947 993 2258 1045 professionemin·

1228 1043 1374 1092 melligo,
1419 1046 1526 1095 qualis
1554 1057 1595 1080 ca
1616 1059 1690 1094 quae
1719 1045 1919 1082 Tertulliani
1943 1046 2158 1095 temporibus
2185 1047 2258 1096 ipso

1227 1094 1308 1130 teste
1321 1095 1413 1143 apud
1435 1093 1675 1133 beneficiarios
1693 1093 1766 1131 fieri
1775 1095 1870 1133 solita
1887 1108 1907 1132 a
1924 1096 2148 1140 tabernariis,
2164 1096 2261 1134 aleo-

1228 1144 1347 1189 nibus,
1377 1150 1414 1183 δε
1434 1147 1644 1184 Christianis.
1702 1146 1933 1184 Scribendum
1952 1159 2093 1191 autem,
2119 1148 2179 1197 qui
2199 1147 2258 1184 vel

1225 1206 1264 1231 ut
1277 1197 1367 1244 prof.

1283 1246 1339 1281 Vel
1356 1245 1562 1295 dzffimulata
1580 1248 1716 1295 origine.
1733 1247 1751 1297 ]
1780 1245 1922 1286 Possunt
1939 1248 2012 1286 haec
2028 1247 2136 1287 verba
2149 1250 2256 1286 etiam

1228 1295 1270 1332 ad
1289 1297 1564 1335 Christianorum
1591 1297 1865 1349 persecutionem
1885 1299 1945 1336 sub
1964 1300 2175 1336 Domitiano
2206 1312 2261 1336 re-

1228 1346 1318 1384 ferri.
1349 1351 1447 1386 Nam
1468 1350 1501 1386 hi
1520 1349 1677 1386 videntur
1698 1348 1787 1393 effe,
1815 1363 1901 1400 quos
1922 1363 1984 1400 pro
1994 1349 2119 1394 Judaeis
2130 1348 2259 1400 passim

1229 1397 1364 1437 habitos
1381 1398 1594 1438 diffimulatae
1614 1401 1756 1450 originis
1776 1398 1997 1439 arcessebant.

1580 1475 1617 1509 V
1645 1484 1667 1508 Α
1695 1485 1720 1510 R
1748 1484 1763 1508 1
1793 1485 1818 1509 o
1844 1486 1884 1511 n.

1291 1534 1345 1558 12.
1365 1521 1542 1567 Judaicus
1551 1520 1687 1570 fisum]
1732 1522 1910 1572 Significat
1930 1522 2094 1561 tributum
2111 1551 2124 1567 ‚
2164 1520 2261 1572 quod

1230 1570 1342 1614 Judaei
1359 1585 1504 1616 omnes,
1534 1574 1592 1623 qui
1608 1574 1643 1611 in
1659 1575 1814 1626 Imperio
1823 1577 1994 1612 Romano
2013 1585 2130 1617 erant,
2149 1572 2260 1610 solve-

1233 1621 1326 1660 bant.
1361 1635 1445 1660 nam
1465 1625 1595 1662 viritim
1613 1623 1702 1661 binae
1723 1624 1897 1662 drachma*
1907 1623 2256 1674 exigebantur-abiis,

1230 1673 1288 1723 qui
1308 1673 1489 1716 Judaicam
1508 1674 1718 1725 religionem
1744 1675 1928 1721 colebant,
1956 1676 2053 1720 Jovis
2071 1672 2258 1724 Capitolini

1231 1725 1376 1760 nomine
1395 1754 1407 1768 ‚
1441 1736 1477 1761 ut
1503 1726 1575 1761 Dio
1594 1724 1707 1763 refert.
1765 1730 1982 1764 Tuanessus
2042 1728 2100 1761 De
2133 1725 2196 1761 hac
2222 1736 2260 1760 re

1228 1774 1263 1810 in
1284 1775 1492 1811 numismate
1523 1778 1655 1814 Nervae
1676 1775 1721 1812 sic
1742 1776 1909 1820 habetur,
1947 1786 2113 1820 JuDMCx.
2141 1783 2256 1811 riser.

1231 1835 1440 1862 cunnum.
1473 1837 1650 1863 SUBLATA.
1680 1826 1783 1863 Fulv.
1803 1827 1908 1876 Urfi‘n.

1286 1876 1359 1923 Qz'
1385 1875 1496 1911 veluti
1514 1875 1646 1924 profeffi
1660 1905 1671 1919 ‚
1702 1875 1938 1924 Judaicam.]
1986 1878 2066 1912 Nec
2083 1874 2257 1918 scribitur,

1229 1935 1264 1960 ut
1287 1937 1451 1975 oportet,
1480 1940 1592 1977 neque
1612 1926 1806 1977 intelligitur
1824 1926 1877 1963 hic
1896 1926 2002 1963 locus.
2061 1930 2181 1976 Lege:
2199 1926 2259 1974 qai

1228 1975 1286 2010 vel
1320 1976 1494 2024 improfhffi
1513 1979 1709 2022 Judaicam
1742 1977 1842 2014 intra
1871 1977 1987 2014 urbem
2017 1986 2180 2013 viverent
2205 1976 2261 2011 vi·-

1228 2035 1314 2063 tam.
1345 2027 1576 2076 Quintilianus
1595 2038 1681 2064 avus
1697 2027 1798 2065 Decl.
1813 2041 1892 2073 24¹·
1914 2034 1975 2064 Res
1982 2028 2127 2073 furtiva
2138 2030 2260 2074 impro-

1219 2075 1306 2124 feffiz
1329 2080 1421 2126 apud
1432 2078 1637 2126 publicanos.
1699 2079 1802 2126 Qoa'
1825 2082 1901 2128 quis
1906 2087 1966 2127 per
1982 2077 2175 2126 publicanos
2193 2077 2259 2112 im-

1222 2128 1398 2174 profestum
1419 2128 1653 2174 transtulerit,
1681 2130 1887 2177 commissum
1895 2128 1955 2179 fit.
1977 2128 1999 2167 l.
2018 2136 2069 2165 16.
2082 2145 2122 2165 π.
2145 2142 2172 2165 1.
2199 2129 2257 2163 De

1226 2177 1401 2216 Publican.
1458 2180 1494 2214 Si
1528 2180 1602 2228 quis
1639 2179 1838 2227 imprcfi’ffics
1864 2181 1987 2228 servus
2015 2180 2127 2225 fuerit
2143 2207 2154 2221 ‚
2201 2175 2256 2218 ξδ’

1221 2228 1419 2274 probabitur
1445 2230 1481 2266 in
1502 2230 1705 2278 commiffiaem
1726 2230 1881 2278 cecidzffe.
1941 2231 2007 2267 His
2036 2241 2153 2266 autem
2180 2240 2258 2265 ver·

1231 2278 1281 2315 bis
1300 2281 1426 2317 censeo
1443 2278 1614 2329 designari
1635 2279 1823 2331 proselytos
1849 2309 1860 2323 ,
1895 2281 1953 2330 qui
1970 2291 2073 2330 gente
2092 2292 2165 2316 non
2182 2281 2258 2315 He-

1231 2329 1311 2366 braei
1330 2360 1341 2374 ,
1371 2344 1482 2381 eoque
1500 2344 1565 2367 nec
1586 2330 1771 2367 man-iculae
1787 2328 1889 2367 fiscali
1906 2330 2022 2374 incisi,
2052 2343 2171 2367 tamen
2181 2329 2255 2365 Πώ-

1230 2379 1307 2416 bata
1326 2385 1360 2418 δι
1383 2384 1491 2418 castus
1501 2381 1661 2426 Judaicos
1679 2380 1931 2419 observabant:
1949 2380 2255 2432 quemadmodum

1229 2431 1448 2481 sequentibus
1466 2445 1567 2468 natos
1586 2431 1742 2468 Hebraeis
1765 2434 1800 2467 ἃ
1829 2445 1891 2479 pro
1911 2446 1983 2468 non
2001 2431 2125 2475 *ludaeis
2142 2430 2175 2467 se
2194 2442 2254 2479 ge-

1228 2494 1341 2518 rentes
1360 2483 1401 2519 ad
1420 2482 1732 2532 subterfiigiendum
1751 2483 1801 2526 ius
1818 2480 1899 2519 fisci.
1958 2485 2137 2519 Gnonov.

1286 2535 1358 2580 {Qui
1378 2534 1433 2568 vel
1452 2531 1659 2580 improJeffi.]
1683 2536 1782 2579 Lego
1801 2535 1860 2581 qui
1883 2533 2053 2579 improfhffi
2071 2532 2167 2567 velut
2182 2529 2254 2575 Ju-

1230 2582 1365 2617 dou'cam
1390 2583 1485 2617 intra
1502 2583 1618 2618 urbem
1637 2583 1795 2617 viverent
1807 2583 1932 2618 vitam.
1991 2585 2089 2618 Nam
2100 2581 2155 2617 vel
2165 2580 2252 2630 saepe

1232 2644 1294 2680 pro
1312 2632 1407 2667 velut
1429 2644 1606 2668 exaratum
1626 2633 1661 2668 in
1689 2631 1863 2669 codicibus
1885 2646 1962 2669 mss.
1991 2633 2113 2669 monui
2142 2633 2250 2668 etiam

1232 2682 1363 2719 alibi&
1383 2683 1427 2718 ita
1445 2695 1583 2732 quoque
1610 2681 1855 2718 restituendum
1887 2694 1969 2732 puto
1999 2682 2086 2733 apud
2119 2685 2256 2720 Macro·-

1234 2732 1333 2769 bium
1357 2747 1384 2769 ι.
1411 2734 1446 2769 in
1472 2736 1593 2769 Somn.
1618 2733 1706 2782 Scip.
1737 2745 1768 2769 z.
1826 2733 2034 2785 Legendum
2063 2733 2157 2770 enim
2183 2732 2251 2770 ibi:

159 2785 198 2822 id
222 2784 293 2830 est,
324 2790 378 2821 Ex
401 2798 433 2821 eo
454 2783 664 2830 constitutum
683 2782 748 2829 est,
773 2793 811 2818 ut
836 2782 950 2829 Judzi
977 2785 1036 2831 qui
1055 2784 1183 2831 patrios
1233 2785 1411 2819 sciendum
1437 2782 1479 2829 est
1508 2794 1626 2819 tamen
1646 2811 1657 2826 ,
1695 2797 1759 2819 nen
1779 2784 1815 2819 in
1843 2797 1974 2819 omnem
1995 2784 2254 2832 disputationem

165 2835 248 2872 ritus
267 2838 409 2883 servare
439 2837 589 2879 vellent,
621 2833 862 2870 didrachmum
889 2836 1066 2882 quotannis
1096 2834 1186 2880 Jovi
1229 2833 1429 2882 philosophos
1454 2835 1637 2870 admittere
1654 2833 1812 2882 fabulosa
1837 2835 1930 2870 velut
1959 2835 2052 2871 licita
2069 2863 2081 2879 ‚
2113 2835 2175 2882 sed
2202 2835 2257 2871 his

164 2886 354 2934 Capitolino
386 2887 563 2932 inferrent.
616 2883 847 2921 Tertullianus
876 2885 910 2920 in
934 2883 1187 2934 Apologetico:
1237 2884 1289 2919 mi
1309 2884 1441 2932 solent,
1478 2897 1563 2921 cum.
1599 2887 1668 2920 ὄις.
1717 2885 1788 2932 Qui
1805 2897 1921 2922 autem
1950 2883 2139 2936 improfessi
2165 2885 2257 2926 velut

167 2941 285 2972 sacras
302 2935 435 2973 litteras
459 2936 572 2982 Judoi
596 2935 713 2983 palam
732 2933 888 2971 leciitant
910 2949 919 2969 .·
948 2935 1123 2983 vec'ligalis
1150 2936 1190 2972 li·
1239 2934 1441 2978 Judaicam,
1467 2932 1561 2971 fuere
1583 2933 1763 2971 Christiani
1780 2962 1791 2978 ,
1819 2937 1875 2986 qui
1894 2935 1988 2985 quod
2003 2948 2038 2972 ut
2056 2936 2165 2980 Judaei
2185 2936 2260 2972 ido-

166 2985 276 3023 bertas
301 2987 399 3036 vulgo
424 2985 545 3023 aditur
572 2986 721 3034 [obbatis
746 2986 909 3022 omnibus.
965 2986 1127 3022 Meminit
1153 2989 1190 3023 ὃ(
1212 3003 1219 3064 ἱ
1243 2986 1279 3022 lis
1299 2999 1372 3022 non
1397 2983 1643 3029 sacrificarent,
1674 2985 1833 3036 gentibus
1863 2986 2070 3025 videbantur
2086 2999 2190 3036 agere
2207 2988 2259 3024 vi-

173 3037 348 3088 Appianus
368 3039 402 3074 in
426 3039 586 3088 Syriacis,
616 3037 676 3074 ubi
694 3035 789 3084 φόρον
812 3038 874 3073 τῶν
891 3036 1056 3079 σωμάτων
1076 3048 1191 3074 vocat.
1218 3073 1219 3077 ,
1246 3048 1319 3072 tam
1337 3036 1486 3081 Judaicae
1506 3035 1680 3080 similem,
1710 3049 1774 3072 nec
1795 3047 1913 3074 tamen
1934 3037 2095 3074 eandem.
2152 3037 2259 3074 Vide-

175 3089 221 3125 ita
241 3089 442 3141 interpretor
463 3087 519 3125 illa
542 3088 648 3128 verba
667 3117 679 3133 ,
716 3100 774 3137 qm
802 3087 896 3126 velut
918 3085 1046 3137 profeffi
1061 3086 1195 3134 Judm‘-
1217 3079 1223 3149 ζ
1246 3086 1329 3125 bant
1356 3088 1452 3126 enim
1483 3087 1624 3132 Judaeos
1659 3086 1799 3124 sabbata
1843 3088 2030 3126 solenniter
2062 3087 2259 3174 celebgn

1669 3140 1779 3176 Rrrr
1811 3152 1831 3176 z
2212 3138 2267 3174 iri-
