2504 3425
535 137 1929 196 NERoCtauntusCAEsitR.
2178 162 2280 220 533

92 255 144 301 31
175 232 298 278 lerata
329 245 426 276 cum
461 226 683 274 Mazacum
717 229 864 282 turba,
918 242 1041 290 atque
1077 228 1298 274 cursorum.
1365 230 1472 275 Non
1520 229 1566 273 in
1611 229 1688 274 alia
1722 245 1764 272 re
1799 228 2034 276 damnosior
2068 247 2191 292 quam
2226 240 2270 283 in

172 292 427 341 aedificando.
505 294 700 337 Domum
737 310 758 337 a
793 292 947 337 Palatio
980 291 1186 356 Esquilias
1228 290 1356 353 usque
1399 291 1519 339 fecit.
1597 297 1738 351 Quam
1781 293 1917 354 primo
1960 295 2267 356 Tmnfitoriam‚

169 372 293 412 mox,
330 355 528 401 incendio
561 354 813 410 absumtam,
848 354 1186 418 restitutamque,
1223 357 1685 403 Auream‘norninavit.
1752 359 1825 403 De
1859 362 1973 416 cujus
1998 355 2124 419 spatio
2144 375 2267 424 atque

168 421 281 466 cultu
316 416 517 465 suffecerit
551 418 632 465 hoc
667 419 855 465 retulisse.
913 418 1184 465 Vestibulum
1219 423 1307 477 ejus
1341 419 1458 476 fuit,
1504 424 1546 467 in
1581 437 1669 483 quo
1700 419 1876 465 colossus
1909 436 2078 467 centum
2112 425 2264 486 viginti

163 482 319 547 pedum
353 482 472 529 staret
503 482 627 545 ipfius
660 481 825 547 effigie:
860 497 968 529 tanta
991 484 1153 538 laxitas,
1188 496 1234 527 ut
1267 485 1450 544 porticus
1482 484 1664 547 triplices
1696 485 1904 531 milliarias
1929 483 2121 532 haberet:
2158 490 2261 537 item

2006 579 2008 581 >
2067 548 2259 615 stagnum

1239 612 1351 651 (ianus
1374 629 1458 653 vero
1477 617 1563 655 Solis
1580 620 1793 657 venerationi
1820 620 1957 661 dicavit.
2017 624 2124 669 Cujus
2151 626 2259 664 etiam

1236 663 1357 700 Euseb.
1397 666 1604 712 Chronicis,
1651 673 1688 706 ὃ(
1714 670 1875 720 Xiphilin.
1902 673 2166 718 meminerunt,
2200 677 2256 714 sed

1237 712 1290 748 hic
1320 725 1461 751 centum
1481 728 1638 761 tantum,
1677 719 1731 756 ille
1759 732 1900 759 centum
1928 727 1966 759 ὃς
1993 723 2124 774 septem
2151 725 2257 775 pedes

163 619 411 657 donationibus
429 618 550 657 effudit
570 647 581 662 ,
620 618 655 655 id
678 618 729 655 est
746 647 759 662 ,
796 618 1010 668 quingenties
1031 621 1068 654 ὃ(
1086 617 1183 667 quin·

160 673 302 721 quagies
328 682 472 707 centena
490 670 596 706 millia
614 680 883 705 coronatorum:
913 671 950 704 Sc
970 680 1110 705 auream
1120 667 1181 724 clo-

162 732 264 757 mum
292 721 473 764 exstruxit,
514 733 595 757 cum
624 720 760 755 interim
788 719 823 753 in
849 730 949 753 omni
977 730 1074 767 parte
1102 728 1181 755 v1tae

96 1200 100 1203 ,
151 1168 275 1206 Malim
299 1179 509 1208 venatorem.

160 771 329 820 prodigos
352 784 478 807 omnes
496 765 677 818 superasset
696 782 707 804 ε
736 767 818 816 quid
844 766 1117 804 existimabimus
1136 766 1180 802 de

160 821 336 870 opulentia
354 822 512 871 imperii?
541 819 584 856 de
608 831 654 854 eo
671 817 796 853 Plinius
814 816 921 853 lib.x1
936 831 962 852 1.
984 819 1029 853 ita
1047 818 1177 866 inquit:

156 872 268 907 Periti
283 884 398 907 rerum
421 870 640 917 astruxerunt
656 894 669 910 ‚
705 879 772 902 non
786 867 882 911 forte
900 866 1013 903 thuris
1038 876 1177 902 tantum

154 921 370 966 annuefoetu
396 919 569 956 Arabiam
587 946 600 960 ‚
629 926 800 965 quantum
828 922 917 951 Nero
942 917 1097 963 Princeps
1123 929 1179 951 no-

154 968 282 1017 viffimo
291 977 412 1018 pompe
420 970 486 1016 sue
500 969 556 1004 die
566 966 806 1005 concremavit.
838 965 899 1003 ubi
917 969 1043 1015 Poppae
1060 966 1177 1016 legen-

152 1017 240 1056 dum
262 1031 357 1070 puto.
384 1022 563 1056 Bonitus.

206 1067 473 1116 cercopithecum
508 1074 708 1104 Panerotem
740 1067 996 1113 foeneratorem.
1015 1064 1031 1115 ]
1089 1068 1176 1103 Non

152 1117 263 1169 placet
286 1117 473 1156 citharoedo
508 1122 547 1156 ὃς
573 1118 773 1154 mirmilloni
808 1115 888 1152 addi
915 1117 1170 1162 foeneratorem.

570 1168 772 1205 Circensem
802 1178 890 1216 puta.
929 1169 1170 1205 Gnouovxtm.

204 1219 359 1268 Piscatus
377 1219 420 1266 est
435 1230 503 1256 rete
519 1217 678 1266 aurate]
728 1218 850 1256 Codex
873 1218 1049 1268 antiquus,
1075 1217 1172 1265 veste.

151 1280 198 1306 an
214 1269 318 1317 reste?
341 1272 502 1308 Salmas.

204 1318 462 1369 canustnaris.]
503 1319 755 1358 Canusinatum
773 1318 918 1356 dicimus
937 1317 1095 1356 induttun
1113 1332 1173 1358 ve-

149 1366 199 1406 ste
223 1383 266 1406 ex
283 1369 361 1406 lana
377 1368 552 1408 Canusina
583 1370 766 1413 conf-esta,
797 1372 892 1415 cujus
910 1368 1008 1406 color
1032 1368 1080 1405 est
1097 1397 1109 1412 ,
1137 1380 1173 1406 ut

149 1421 261 1457 Graeci
285 1420 423 1463 dicunt,
454 1420 597 1468 ἐρυθρὶς,
623 1432 659 1457 ut
674 1420 786 1457 Latini
803 1421 1063 1468 interpretantur
1081 1447 1093 1461 ,
1120 1432 1173 1456 ru-

150 1469 238 1507 tilus.
297 1469 472 1506 Canusina
489 1469 585 1513 lana,
613 1470 696 1507 teste
717 1470 851 1513 Plinio,
878 1467 1101 1506 laudatissima
1112 1468 1172 1506 fuit

149 1521 239 1555 circa
258 1518 449 1556 Canusium
468 1520 608 1570 Apuliae.
665 1520 846 1557 Martialis:

261 1574 305 1604 Ut
321 1568 550 1618 Canufinatus
565 1569 669 1616 nostro
690 1574 791 1618 Syrus
805 1568 904 1617 assere
912 1569 1025 1616 sitdet.

148 1619 279 1657 Flavius
301 1621 468 1669 Vopiscus
490 1631 666 1656 memorat
686 1620 795 1657 birros
812 1619 1006 1657 Canusinos
1030 1619 1171 1658 scenicis

148 1669 297 1706 donatos
315 1668 429 1712 fuiffe,
461 1668 658 1719 significans
677 1669 881 1710 vestimenta
898 1684 939 1707 ex
958 1670 1035 1707 lana
1055 1674 1169 1708 Canu-

148 1717 233 1757 fina.
285 1721 523 1757 Bsnoarnus.

475 1791 841 1825 TORRENT.

197 1849 289 1883 Cum
316 1851 510 1882 Mazacum
529 1845 673 1893 turbe]
720 1848 773 1883 Sic
802 1844 957 1883 Turneb.
985 1846 1165 1886 Adversar.

141 1908 246 1934 xxiv.
275 1908 351 1948 cap.
368 1909 425 1935 vx.
469 1898 507 1932 ὅ(
535 1908 614 1933 ante
639 1897 848 1933 Turnebum
875 1895 1060 1935 Sabellicus
1077 1927 1090 1942 ,
1127 1903 1164 1937 &

140 1947 318 1997 Egnatius.
374 1945 494 1983 Nostri
522 1959 662 1997 quoque
688 1947 825 1984 codices
845 1946 1032 1994 phalerata
1055 1963 1165 1986 coma-

140 2009 269 2035 zacum
281 1996 384 2034 turba
402 1997 542 2047 legunt:
571 2011 658 2034 unus
683 2010 768 2035 vero
791 2008 908 2048 aperte
936 2010 1013 2034 cum
1032 2004 1165 2037 Maza-

139 2059 229 2086 cum.
286 2048 422 2095 Primus
441 2047 598 2086 Beroald.
629 2047 730 2085 nobis
748 2049 997 2086 Amaxicorum
1024 2051 1163 2089 turbam

140 2097 281 2137 invexit.
340 2101 466 2149 Neque
482 2111 569 2137 vero
587 2098 757 2136 Turnebo
781 2096 943 2135 assentior
957 2126 969 2141 ,
1007 2101 1065 2149 qui
1085 2104 1162 2138 Ma.

139 2161 243 2187 zacas
262 2148 408 2192 Africae,
436 2162 508 2186 non
527 2150 633 2186 etiam
651 2148 882 2200 Cappadociae
896 2148 1056 2187 attribuit.
1085 2154 1160 2189 Ma-

139 2211 224 2236 zaca
238 2201 332 2236 enim
351 2211 431 2236 ante
450 2199 541 2236 dicta
561 2200 645 2243 fuit,
657 2213 733 2250 quae
753 2199 872 2250 postea
891 2199 1159 2246 Caesarea‚urbs

139 2249 373 2299 Cappadociae
399 2249 610 2287 nobilissima
626 2278 638 2294 ,
667 2250 726 2287 sub
745 2262 866 2287 monte
882 2251 1022 2301 Argaeo.
1070 2254 1155 2291 Plin.

139 2297 271 2338 lib.v¹.
294 2311 367 2352 cap.
385 2313 461 2338 ιιι.
494 2300 585 2337 unde.
612 2300 777 2338 notiffimi
805 2300 932 2350 equites
948 2329 960 2344 ‚
1003 2301 1091 2339 olim
1121 2305 1155 2340 in

140 2349 340 2399 Principum
363 2351 541 2388 comitatu.
570 2350 825 2389 Claudian.1ib.
852 2365 880 2388 1.
911 2351 947 2386 in
961 2350 1155 2397 Rufinum,

139 2399 382 2448 volucrumque
401 2408 522 2448 parens
545 2406 682 2448 Argeas
700 2415 872 2451 equorum.
929 2402 1075 2440 Martial.
1096 2403 1153 2442 lib.

137 2461 170 2487 x.
188 2450 284 2500 Epig.
296 2460 421 2487 [xxvi.
1124 2461 1144 2479 ⁰

253 2506 324 2535 Nec
344 2501 386 2535 de
402 2499 605 2547 Cappadocis
623 2513 719 2549 eques
736 2501 878 2548 catastis.

1238 763 1268 798 ei
1285 764 1407 802 tribuit.
1467 768 1691 805 Commodus
1709 770 1852 806 tandem
1890 771 1942 821 (si
1961 774 2167 822 Lampridio
2183 788 2258 812 cre-
2269 803 2281 810 t

1235 811 1373 859 dimus)
1406 813 1502 851 suum
1526 816 1571 852 illi
1593 829 1694 867 caput
1711 819 1880 867 imposuit.
1937 823 2037 859 Adde
2059 824 2107 861 his
2118 827 2257 863 Martia-

1233 860 1304 898 lem
1328 862 1385 900 lib.
1405 878 1433 901 1.
1452 866 1566 915 Epigr.
1583 880 1634 903 11.
1672 867 1772 904 Plinii
1797 868 1873 906 loca
1893 871 2045 909 invenies
2070 873 2128 911 lib.
2150 889 2251 916 xxxv.

1233 917 1459 962 cap.V11.&
1475 928 1598 954 xxxiv.
1618 928 1784 973 cap.v11.

1286 964 1439 1000 Porticus
1456 966 1598 1014 triplices
1615 966 1833 1016 milliarias.]
1873 970 1926 1006 Sic
1941 971 2085 1020 vopisc.
2103 975 2252 1013 Aurelia<

1235 1025 1284 1049 no
1296 1014 1469 1061 porticum
1487 1015 1726 1063 milliarensem
1749 1019 1784 1055 in
1807 1018 1913 1056 hortis
1933 1020 2138 1059 sallustianis
2158 1038 2254 1062 com-

1232 1075 1420 1102 memorat.
1479 1066 1667 1104 Beroaldus
1687 1071 1725 1105 &
1737 1071 1901 1119 Egnatius
1918 1070 2011 1107 mille
2032 1070 2184 1122 passuum
2196 1075 2256 1112 has

1234 1115 1382 1162 porticus
1400 1113 1493 1152 fuisse
1511 1117 1642 1155 volunt.
1670 1121 1808 1156 Verum
1824 1133 1868 1156 ne
1879 1132 1952 1156 tota
1974 1122 2117 1172 quidem
2138 1125 2256 1161 Nero-

1231 1165 1284 1200 nis
1301 1165 1427 1202 domus
1452 1178 1473 1202 a
1496 1166 1628 1204 Palatio
1652 1167 1813 1218 Esquilias
1839 1169 1942 1220 usque
1967 1184 2047 1209 eam
2071 1172 2255 1222 longitudi-

1235 1227 1325 1251 nem⁴
1353 1215 1481 1253 habuit.
1537 1219 1658 1267 Qare
1685 1219 1779 1257 mille
1803 1220 1932 1271 pedum
1964 1219 2058 1259 fuisse
2082 1222 2250 1263 dicamus.

1232 1262 1279 1302 fic
1297 1266 1394 1303 enim
1413 1267 1646 1306 metiebantur
1660 1280 1805 1308 veteres.
1833 1274 1957 1309 Horat.

1495 1340 1509 1348 -
1536 1341 1551 1349 -
1572 1321 1668 1356 nulla
1690 1321 1893 1370 decempedis

1344 1370 1484 1404 Metata
1493 1369 1651 1417 privatis
1672 1378 1808 1418 opacam

1444 1421 1595 1455 Porticus
1611 1420 1794 1468 excipiebat
1810 1424 1954 1460 Areten.

1227 1464 1286 1504 lib.
1305 1479 1318 1503 ι
1331 1481 1359 1504 1.
1373 1467 1444 1505 Od.
1454 1481 1498 1506 xv
1537 1471 1570 1506 Si
1586 1472 1660 1520 quis
1678 1482 1798 1508 tamen
1814 1472 1910 1511 mille
1929 1470 2084 1524 passuum
2106 1474 2250 1525 intelligi

1227 1517 1375 1566 porticus
1391 1517 1467 1555 istas
1482 1518 1601 1562 malit,
1627 1533 1701 1558 non
1717 1521 1877 1571 equidem
1896 1524 2113 1574 repugnabo.
2152 1528 2248 1574 Qua-

1227 1567 1298 1603 lem
1317 1580 1336 1603 a
1358 1568 1494 1605 Caesare
1513 1571 1702 1619 cogitatam
1720 1570 1816 1609 fuisse
1835 1574 1870 1610 in
1897 1585 2026 1624 campo
2045 1575 2172 1611 Martio
2198 1577 2248 1614 in-

1226 1616 1317 1654 dicat
1334 1619 1408 1655 Cic.
1428 1619 1486 1656 lib.
1502 1632 1554 1657 tv.
1583 1621 1627 1658 ad
1642 1622 1744 1660 Attic.
1785 1622 1879 1675 epist.
1897 1637 1979 1664 xvi.
2035 1626 2107 1674 Qui
2123 1636 2245 1665 tamen

1224 1666 1321 1705 locus
1340 1668 1503 1708 obscurus
1523 1670 1581 1708 est.

1532 1743 1564 1777 C
1584 1753 1606 1777 Α
1633 1754 1650 1778 s
1676 1754 1699 1778 Δ
1727 1756 1752 1780 υ
1783 1755 1803 1780 ε
1831 1756 1855 1780 ο
1883 1756 1921 1782 N.

1276 1792 1367 1825 Cum
1390 1796 1584 1828 Mazacum
1608 1791 1711 1829 turba
1728 1791 1782 1835 ξδ’
1800 1792 2008 1842 cursorum]
2038 1795 2092 1831 Ita
2109 1792 2242 1833 editum

1221 1838 1258 1876 in
1275 1840 1505 1890 antiquiffima
1528 1840 1678 1878 editione
1696 1842 1917 1893 Lugdunenfi
1938 1843 2072 1893 aliisque
2089 1844 2244 1882 melioris

1219 1900 1313 1926 notae
1332 1918 1345 1934 ,
1379 1904 1452 1928 non
1468 1891 1728 1928 humaxicorum
1746 1921 1758 1936 ,
1794 1894 1878 1930 utin
1903 1893 2043 1930 caeteris.
2100 1893 2244 1932 Confir-

1219 1951 1320 1977 mant
1337 1940 1524 1979 lectionem
1544 1953 1652 1992 quam
1678 1941 1782 1979 secuti
1812 1942 1928 1980 sumus
1945 1971 1958 1986 ,
2004 1955 2130 1980 omnes
2157 1956 2239 1984 vett.

1220 2002 1302 2027 mss.
1322 1993 1360 2027 δε
1380 1992 1491 2041 prima
1508 2005 1648 2043 quoque
1671 1991 1777 2030 editio
1800 2007 1810 2029 ε
1849 1991 1910 2029 etfi
1928 1994 1963 2030 in
1982 1991 2149 2031 omnibus
2165 2008 2241 2045 per-

1216 2052 1339 2089 peram
1357 2040 1485 2091 syllaba
1508 2055 1583 2078 cum
1602 2041 1757 2092 sequenti
1779 2042 1935 2079 doetioni
1955 2043 2107 2081 inhaeret.
2145 2047 2241 2093 Qia-

1214 2104 1252 2127 re
1280 2092 1407 2129 merito
1425 2092 1609 2129 Turnebus
1623 2104 1705 2128 eam
1727 2092 1915 2131 lectionem
1931 2093 1979 2130 est
1999 2093 2178 2144 amplexus
2197 2099 2235 2133 &c

1212 2140 1450 2192 interpretatus
1476 2143 1512 2179 in
1536 2142 1755 2183 Adversariis.
1812 2144 2048 2182 Memmianus
2073 2143 2237 2185 hocloco

1207 2203 1302 2232 vane
1321 2204 1509 2245 corruptus*-

1266 2257 1282 2287 3
1295 2257 1322 2280 ι.
1341 2249 1501 2280 Auream
1522 2244 1757 2290 nominavit.]
1781 2242 2093 2281 Praeterhistoricos
2109 2248 2147 2282 ὃς
2164 2248 2234 2283 La-

1210 2294 1301 2330 rinos
1319 2293 1516 2343 scriptores,
1549 2295 1712 2331 meminit
1729 2293 1830 2341 hujus
1849 2294 1921 2330 Dio
1939 2293 2228 2344 Chrysostomus,

1210 2345 1369 2382 oratione
1385 2356 1474 2384 xtvi
1488 2358 1514 2381 1.

1569 2407 1604 2440 V
1637 2417 1658 2440 Α
1684 2417 1708 2441 κ
1739 2417 1753 2443 1
1782 2417 1806 2442 0
1829 2417 1868 2442 R.

1268 2455 1466 2493 Armillata
1491 2453 1544 2498 Εἴ
1565 2454 1748 2502 phalerata
1771 2467 1848 2491 cum
1872 2459 2062 2493 Mazacum
2086 2457 2228 2506 turbe]

1213 2509 1256 2543 In
1273 2509 1318 2543 V.
1341 2508 1382 2543 C.
1405 2506 1473 2549 est,
1506 2506 1685 2540 armillata
1695 2504 1884 2550 falerataci
1901 2511 2094 2543 Mazacum
2112 2508 2225 2546 turba.

139 2549 315 2586 Numidas
336 2561 456 2586 tamen
476 2563 509 2586 in
527 2549 672 2586 divitum
689 2552 860 2587 comitatu
877 2550 1030 2588 recenset
1051 2556 1157 2590 Sene·
1179 2548 1182 2580 ἶ
1208 2557 1308 2606 lego:
1337 2557 1514 2592 armillata
1522 2553 1743 2603 siderumque
1766 2560 1956 2592 Mazacum
1976 2555 2113 2593 turbas
2147 2563 2230 2594 Ma-

140 2611 181 2635 ca
200 2604 264 2648 Ep.
283 2611 483 2637 txxxvni.
512 2603 549 2636 δε
575 2599 754 2638 Claudian.
783 2600 841 2637 lib.
868 2615 896 2638 1.
933 2602 970 2638 in
994 2603 1158 2640 Consula-
1180 2614 1181 2618 ¹

139 2660 217 2687 tum
235 2649 427 2693 stiliconis,
454 2663 534 2686 cum
553 2650 623 2692 ait,
646 2651 798 2697 pavidus
810 2650 947 2698 projecit
956 2650 1069 2698 miffile
1080 2659 1161 2688 Ma-

142 2713 215 2736 zax
233 2730 246 2745 ‚
276 2699 321 2736 de
347 2699 469 2737 Africae
492 2699 624 2750 populis
647 2701 803 2749 loquitur.
861 2699 1080 2748 Quilocusin
1090 2704 1162 2741 vul-

144 2751 230 2800 gatis
256 2750 348 2787 libris
376 2763 552 2800 corruptus
583 2749 631 2785 est
656 2779 669 2793 ‚
719 2751 769 2786 uti
801 2754 838 2788 δε
867 2754 997 2788 Lucan.
1023 2751 1081 2793 lib,
1110 2767 1159 2791 ix.

140 2800 389 2850 equaturusque
404 2802 552 2850 sagittas
579 2802 759 2837 Medorum
786 2799 971 2838 tremulum
995 2813 1071 2839 cum
1093 2813 1160 2839 tor-

130 2850 178 2900 fit
198 2850 310 2898 miffz'le
329 2856 481 2889 Mazax.

194 2916 248 2946 3¹·
270 2900 412 2949 Coloſj‘ics
432 2915 508 2938 cxx.
517 2900 678 2950 pedum]
707 2904 808 2937 Duos
824 2898 969 2937 colossos
983 2913 1160 2941 memorat

136 2950 281 2994 Plinius,
306 2951 451 2988 alterum
473 2953 603 3000 pictum
623 2954 656 2988 in
674 2953 801 2994 linteo,
815 2965 891 3001 quae
915 2952 1043 2999 pic'tura
1069 2953 1160 3001 post-

138 3012 178 3036 ea
202 3003 238 3038 in
268 3003 444 3039 Lamianis
478 3002 582 3038 bortis
600 3001 744 3039 fulmine
763 3000 902 3038 accensa
922 3003 1085 3050 perierit,
1113 3003 1161 3040 al-

132 3061 261 3098 terum,
293 3064 404 3092 oriem
424 3051 635 3091 Zenodorus
659 3052 763 3098 feeit,
786 3052 998 3108 expediam?
1030 3053 1160 3104 Vespa-

1210 2618 1358 2647 zucum,
1387 2606 1450 2641 τῶν
1478 2606 1642 2650 Μκξυᾱῖν.
1702 2604 1824 2654 Populi
1851 2605 1886 2640 in
1916 2603 2030 2642 Africa
2060 2611 2228 2645 Mazaces

1211 2667 1267 2692 aut
1288 2652 1459 2702 Ma'xyces.
1492 2654 1578 2690 Inde
1594 2658 1630 2689 ὃ(
1645 2654 1808 2692 Maxices.
1838 2655 1885 2691 ita
1905 2655 2128 2692 nominantur
2146 2659 2228 2694 Pto-

1211 2706 1358 2746 lemaeo,
1375 2705 1432 2754 qui
1450 2703 1628 2754 vulgarem
1644 2707 1680 2739 δε
1699 2705 1864 2741 Latinum
1882 2716 2006 2755 typum
2021 2707 2056 2742 in
2076 2709 2228 2744 nomini-

1211 2756 1273 2794 bus
1293 2754 1426 2791 urbium
1447 2758 1484 2791 ὅ(
1509 2755 1663 2803 gentium
1684 2754 1916 2804 concipiendis
1933 2753 2005 2791 fere
2024 2755 2159 2807 semper
2179 2757 2229 2794 se-

1211 2808 1331 2857 quitur.
1389 2805 1577 2855 Stephanus
1598 2819 1608 2841 :
1647 2804 1818 2851 Μάξυες,
1849 2802 1878 2841 οἱ
1894 2804 2033 2846 nigore
2057 2806 2227 2851 Νομάῖες.

1209 2854 1464 2904 Nemesianus:

1321 2908 1498 2954 Qcmque
1514 2900 1675 2940 coloratus
1693 2909 1831 2941 Mazux
1851 2903 1982 2953 deserta
1991 2914 2053 2954 per
2070 2918 2162 2943 arva

1320 2956 1451 2998 Pavit,
1482 2953 1534 2998 Εἴ
1556 2953 1692 3002 affiduos
1710 2955 1822 2992 docuit
1839 2955 1979 2992 tolerare
1996 2955 2133 2994 labores.

1205 3009 1230 3043 ‚S
1237 3018 1428 3044 ΑιΜΑεωε.

1243 3104 1245 3107 Ι
1265 3053 1616 3105 31Τνιτηβτσγίιιη]
1651 3054 1706 3143 {b
1724 3054 1797 3106 ipso
1816 3054 2147 3100 videlicettranfitu,
2173 3059 2235 3106 qui

1616 3150 1625 3161 ,
1655 3129 1670 3144 .
1703 3118 1754 3143 xx
1785 3119 1805 3142 2
2178 3120 2238 3158 per
