2504 3425
1390 87 1443 112 qs

662 168 1451 228 Tinuxuuanxo
1517 168 1856 226 Casan}
2153 186 2259 244 339

158 265 280 332 gusto
311 262 491 328 agebat:
526 259 678 309 deinde
712 264 756 307 &
791 260 838 305 in
868 258 1052 321 reliquis.
1118 255 1240 323 Julia'e
1276 262 1394 307 uxori
1426 275 1590 308 tantum
1621 257 1782 317 abfuit,
1817 274 1863 306 ut
1895 260 2110 324 relegatae,
2141 261 2264 324 quod

162 331 394 376 minimum
427 327 512 385 est,
544 324 677 373 officii
699 339 771 371 aut
793 322 1063 370 humanitatis
1081 325 1238 388 aliquid
1260 327 1514 387 impertiret,
1546 341 1592 372 ut
1624 342 1674 370 ex
1695 323 1994 371 constitutione
2019 325 2140 386 patris
2173 341 2263 370 uno

103 417 107 421 >
157 393 314 456 oppido
348 392 553 449 clausam,
585 389 719 437 domo
742 404 915 453 quoque
952 389 1118 451 egredi,
1156 394 1199 434 δε
1235 392 1494 437 commercio
1525 389 1753 436 hominum
1784 386 1867 435 frui
1890 390 2087 435 vetuerit:
2125 386 2195 434 sed
2215 393 2264 435 δε

77 1047 126 1095 51

155 457 323 518 peculio
342 458 534 504 conceffo
570 474 593 503 a
625 468 737 517 patre
771 448 1034 515 praebitisque
1068 454 1217 499 annuis
1240 452 1467 511 fraudavit,
1504 471 1577 517 per
1597 453 1776 517 speciem
1806 452 1966 516 publici
1989 453 2113 511 juris,
2147 451 2265 514 quod

154 520 262 566 nihil
285 520 335 566 de
360 520 424 567 his
445 518 668 584 Augustus
690 517 941 565 testamento
964 516 1140 563 caviffet,
1211 519 1393 563 Matrem
1425 521 1593 565 Liviam
1628 531 1842 583 gravatus,
1877 517 1993 564 velut
2022 531 2152 580 partes
2189 515 2266 562 fibi

153 601 290 648 aequas
323 588 518 648 potentiae
550 586 860 638 vindicantem,
895 586 939 626 δε
973 580 1234 644 congressum
1269 587 1355 640 ejus
1390 582 1591 628 affiduum
1628 584 1792 628 vitavit:
1826 582 2104 644 &longiores
2131 580 2266 625 secrc-

155 648 361 713 tioresque
383 649 615 705 sermoneS,
651 664 703 693 ne
737 651 824 704 ejus
857 643 1061 701 consiliis,
1097 646 1250 708 quibus
1269 659 1408 691 tamen
1436 648 1643 692 interdum
1674 651 1716 691 &
1742 662 1888 708 egere,
1923 651 1967 692 ὃ(
1995 647 2056 691 uti
2079 643 2261 701 solebat„

154 715 244 776 regi
277 714 494 761 videretur.
561 713 686 757 Tulit
718 712 842 755 etiam
877 710 1125 771 perindigne
1159 712 1296 754 actum
1329 728 1351 755 a
1387 711 1522 755 senatu
1543 747 1555 766 ,
1590 726 1634 755 ut
1665 709 1792 754 titulis
1815 710 1894 755 suis
1919 710 2030 774 quasi
2055 707 2259 772 Augusti,

155 778 214 822 ita
247 782 290 823 &
325 780 454 826 Liviae
488 777 599 824 filius
630 775 882 833 adjiceretur.
953 776 1095 829 Qiare
1129 789 1216 817 non
1244 789 1448 839 parentem
1474 780 1611 840 μανία
1645 775 1867 835 appellari,
1900 792 1990 820 non
2026 774 2157 820 ullum
2193 776 2264 818 in-

154 838 316 903 fignem
351 841 553 887 honorem
585 840 766 899 recipere
799 834 968 898 publice
1004 836 1132 896 paffus
1166 834 1236 881 cst.
1305 838 1386 883 Sed
1420 843 1463 884 &
1498 838 1743 901 frequenter
1775 837 2017 894 admonuit,
2049 834 2262 899 majoribus

156 921 227 948 nec
250 907 425 966 foeminae
454 900 764 950 convenientibus
795 902 959 962 negotu's
990 898 1219 959 abstineret.-
1255 904 1456 964 praecipue
1491 917 1537 947 ut
1569 900 1882 955 animadvertit,
1917 901 2117 947 incendio
2151 906 2263 958 juxta

152 968 283 1013 aedem
318 968 451 1014 Vestae
486 973 531 1014 δι
566 965 692 1029 ipsam
726 961 1011 1010 intervenifle:
1047 965 1337 1027 populumque
1361 971 1403 1011 &
1428 967 1604 1019 milites,
1631 980 1719 1026 quo
1738 965 1899 1009 enixius
1927 981 2054 1027 opem
2078 963 2262 1020 ferrent,

157 1031 437 1088 adhortatam,
471 1031 665 1078 ficutlub
691 1029 840 1074 marito
864 1025 982 1072 solita
1003 1027 1114 1072 ess'et.
1183 1028 1356 1075 Dehinc
1392 1029 1443 1075 ad
1475 1029 1725 1076 simultatem
1759 1028 1891 1090 usque
1926 1027 2146 1089 ptocessit,
2180 1028 2259 1073 hac

154 1109 200 1140 ut
232 1094 372 1142 ferunt
403 1097 454 1143 de
488 1095 645 1144 caussa:
692 1090 866 1138 Instanti
898 1091 1042 1153 iaepius
1066 1125 1080 1148 ,
1126 1105 1172 1136 ut
1206 1095 1371 1138 civitate
1405 1095 1604 1140 donatum
1638 1094 1682 1137 in
1709 1091 1892 1137 decurias
1911 1091 2147 1154 adlegeret,
2181 1108 2261 1135 ne-

151 1161 268 1222 gavit
300 1162 377 1207 alia
410 1159 451 1207 se
484 1161 731 1207 conditione
764 1157 1032 1211 allefiturum²
1067 1172 1194 1218 quam
1229 1157 1259 1204 fi
1292 1172 1499 1219 pateretur
1528 1155 1700 1203 adscribi
1735 1155 1855 1210 albo,
1890 1170 2083 1201 extortum
2116 1155 2161 1199 id
2183 1156 2263 1215 fibi

417 1229 483 1273 At
516 1227 581 1271 illa
614 1235 825 1269 commota
846 1256 860 1277 ,
908 1234 1065 1266 veteres
1096 1218 1298 1283 quosdam
1330 1222 1379 1268 ad
1410 1221 1450 1268 se
1484 1219 1669 1283 Augusti
1703 1219 1919 1265 codicillos
1951 1220 2003 1265 de
2037 1217 2257 1265 acerbitate

151 1240 180 1267 a
211 1239 349 1271 matre·

151 1290 198 1334 &
231 1290 495 1339 intolerantia
526 1304 693 1337 morum
716 1291 802 1347 ejus
835 1301 857 1331 e
878 1283 1047 1330 sacratio
1070 1285 1271 1349 protulit,
1305 1300 1428 1350 atque
1453 1287 1650 1334 recitavit.
1717 1286 1814 1329 Hos
1833 1289 1876 1330 δε
1904 1283 2130 1330 custoditos
2152 1296 2263 1327 tam«-

2157 1345 2227 1391 diu
2243 1381 2257 1402 ‚

476 1431 513 1468 '1'
538 1441 562 1467 0
590 1441 618 1467 R
646 1440 672 1466 R
703 1437 726 1464 Β
753 1438 779 1464 N
811 1435 848 1462 τ.
1234 1429 1323 1462 Erat
1350 1427 1441 1475 apud
1467 1427 1590 1463 Heium
1608 1426 1805 1475 sacrarium
1831 1438 1908 1460 cum
1932 1435 2057 1473 magna
2092 1421 2258 1470 dignitate

1237 1476 1275 1512 in
1300 1476 1435 1515 edibus.
1464 1480 1502 1513 ὃς
1522 1477 1621 1529 Epist.
1653 1478 1698 1515 ad
1716 1477 1952 1519 Memmium,
1981 1474 2038 1524 qui
2055 1470 2198 1508 habitat
2220 1470 2259 1506 in

159 1575 192 1613 A
218 1539 271 1571 50.
282 1528 471 1577 Unooppido
481 1526 668 1577 clausam]
695 1525 940 1575 Rheginorum
958 1521 1091 1562 scilicet.
1109 1523 1178 1577 sup.
1233 1536 1291 1562 tuo
1301 1527 1465 1576 sacrario.

194 1589 613 1678 uffirjgiijgszgffnm]
657 1632 795 1664 Annua
813 1624 983 1677 appellant
1005 1626 1105 1669 JCti,
1143 1629 1180 1663 δε

158 1688 316 1714 annuum
334 1679 561 1720 ἐλλειπὶικᾶἷς
581 1677 805 1721 &absolute,
833 1679 866 1712 id
884 1675 979 1726 quod
997 1675 1181 1713 alimento-

1550 1631 1931 1667 CAsAusson.

156 1738 236 1763 rum
260 1727 357 1764 caule
375 1729 409 1764 in
433 1727 584 1778 singulos
602 1740 715 1765 annos
727 1727 910 1779 praestatur.
931 1728 971 1763 L.
997 1740 1028 1764 x.
1047 1729 1177 1765 &x1v.

1292 1739 1346 1770 50.
1358 1731 1401 1763 Ut
1418 1728 1530 1765 titulis
1537 1729 1610 1777 suis
1618 1730 1711 1781 quafi
1729 1730 1874 1780 Augusti
1884 1757 1895 1772 ,
1920 1725 1971 1771 &³
1983 1726 2035 1762 ita
2049 1721 2253 1769 Livl‘ssfillu‘

155 1777 214 1812 De
229 1778 350 1814 annuis
366 1778 494 1828 legatis.
526 1779 612 1815 Plin.
629 1777 730 1830 Epist.
756 1778 800 1814 ad
819 1778 1033 1823 Traianum,
1060 1787 1101 1813 ut
1113 1786 1178 1826 pu·
1232 1776 1475 1838 adjiceretur.]
1511 1782 1585 1817 Dio
1603 1781 1660 1819 lib.
1675 1794 1739 1819 tvi
1753 1796 1780 1818 1.
1804 1781 1932 1817 ’Ἄλλοι
1951 1778 2009 1812 καὶ
2034 1774 2083 1811 τὶν
2102 1770 2253 1831 Τιζέριοῑ

156 1825 339 1876 blicifi’rvi
357 1841 475 1864 annua
501 1829 680 1877 accipiant.
739 1830 832 1865 Cum
864 1828 964 1877 igitur
988 1827 1175 1878 Augustus,

1232 1827 1297 1862 «κοτ’
1312 1829 1416 1870 αὐτῆς
1437 1830 1690 1876 torinnenio-30⁶4
1713 1830 1922 1875 ἐσηγήσαντο
1935 1857 1947 1872 ,
1974 1829 2065 1865 ὅπως
2084 1822 2199 1870 deme
2219 1836 2251 1857 ⁶¹

156 1887 271 1914 annua
284 1876 362 1913 filice
381 1878 537 1929 praestare
556 1880 688 1923 solitus,
718 1878 800 1915 nihil
818 1878 862 1915 de
881 1891 925 1916 eo
938 1878 973 1914 in
992 1878 1172 1916 testamen⁴
1219 1875 1381 1919 ςΈλληνες
1402 1879 1564 1929 πατρόθεν
1583 1911 1595 1926 ,
1633 1880 1707 1920 ἕτω
1728 1883 1789 1918 καὶ
1816 1882 1931 1919 ἐκεῖνος
1950 1876 2105 1924 μητρόθῑν
2133 1871 2253 1915 ὄνομά·

157 1936 197 1964 to
216 1925 372 1973 caviffet,
411 1930 588 1973 Tiberius,
626 1942 793 1981 tanquam
808 1941 923 1966 morte
944 1927 1114 1966 defecisset
1142 1929 1177 1966 li-

1229 1929 1343 1977 ζητοιι.
1401 1932 1541 1969 Tacitus
1563 1947 1573 1969 ε
1610 1934 1731 1969 Multa
1751 1941 1894 1981 patrum
1920 1928 1972 1971 {5
1993 1928 2029 1963 in
2057 1921 2252 1972 Augustam

157 1977 315 2016 beralitas
334 2007 348 2023 ‚
393 1990 434 2016 ac
461 1980 556 2031 quasi
573 1980 670 2018 nefas
688 1977 792 2023 effer,
824 1984 861 2017 &
881 1979 942 2027 juri
958 1979 1096 2030 publico
1115 1980 1176 2017 ad-
1228 1979 1384 2015 adulatio
1403 1996 1413 2015 -·
1439 1981 1502 2018 alii
1522 1996 1542 2019 Ρ
1555 1996 1612 2020 AR
1626 1995 1646 2019 E
1659 1996 1682 2020 N
1698 1996 1720 2020 T
1732 1994 1752 2018 E
1766 1995 1793 2019 Μ
1812 2011 1824 2026 ,
1859 1980 1922 2017 alii
1942 1991 1968 2015 Μ
1983 1991 2004 2014 Α
2017 1990 2039 2014 T
2052 1989 2075 2013 R
2091 1986 2111 2010 Ε
2126 1987 2152 2030 Μ.
2180 1985 2199 2009 ¹²
2212 1985 2250 2009 A*

154 2028 341 2066 versaretur
358 2042 478 2068 contra
497 2031 663 2070 testatoris
682 2030 898 2071 voluntatem
924 2029 1060 2073 facete,
1088 2031 1175 2068 nihil
1232 2041 1254 2065 'r
1266 2042 1290 2066 R
1302 2042 1316 2065 1
1328 2044 1357 2066 AE
1376 2033 1631 2080 appellandam,
1653 2032 1805 2082 plerique
1822 2043 1861 2070 ut
1878 2029 2007 2068 nomini
2032 2025 2168 2073 Caesaris
2186 2023 2251 2059 ad-

181 2079 316 2118 raestiti‘t.

156 2092 179 2132 p
210 2135 365 2168 Matrem
381 2132 524 2170 Liviam
542 2129 755 2182 gravatas]
814 2132 867 2169 Sic
891 2134 1016 2169 Horat.
1034 2130 1092 2170 lib.
1119 2146 1171 2172 ιν.

153 2180 228 2219 Od.
247 2195 304 2220 xi.
332 2192 508 2220 terrenum
524 2184 670 2234 equitem
682 2191 857 2233 gravatus
876 2182 1171 2231 Bellerophontem.

157 2232 280 2282 virgil.
300 2231 357 2270 lib.
367 2246 399 2271 x.
429 2234 513 2282 quid
524 2235 557 2283 fi
573 2247 641 2285 qua
657 2247 737 2270 voce
750 2244 913 2282 gravam
931 2261 943 2277 ‚
973 2238 1092 2270 Mente
1111 2236 1174 2270 da-

154 2293 229 2320 res?
258 2287 395 2321 sueton.
426 2285 514 2335 Aug.
545 2283 677 2333 Ampla
698 2283 758 2328 ξς
781 2282 907 2332 operest:
924 2284 1080 2320 prataria
1091 2297 1174 2333 gra-

157 2332 320 2372 vabatur.
377 2337 459 2371 Duo
484 2347 603 2373 tamen
621 2334 723 2372 codd.
744 2347 816 2372 non
843 2334 972 2371 habent
983 2345 1170 2382 gravatus.

214 2384 389 2420 Interdum
405 2383 457 2426 ἐς
476 2399 551 2434 agre
569 2387 633 2425 uti.
654 2384 670 2434 ]
701 2385 806 2423 Liber
815 2384 992 2428 Turnebi,
1018 2389 1171 2423 ut&no·

163 2433 219 2471 stri
229 2446 378 2478 omnes,
404 2438 576 2472 mterdum
592 2435 645 2480 Εἴ
671 2449 779 2485 egere,
807 2434 860 2478 ξδ’
880 2437 933 2471 uti
942 2435 1081 2484 solebat.
1113 2438 1170 2472 De

158 2486 270 2573 ¹Isivia:
298 2495 414 2522 autem
435 2485 611 2535 prudentia
628 2488 725 2524 Dion
741 2490 779 2525 δε
796 2490 925 2525 Seneca
945 2485 1105 2536 praeclare
1124 2498 1171 2524 te-

188 2547 295 2572 antur.

215 2583 323 2635 Qafi
342 2585 525 2634 Augusti.]
547 2585 589 2622 Id
602 2585 671 2629 est,
696 2586 1001 2637 quemadmodum
1018 2587 1170 2638 Augusti.

157 2637 329 2687 Frequens
348 2637 414 2673 hoc
435 2634 626 2687 significatu
643 2639 792 2674 Senecae.

214 2693 285 2724 Nec
301 2688 449 2733 foeminae
467 2686 711 2723 convenientib.
741 2685 913 2735 negotiis]
931 2691 933 2693 ’
973 2689 1075 2738 Atqui
1093 2688 1173 2725 talla

158 2735 232 2775 sunt
249 2737 358 2775 civilia
374 2739 513 2780 omnia,
542 2748 562 2774 a
580 2735 702 2786 quibus
716 2734 871 2774 foeminae
880 2749 1047 2776 arcentur.
1060 2742 1100 2776 L.
1118 2754 1127 2776 1
1142 2754 1168 2776 1.

159 2789 216 2824 De
233 2791 323 2838 Reg.
337 2790 397 2835 jur.
413 2792 450 2825 ἃ
461 2787 504 2825 ad
513 2790 545 2825 S.
559 2790 601 2824 C.
622 2786 856 2833 Vellejanum.

217 2853 268 2884 5¹-
287 2843 342 2874 At
359 2839 419 2874 illa
429 2836 628 2885 commota]
660 2837 857 2875 Liberunus
867 2850 1066 2879 commenta.
1077 2841 1172 2892 quod

164 2887 262 2926 filere
283 2889 386 2926 nolui.
413 2888 579 2926 Decurias
590 2900 706 2926 autem
719 2888 870 2935 judicum
886 2890 1061 2941 intelligo,
1086 2906 1172 2942 quo-

164 2954 243 2978 rum
262 2941 406 2977 nomina
421 2941 456 2976 in
471 2940 554 2978 albo
571 2938 815 2977 scribebantur.

219 2991 444 3039 Esau-mrim]
478 2991 583 3028 Liber
599 3002 670 3041 opt.
690 2990 884 3038 asacraric).
914 2993 1108 3030 sacrarium
1116 3006 1175 3031 au-

1217 2080 1422 2127 scriberetur
1448 2093 1463 2124 J
1475 2096 1499 2119 u
1512 2095 1532 2119 L
1544 2096 1557 2120 1
1570 2098 1599 2120 με
1632 2096 1651 2120 F
1667 2097 1682 2121 1
1692 2096 1711 2120 L
1724 2097 1738 2121 1
1748 2097 1772 2120 u
1785 2097 1802 2119 s
1811 2111 1822 2127 ,
1852 2081 2039 2130 censebant.

1280 2132 1400 2177 Qare
1423 2144 1491 2168 non
1507 2142 1686 2181 parentem
1707 2134 1825 2184 patria
1849 2130 2044 2181 appellari.]
2090 2127 2176 2187 xDio
2201 2124 2247 2162 de

1225 2180 1324 2218 LlVla
1346 2195 1356 2218 ε
1401 2182 1473 2219 Καὶ
1503 2186 1632 2221 πολλοὶ
1659 2185 1717 2229 μὲν
1744 2192 1781 2221 Μ
1793 2191 1823 2220 H
1835 2190 1901 2220 TE
1915 2188 1978 2217 ΡΑ
2009 2181 2112 2218 αὐτὴν
2130 2182 2200 2214 ΤΗ
2213 2181 2246 2211 Σ

1225 2237 1549 2278 ΠΑΤιΡῙΔΟΣ,
1577 2234 1752 2271 πολλοὶὸὲ
1772 2235 1831 2270 nal
1852 2237 2042 2269 FONEA
2067 2241 2244 2276 προσ-οινο-

1223 2282 1385 2328 ρεόεο-θοιι
1403 2282 1537 2329 ’γνώμην
1563 2284 1704 2323 ἔδωκαν.
1762 2289 1804 2321 ln
1833 2283 1976 2332 antiquis
2006 2279 2160 2316 nummis
2190 2275 2244 2313 su-

1223 2331 1441 2381 perbiffimus
1474 2333 1575 2371 simul
1605 2339 1643 2372 δε
1673 2333 1895 2385 ineptissimus
1931 2332 1984 2368 hic
2012 2329 2096 2366 illius
2127 2327 2244 2364 titulus

1221 2383 1417 2421 invenitur:
1452 2397 1595 2428 JuL1A
1619 2398 1851 2424 AUGUSTA
1877 2392 2136 2422 GEN1TRIX
2162 2389 2244 2415 on-

1222 2445 1241 2468 B
1251 2446 1265 2471 1
1278 2448 1307 2473 s,

1282 2500 1335 2532 5¹·
1346 2490 1375 2521 E
1375 2484 1529 2534 sacrario
1530 2486 1711 2538 protulit.]
1743 2485 1922 2537 Scripserat
1931 2480 2116 2521 Beroaldus
2131 2475 2242 2518 videri

1221 2534 1408 2587 legendum
1421 2553 1437 2574 e
1444 2536 1634 2585 secretario,
1664 2538 1788 2575 deinde
1803 2537 1977 2578 exstitere,
1987 2534 2043 2584 qui
2057 2533 2239 2569 inventam

1223 2598 1242 2621 a
1260 2587 1293 2623 se
1312 2591 1347 2626 in
1364 2589 1467 2628 veteri
1490 2589 1578 2627 libro
1605 2601 1685 2625 eam
1711 2588 1902 2625 lectionem
1934 2587 1969 2622 in
1990 2585 2113 2640 litteras
2133 2580 2239 2635 refer-

1223 2649 1309 2675 rent.
1369 2640 1414 2676 At
1432 2639 1537 2676 nostri
1551 2653 1678 2678 onmes
1686 2639 1851 2688 sacraria.
1887 2636 1990 2686 idque
2016 2632 2149 2670 melius.
2187 2641 2240 2664 in·

1224 2687 1341 2738 telligit
1365 2703 1438 2727 non
1453 2690 1625 2727 tablinum
1642 2688 1804 2740 Augusti,
1831 2700 1887 2724 aut
1904 2687 2011 2724 Liviae
2030 2698 2039 2721 ι
2073 2681 2131 2718 sed
2150 2691 2238 2736 verq

1222 2738 1404 2777 sacrarium
1418 2770 1430 2784 ,
1461 2740 1495 2776 id
1506 2741 1553 2778 est
1563 2770 1574 2785 ,
1603 2741 1721 2778 locum
1731 2740 1884 2788 Augusto
1899 2736 2135 2773 consecratum
2148 2758 2159 2773 ,
2169 2728 2238 2785 ,ubl

1222 2792 1294 2835 ejus
1310 2791 1431 2841 imago
1447 2791 1637 2828 habebatur
1658 2803 1678 2827 a
1694 2789 1783 2834 Julia
1801 2802 1909 2826 uxore
1928 2782 2236 2837 quondamipims,

1222 2853 1300 2878 tunc
1325 2841 1499 2878 sacerdote
1517 2856 1528 2878 ς
1564 2855 1607 2878 eo
1634 2841 1701 2877 loci
1728 2840 1860 2877 videtui·
1878 2838 1965 2884 Julia
1997 2831 2237 2888 pretiosislinia

1221 2893 1386 2936 κειμήλιοι
1405 2892 1448 2929 ab
1466 2892 1617 2941 Augusto
1629 2889 1693 2929 fibi
1711 2890 1828 2928 relicta
1850 2885 2010 2926 habuiss'e.
2039 2885 2105 2922 alia
2122 2893 2237 2919 nono·

1220 2956 1265 2980 ne
1281 2944 1475 2991 fhcrarium
1494 2942 1678 2992 Principis,
1704 2943 1737 2978 in
1754 2940 1821 2991 leg.
1841 2939 1897 2977 ult.
1917 2944 1947 2984 §.
1968 2937 2110 2987 Legatis.
2127 2936 2173 2970 D.
2194 2929 2238 2965 de

1222 2994 1422 3031 Muneribus
1437 2997 1475 3031 8(
1493 2993 1617 3031 honor.
1642 2996 1680 3030 ὅ(
1699 2992 1789 3028 alibi.
1817 2990 2038 3028 secretarium
2058 3015 2070 3030 ‚
2102 2997 2159 3024 vix
2189 2979 2238 3018 se·

167 3052 241 3078 tem
261 3054 322 3092 pro
340 3040 462 3078 larario
488 3039 603 3079 dixiss'e
630 3040 762 3079 videtur
778 3069 791 3085 ‚
837 3052 874 3077 ut
898 3043 1002 3079 etiam
1030 3045 1174 3092 privata·
1225 3044 1303 3085 culo
1321 3058 1366 3083 eo
1383 3056 1467 3085 nota
1485 3057 1554 3087 vox
1563 3072 1577 3091 ,
1604 3045 1642 3082 in
1658 3042 1790 3082 Codice
1809 3041 1900 3083 aliud
1917 3038 2098 3091 significat.

164 3105 242 3130 rum
263 3091 389 3131 aedium
414 3091 597 3132 sacrarium
619 3091 710 3144 apud
734 3093 807 3131 Cic.
837 3092 983 3143 legimus
1003 3095 1173 3137 Venavx.

1657 3146 1776 3185 sz
2093 3137 2247 3184 Tou·
