2504 3425
499 161 1064 218 T1131³n1us
1139 156 1434 216 Nan
1511 156 1896 215 CAESAR.
2125 179 2232 234 297

105 292 129 322 2
151 259 335 310 Neronis
359 255 588 320 assumpsit,
623 271 711 320 quo
733 252 987 318 significatur
1008 255 1150 318 lingua
1173 252 1323 299 Sabina
1353 250 1476 299 fortis
1498 269 1544 298 ac
1576 249 1774 298 strenuus.
1841 251 1980 298 Multa
2003 254 2226 301 multorum

152 324 424 371 Claudiorum
444 322 610 385 egregia
633 320 802 374 merita,
837 320 966 364 multa
985 320 1109 365 etiam
1132 316 1241 362 secus
1279 315 1442 363 admissa
1464 318 1508 363 in
1539 317 1649 362 Rem
1683 350 1692 361 .
1717 313 1885 362 exstant.
1954 315 2032 361 Sed
2058 331 2101 361 ut
2124 333 2227 377 prae-

89 419 116 447 a
150 390 268 451 cipua
292 401 646 441 commemorem,
679 383 845 445 Appius
862 383 1008 429 Caecus
1042 381 1280 427 societatem
1314 396 1412 425 cum
1434 396 1531 442 rege
1553 332 1710 442 Pyrrbo
1731 415 1745 435 ‚
1790 394 1835 424 ut
1857 395 2002 442 parum
2025 377 2225 426 salubrem

88 437 130 510 b,-
147 454 244 499 iniri
263 450 449 497 dissuasit.
515 447 715 494 Claudius
736 446 909 492 Caudex
924 479 937 500 ‚
972 447 1127 507 primus
1146 443 1257 490 freto
1278 443 1393 489 classe
1417 446 1636 502 transjeffito
1659 479 1673 500 ‚
1710 448 1866 489 Poenos
1897 444 2034 489 Sicilia
2059 446 2226 505 expulit.

90 545 123 572 c,
148 515 349 562 Claudius
361 517 484 560 Nero
507 513 796 558 advenientem
817 527 865 555 ex
891 509 1092 572 Hispania
1113 525 1208 556 curn
1234 506 1478 570 ingentibus
1495 508 1628 568 copiis
1647 506 1921 553 Asdrubalem
1937 542 1949 563 ‚
1970 509 2079 568 prius
2101 525 2226 569 quam

80 592 112 637 d
144 579 374 624 Hannibali
399 577 510 624 fratri
531 571 1098 637 conjungeretur‚oppreffit.
1134 573 1296 633 Contra
1322 572 1522 616 Claudius
1541 573 1708 632 Appius
1727 569 1988 635 Regillianus
2016 571 2229 618 decemvir

113 627 123 638 ⁰
143 643 306 706 legibus
327 642 547 689 scribendis
569 641 774 701 virginem
800 639 1024 699 ingenuam
1045 652 1117 697 per
1144 636 1231 680 vim
1260 668 1276 690 ,
1308 633 1494 679 libidinis
1515 636 1646 695 gratia
1667 670 1679 690 ‚
1714 635 1758 679 in
1794 634 2032 681 servitutem
2057 629 2224 681 asserere

145 722 342 763 conatus,
367 705 493 751 caussa
517 703 597 749 fuit
620 701 730 763 plebi
748 699 962 745 secedendi
985 696 1142 745 rursum
1165 714 1188 742 a
1213 696 1406 759 patribuS.
1443 698 1645 743 Claudius
1667 695 1853 754 Drusus,
1877 696 2003 744 statua
2028 697 2103 744 fibi
2127 715 2223 746 cum

143 770 368 817 diademate
387 770 434 814 ad
461 769 592 829 Appii
615 766 769 809 Forum
794 763 1118 824 posita,1taliam
1142 777 1215 822 per
1230 761 1440 805 clientelas
1459 776 1663 823 occupare
1686 763 1872 807 tentavit.
1909 762 2111 807 Claudius
2126 764 2226 808 Pul-

114 833 123 844 ⁰
144 834 240 881 cher
261 833 366 896 apud
389 833 570 877 Siciliam
605 844 692 873 non
713 826 971 887 pascentibus
1002 823 1046 870 in
1068 823 1314 886 auspicando
1347 825 1468 884 pullis
1488 859 1502 880 ,
1544 841 1590 870 ac
1615 840 1687 885 per
1717 838 1975 869 contemtum
2011 827 2227 888 religionis

140 901 242 944 mari
264 895 453 942 demersis
476 929 490 950 ,
523 891 635 956 quasi
652 904 698 935 ut
715 889 907 935 biberent
928 925 943 946 ,
984 888 1154 952 quando
1180 887 1258 932 esse
1281 888 1443 931 nollent
1466 922 1479 943 ,
1514 888 1702 948 praelium
1730 888 1872 933 navale
1895 889 1988 932 iniit
2014 906 2023 932 ε
2060 887 2224 950 supera-

140 962 284 1026 tusque
300 995 315 1018 ,
355 976 452 1005 cum
478 957 719 1004 <licitatorem
740 952 876 1000 dicere
898 971 921 999 a
945 951 1085 999 senatu
1104 949 1338 1013 juberetur,
1371 952 1485 999 velut
1506 953 1656 996 iterum
1683 949 1860 996 illudens
1882 950 2219 1060 discriminglpu.

2129 1032 2194 1062 ico
2208 1053 2220 1073 ‚

456 1099 492 1134 T
517 1109 541 1133 o
570 1108 595 1133 R
623 1105 648 1132 u
679 1105 702 1132 E
728 1105 754 1133 Ν
785 1106 822 1131 T.
1199 1088 1426 1140 posteriorem
1454 1090 1497 1127 ad
1528 1089 1726 1127 Corinthios
1744 1102 1755 1124 ε
1785 1086 1844 1127 Εἷς
1861 1085 1897 1122 τὶ
1924 1086 2037 1135 ἑτέρες
2066 1087 2221 1132 ἀλείφειν

1200 1141 1334 1188 πρόκα-ι
1350 1141 1411 1176 zui
1433 1143 1554 1189 νευρὲν.
1584 1151 1725 1190 utraque
1743 1150 1812 1176 Vox
1829 1138 1966 1188 proprie
1982 1137 2025 1174 de
2035 1139 2226 1188 gymnasiis

187 1193 546 1248 signficaturfhrtis.]
569 1194 695 1232 Gellius
710 1193 767 1232 lib.
780 1207 821 1232 xx
834 1207 886 1232 11.
906 1205 982 1245 cap.
993 1202 1071 1231 xxx.
1089 1191 1149 1230 ubi
1201 1190 1386 1240 usurpatur.
1404 1190 1490 1228 Inde
1506 1191 1634 1238 Νεύρων
1645 1219 1655 1233 ,
1668 1201 1702 1226 ut
1713 1188 1867 1236 Γσίςρων,
1878 1187 2065 1232 Κεφάλων,
2079 1196 2106 1224 X
2113 1188 2220 1228 είλων.

133 1248 179 1288 de
197 1250 371 1293 Neriene,
402 1247 521 1285 Martis
543 1248 703 1297 conjuge.
1202 1243 1303 1277 Nero
1323 1253 1342 1277 a
1360 1241 1509 1289 Νεόρων,
1540 1240 1624 1278 sicut
1641 1244 1679 1277 δε
1697 1241 1739 1277 A.
1761 1236 1889 1275 Gellius
1904 1239 2013 1275 innuit
2026 1266 2038 1282 ,
2068 1237 2222 1277 dissoluta

183 1313 218 1338 2.
250 1304 343 1337 Secus
361 1297 516 1345 admifflz.
531 1297 547 1343 ]
578 1297 684 1333 Liber
702 1308 788 1333 unus
795 1293 925 1343 secius,
938 1291 1150 1331 Tor-nacens.
1173 1267 1177 1317 i
1201 1290 1419 1342 diphthongo
1432 1295 1470 1329 δε
1486 1292 1681 1328 imminuta.
1692 1302 1727 1328 ut
1736 1288 1844 1338 periri
1854 1287 1967 1333 ‚unde
1984 1291 2138 1339 experiri,
2149 1307 2224 1328 πει-

131 1351 274 1400 fi’qmus.
301 1348 397 1400 quod
423 1347 606 1386 Turnebus
626 1360 791 1398 quoque,
826 1349 864 1384 δε
894 1343 1047 1382 Gifanius
1074 1357 1153 1395 pro·
1200 1343 1270 1390 pqi'v.
1304 1340 1351 1378 fic
1365 1353 1529 1398 nervus'a
1546 1344 1657 1390 νεῦρον.
1775 1390 1781 1396 ι
1851 1390 1858 1397 .
2081 1392 2087 1399 ·
2168 1393 2175 1400 .

139 1400 236 1438 bant,
1256 1406 1287 1430 2.
1316 1392 1436 1428 Multa
1458 1402 1563 1429 ettam
1573 1393 1667 1439 secus
1684 1388 1829 1438 admtffa
1844 1403 1881 1427 m
1899 1390 2031 1442 Remp]
2050 1391 2173 1429 Pithoex
2185 1396 2221 1430 δε

191 1449 357 1486 Claudius
376 1446 557 1496 Caudex]
581 1448 696 1493 Hujus
714 1446 867 1483 nominis
888 1445 974 1481 ratio
994 1457 1074 1481 curn
1103 1443 1153 1480 hi·
1205 1442 1360 1480 Tur-nebi
1386 1442 1479 1485 libri,
1492 1442 1639 1492 sequius.
1709 1442 1898 1478 Vaticanus
1905 1441 2027 1489 secius.
2054 1443 2160 1479 nostri
2167 1445 2220 1491 ft-

137 1497 243 1536 storia
269 1500 441 1538 convenit.
500 1499 644 1533 Caudex
673 1498 768 1533 enim
786 1496 931 1546 plurium
959 1494 1152 1531 tabularum
1207 1504 1271 1530 cus.
1312 1494 1388 1530 Viri
1406 1492 1499 1530 docti
1517 1494 1572 1529 alii
1592 1491 1681 1529 aliud
1700 1489 1858 1541 probant.
1886 1492 1989 1543 Atqui
2007 1505 2080 1530 non
2098 1495 2220 1544 magni

138 1557 317 1586 contextus
342 1548 432 1598 apud
465 1559 598 1586 veteres
625 1545 810 1583 dicebatur.
864 1545 966 1582 Unde
1005 1545 1153 1581 Claudio
1207 1542 1360 1587 interest,
1390 1555 1447 1580 aut
1469 1544 1580 1592 potius
1596 1542 1698 1585 nihil,
1726 1540 1911 1590 quomodo
1927 1543 2097 1580 scribatur.
2127 1549 2221 1580 Serus

138 1598 238 1643 huic,
263 1600 322 1648 qui
339 1600 469 1649 primus
487 1597 578 1634 bello
595 1596 685 1647 apud
703 1600 890 1634 Romanos
916 1608 1044 1632 navem
1069 1608 1152 1631 con·
1209 1592 1257 1629 est
1288 1593 1366 1633 ἑκὰς
1391 1622 1403 1637 ,
1419 1638 1424 1647 ι
1438 1605 1472 1630 ut
1499 1593 1536 1640 ἓξ
1554 1622 1567 1637 ,
1610 1593 1688 1637 sex,
1709 1591 1840 1642 aliaque
1857 1592 1977 1631 multa.
1999 1595 2034 1630 in
2052 1592 2219 1631 Gloffirio

138 1648 288 1691 stendit,
316 1650 350 1685 id
369 1648 589 1697 cognominis
606 1645 758 1684 adhaefit.
794 1651 923 1684 Seneca
943 1646 986 1682 de
1004 1646 1153 1683 Brevita-
1209 1644 1387 1694 exponitur
1414 1643 1553 1692 ετέρως,
1581 1643 1642 1679 καὶ
1662 1642 1814 1682 πλησίον.
1835 1655 1907 1679 non
1934 1643 2037 1681 male.
2068 1655 2152 1680 nam
2173 1647 2231 1683 vi-.

137 1710 172 1734 te
197 1700 286 1735 Vitae
304 1710 378 1748 cap.
397 1711 502 1735 x111.
528 1698 621 1733 Hinc
645 1700 683 1734 ὃ(
707 1698 900 1734 caudicaria
927 1709 1032 1733 naves
1059 1695 1150 1744 apud
1207 1694 1282 1730 cina
1300 1707 1373 1731 non
1400 1693 1553 1730 dicuntur
1569 1722 1582 1738 ‚
1609 1692 1672 1730 nisi
1689 1706 1767 1743 quae
1785 1692 1860 1729 sunt
1879 1692 1978 1738 ἑκὰς,
2004 1698 2041 1731 δε
2061 1705 2218 1734 naturam
2253 1723 2270 1738 ,

132 1749 304 1785 Nonium.
1207 1743 1396 1794 separatam
1414 1744 1552 1781 habent.
1601 1746 1710 1781 Porro
1730 1755 1765 1780 ut
1781 1743 1908 1780 Graecis
1922 1744 2013 1780 ἄλλο
2032 1748 2069 1781 δε
2092 1745 2216 1792 ἕτερον,

188 1798 356 1834 Claudzus
391 1802 482 1834 Nero
519 1796 796 1846 advenzemem]
838 1796 934 1835 Libri
960 1796 1030 1834 duo
1055 1794 1149 1832 Tibe-
1204 1796 1333 1832 Latinis
1350 1795 1459 1839 aliud,
1472 1807 1533 1844 per
1550 1793 1758 1839 ἐυφημισμῦν
1770 1794 1905 1842 ponitur
1915 1794 1950 1830 in
1968 1793 2217 1843 significatione

132 1847 203 1884 rias
223 1854 312 1884 Nero
330 1862 341 1882 .·
369 1848 522 1896 optimus
542 1875 555 1891 ,
582 1847 676 1898 quod
700 1848 807 1885 miror
825 1876 837 1891 ‚
863 1847 1028 1883 Tribunus
1045 1852 1146 1883 Nero.
1201 1845 1306 1890 mali,
1336 1844 1382 1882 fic
1399 1849 1437 1882 ὅ(
1447 1850 1540 1893 secus
1558 1844 1758 1894 usurparunt
1776 1856 1838 1892 pro
1856 1845 1983 1884 κακῶς.
2028 1845 2218 1883 Sallustius:

132 1897 229 1934 Nihil
256 1909 376 1935 tamen
399 1898 453 1935 hic
474 1909 585 1935 muto.
612 1910 696 1936 nam
722 1899 780 1949 qui
808 1897 1035 1934 Asdrubalem
1054 1896 1148 1934 devi-
1200 1895 1234 1930 Si
1240 1896 1335 1943 fiscus
1353 1896 1487 1932 accidat
1512 1894 1590 1931 huic
1611 1894 1743 1943 Reipnb.
1763 1897 1800 1930 ὅ(
1821 1891 1954 1944 paffim.
1993 1894 2040 1930 At
2046 1895 2154 1943 ftcius
2177 1900 2214 1934 ὃς

124 1948 197 1991 cit,
217 1950 257 1986 C.
280 1946 457 1992 Claudius,
471 1950 526 1985 Ti.
547 1952 581 1985 F.
595 1951 649 1986 Ti.
671 1952 720 1986 N.
751 1951 850 1985 Nero
872 1947 1058 1998 appellatus
1073 1946 1144 1984 fuit.
1189 1945 1327 1994 fl’quius
1346 1945 1540 1995 promiscue
1558 1944 1767 1987 scribebant,
1792 1955 1828 1980 ut
1844 1955 1936 1980 cocus
1953 1947 1991 1981 δε
2007 1957 2154 1995 coquus,
2175 1951 2213 1985 ὃς

130 1997 214 2034 Fasti
232 1998 273 2036 A.
292 2002 336 2035 U.
353 2001 396 2036 C.
429 2010 561 2037 Dvar.
583 2000 660 2037 Liv.
686 1999 743 2036 lib.
764 2013 847 2036 xxvi
861 2012 872 2035 1
886 2013 912 2035 1.
941 1999 1060 2036 Valer.
1084 1998 1142 2035 lib.
1198 1995 1253 2032 his
1272 1995 1413 2040 similia,
1441 1995 1496 2035 vel
1514 1994 1726 2043 Qintiliano
1742 2004 1925 2032 monente.

133 2060 147 2084 1
160 2062 187 2085 1.
209 2060 285 2099 cap.
305 2061 356 2086 rx.
370 2052 406 2086 ὅ(
424 2047 480 2085 lib.
498 2061 548 2087 ιν.
565 2060 638 2098 cap.
657 2063 685 2086 ι.
704 2050 802 2086 Plura
817 2048 861 2085 ad
872 2052 994 2086 Horat.
1011 2048 1068 2085 lib.
1088 2061 1138 2086 lv.
1249 2046 1416 2082 Claudius
1440 2052 1530 2082 Nero
1555 2045 1797 2081 advenientem
1825 2058 1867 2081 ex
1884 2045 2003 2094 Βᾶθι]
2046 2049 2087 2084 In
2110 2048 2212 2089 codd.

118 2097 194 2136 Od.
213 2112 263 2136 ιν.
1193 2096 1366 2134 nonnullis
1381 2096 1485 2133 exstat
1503 2107 1543 2132 ea
1561 2096 1677 2138 lectio,
1687 2107 1795 2146 quam
1813 2095 1949 2132 testatur
1959 2100 2161 2138 Torrentius
2177 2103 2213 2137 in

233 2149 330 2198 Qid
348 2148 483 2193 debeas,
509 2147 669 2193 bruma,
695 2148 883 2186 Neronibus
1193 2160 1215 2183 o
1241 2147 1334 2184 timis
1354 2147 1446 2184 libris
1466 2145 1529 2182 sibi
1554 2158 1751 2196 repertam:
1779 2145 1929 2182 Tiberius
1950 2152 2051 2185 Nero.
2076 2162 2208 2189 certum

233 2198 330 2246 Testis
346 2205 549 2236 Metaurum
566 2197 711 2246 flumen,
733 2197 786 2241 Εἴ
803 2199 982 2246 Asdrubal
1192 2160 1258 2241 eg,
1288 2197 1471 2235 Claudium
1491 2210 1594 2240 eum,
1622 2198 1678 2246 qui
1699 2195 1814 2233 consul
1832 2196 2057 2235 Asdrubaiem
2073 2199 2209 2245 devicit,

284 2250 461 2286 Devictus.
1190 2249 1266 2294 Caji
1285 2249 1501 2297 praenomine
1520 2248 1565 2283 ab
1584 2247 1745 2284 historicis
1761 2244 1854 2282 affici
1873 2244 2001 2295 vulgo,
2013 2261 2084 2285 non
2103 2250 2210 2288 Tibe-

174 2297 342 2335 Claudius
362 2297 585 2347 Regillunu5.]
612 2298 823 2343 Mallem,ut
841 2301 876 2336 iu
894 2299 1052 2350 vulgatis,
1065 2307 1132 2350 Ap,
1186 2299 1234 2335 rii.
1254 2297 1422 2349 exstatque
1441 2298 1689 2348 idfpracnomen
1708 2298 1811 2333 etiam
1831 2297 1865 2332 in
1881 2295 2083 2348 fragmento
2102 2298 2208 2339 fasto-

123 2347 288 2384 Cluudius
306 2349 421 2397 Regin.
444 2361 501 2386 aut
518 2363 628 2393 vero,
658 2361 693 2386 ut
710 2351 745 2386 in
765 2350 900 2389 duobus
928 2363 1006 2388 Mss.
1029 2350 1133 2388 Cluu-
1185 2362 1262 2385 rum
1294 2350 1571 2400 Capitolinorum
1594 2364 1603 2384 :
1641 2347 1698 2384 sed
1727 2361 1762 2383 m
1788 2347 1989 2384 nominibus
2007 2361 2081 2386 non
2101 2350 2206 2389 semel

122 2398 199 2434 dius
216 2397 424 2446 Regillunus,
452 2399 522 2436 fine
543 2401 764 2450 praenomine.
1184 2398 1327 2437 dissentit
1345 2401 1388 2437 ab
1407 2400 1478 2437 aliis
1496 2399 1675 2435 Suetonius
1687 2427 1698 2441 ,
1729 2397 1798 2437 sive
1819 2396 1852 2433 id
1871 2396 2003 2435 {aetum
2022 2402 2095 2447 ejus
2113 2402 2204 2440 incu-

175 2451 287 2496 Causa
296 2447 372 2494 fuit
380 2448 507 2498 plebi.]
536 2450 641 2488 Liber
659 2464 765 2496 uuus,
795 2451 893 2500 εντα-[αι
906 2450 1105 2500 plebeisuit.
1181 2451 1250 2493 ria,
1282 2449 1351 2488 sive
1371 2450 1464 2501 quod
1483 2451 1527 2485 ita
1545 2448 1691 2484 sentiret.

1233 2501 1397 2537 Claudius
1416 2500 1545 2548 Appius
1571 2498 1812 2547 Regalianus]
1855 2498 1993 2536 Viterb.
2027 2501 2200 2540 Claudius

1177 2550 1381 2599 Regillunus.
1399 2550 1554 2587 Turneb.
1572 2549 1739 2586 Claudius
1752 2550 1964 2599 Rigillianus.

418 2570 450 2606 C
480 2582 501 2606 Α
528 2581 544 2606 s
573 2582 595 2608 A
620 2583 645 2609 u
675 2583 695 2609 Β
721 2585 745 2608 o
773 2585 810 2610 N.

169 2667 462 2718 Qofignificatur
479 2670 594 2719 lingua
619 2668 745 2706 Sabina
762 2671 856 2711 fbrtzs
873 2685 912 2708 ac
921 2671 1118 2720 strenuus.]
1537 2652 1572 2687 V
1598 2663 1618 2686 Α
1645 2663 1668 2686 R
1701 2663 1715 2686 ¹
1743 2663 1768 2687 ⁰
1795 2662 1833 2686 R·

116 2718 338 2758 Glossarium:
368 2726 479 2764 Nero,
507 2720 660 2768 ἀνὲρεῖος.
692 2721 771 2764 Jam
789 2721 937 2759 diximus
961 2723 1123 2760 Sabinam
1234 2735 1265 2759 2.
1294 2721 1461 2758 claudius
1481 2721 1673 2771 Regillanus
1692 2718 1890 2768 decemvir]
1910 2723 1962 2757 Ita
1974 2721 2077 2758 etiam
2089 2722 2194 2760 Palar.

116 2780 270 2807 veterem
285 2770 438 2822 linguam
457 2785 528 2807 non
545 2772 650 2808 aliam
675 2769 770 2807 fuisse
792 2784 811 2807 a
829 2775 958 2811 Graeca.
1016 2775 1125 2811 Graeci
1155 2794 1159 2801 ι
1179 2773 1277 2820 prim.
1302 2776 1338 2808 δ(
1358 2772 1520 2809 secundus
1535 2801 1546 2815 ‚
1576 2785 1648 2808 non
1669 2783 1703 2807 ut
1717 2769 1864 2820 vulgati,
1883 2775 2014 2807 Contra
2031 2772 2200 2810 Claudius

118 2817 298 2858 hominem
324 2821 426 2858 bonis
449 2821 578 2858 lacertis
602 2832 729 2858 vocant
756 2821 916 2868 νευρώδη..
974 2824 1125 2861 Dicaear-
1177 2825 1307 2871 Appius
1327 2822 1538 2871 Regillanus,
1569 2821 1757 2873 quomodo
1775 2821 2054 2859 nemralantert.
2071 2825 2199 2874 quippe

112 2867 198 2907 chus
213 2872 248 2908 in
271 2871 461 2909 Clementis
485 2873 701 2921 Protreptico
732 2872 919 2908 Herculem
950 2872 1124 2918 describit,
1177 2876 1234 2922 qui
1252 2871 1452 2924 transposita
1471 2886 1558 2910 voce
1571 2901 1582 2916 ,
1610 2876 1740 2908 Contra
1759 2869 1889 2919 Appius
1908 2872 2075 2909 Claudius
2092 2875 2200 2922 Regil-

113 2919 276 2970 σχιζίαν,
302 2920 460 2970 νευρώδη,
483 2921 630 2966 μέλαιναι.
658 2925 695 2958 ὃ(
709 2924 818 2970 νευρὲν
834 2923 1046 2972 accipiebant
1064 2938 1125 2975 pro
1177 2923 1286 2960 lanus.
1304 2925 1467 2959 nimirum
1488 2937 1567 2959 cum
1589 2922 1764 2960 decemvir
1778 2922 1837 2958 iste
1855 2921 1962 2971 vulgo
1981 2923 2095 2973 potior
2116 2923 2197 2961 ellet

115 2969 290 3008 robustum
317 2971 460 3009 reddere
489 2976 526 3010 δε
556 2971 720 3012 validum.
780 2973 939 3009 Verbum
966 2973 1012 3010 est
1048 2976 1125 3011 artis
1178 2974 1390 3021 praenomine
1408 2974 1529 3023 Appii,
1550 2973 1582 3010 id
1598 2974 1704 3009 etiam
1722 2974 1888 3011 Suetonio
1908 2972 2079 3011 donarunt
2095 2974 2195 3012 libra-

117 3021 336 3069 gymnasticae
361 3050 374 3066 ‚
405 3035 475 3074 quo
500 3023 574 3060 usus
597 3022 771 3073 eleganter
798 3023 1062 3073 Chrysostomus
1087 3026 1122 3062 in
1172 3024 1220 3059 rii.
1248 3026 1466 3060 Gaurum&

1666 3075 1692 3109 P
2043 3086 2067 3110 Τ
2096 3087 2120 3111 o
2148 3086 2192 3111 R-

140 3139 179 3187 a)
192 3146 339 3181 A.U.C.
354 3153 531 3185 cmxxxv.
557 3142 609 3194 (b)
622 3146 900 3182 A.U.C.c1>xc.
937 3142 985 3191 (c)
998 3146 1150 3182 A.U.C.
1174 3154 1329 3183 uxr-vu.
1362 3143 1417 3193 (d)
1429 3147 1583 3183 A-.U.C.
1603 3087 1740 3182 ccciii.
1771 3143 2053 3191 (c)A.U.C.nv.
