2504 3425
269 226 340 281 92
713 199 1202 253 PRAEFATIQ
1253 184 1319 239 A.
1370 182 1908 240 P‘0L1T11A‘N1

272 299 627 372 amplioraque
649 289 823 344 omnia
849 286 901 336 in
924 281 1187 334 liberrimo
1209 276 1304 329 illo
1329 273 1552 328 historiae
1576 289 1764 344 campo
1780 311 1798 337 ,
1834 274 1974 346 quafi
1989 275 2044 331 in
2056 276 2337 351 Olympia

273 394 340 428 co
379 368 631 426 curriculo
668 353 1007 432 apparuissent
1034 391 1050 417 ‚
1101 369 1221 405 cum
1248 347 1433 402 forensi
1457 347 1721 420 asperitate
1746 364 1915 400 carens
1938 352 2102 404 oratio
2124 351 2239 406 fuso
2262 365 2336 407 at·-

273 464 377 519 que
403 437 641 511 aequabili
669 434 758 485 suo
791 429 1021 500 quodam
1034 426 1197 480 trastu
1209 421 1487 477 deferretur
1502 460 1518 485 ‚
1557 440 1679 475 cum
1693 419 2027 474 crebrioribus
2038 424 2334 480 uti&senfi-

271 521 391 578 bus,
419 520 469 565 &
482 508 668 563 aculeis
684 544 699 570 ,
738 499 1164 571 liberioribusque
1178 498 1341 551 verbis
1358 535 1374 560 ‚
1415 495 1591 569 figuris
1605 493 1964 549 remotioribus
1978 531 1994 557 ,
2023 498 2074 546 &
2089 497 2152 548 ad
2167 501 2336 567 poeti..

270 607 381 642 cam
408 582 765 637 sublimitatem
794 594 951 647 quam
980 574 1218 646 proxime
1242 569 1602 623 accedentibus
1616 569 1794 622 liceret
1810 606 1826 632 ,
1864 585 2089 638 cumque
2103 586 2337 625 omnear.

270 672 571 729 gumentum
597 653 755 724 magis
778 650 840 703 ad
871 649 1169 702 memoriam
1197 643 1500 717 posteritatis
1526 641 2033 713 famamqueingenii
2049 678 2065 703 ,
2104 659 2260 711 quam
2274 643 2353 696 ad'

270 722 775 806 praesensjudiciuim
805 723 869 775 ad
882 720 1238 793 exponendam
1258 734 1361 769 rem
1377 714 1563 788 gestam
1581 754 1596 779 ,
1626 733 1782 787 quam
1798 714 1864 767 ad
1880 713 2037 767 fidem
2050 712 2340 768 faciendam

271 815 679 876 componeretur.
732 798 801 850 Et
814 798 1059 867 quoniam
1075 790 1297 846 dicendo
1316 790 1548 861 prove&i
1563 787 1752 852 sumus,
1766 801 1823 840 ut
1837 787 1902 840 de
1918 786 2049 859 stylo
2061 787 2218 840 etiam
2232 786 2347 859 ipso

273 877 518 932 historico
543 872 950 932 meminerimus,
992 886 1097 919 non
1125 866 1348 918 alienum
1372 861 1573 915 sortasse
1601 861 1765 915 videri
1787 874 2021 933 poterat,
2060 860 2259 931 reliqua
2272 868 2346 914 et-

273 953 374 1004 iam
395 991 409 1014 ,
451 968 565 1020 quae
591 946 747 998 essent
776 945 826 995 in
853 944 955 995 hoc
985 959 1140 1012 opere
1155 936 1463 991 observanda
1478 974 1494 998 ,
1533 952 1757 1006 quaeque
1771 935 1896 986 item
1913 932 2158 1005 fugienda
2170 935 2358 1005 praeci-·

274 1043 424 1097 pere,
463 1041 570 1094 quo
599 1019 848 1072 utendum
879 1015 1169 1088 principio,
1209 1011 1302 1079 qui
1329 1022 1477 1060 tenor
1501 1010 1677 1070 rebuS,
1715 1007 1812 1078 qui
1841 1007 2026 1058 modus
2051 1025 2347 1062 accommo-

271 1097 467 1151 dandus
485 1135 499 1158 ,
539 1112 653 1165 quae
674 1091 965 1143 subticenda
981 1126 994 1148 ,
1024 1086 1212 1157 quibus
1226 1082 1608 1135 immorandum
1627 1118 1644 1143 ,
1671 1098 1787 1151 quae
1802 1081 2020 1150 carptim
2035 1092 2351 1134 tantummo-

275 1172 346 1224 do
366 1166 742 1242 perstringenda
758 1203 772 1226 ,
813 1180 920 1233 quo
935 1160 1089 1232 pasto
1113 1156 1222 1209 fieri
1242 1153 1368 1206 fides
1386 1191 1401 1216 ‚
1441 1170 1656 1224 quoque
1669 1151 1829 1205 modo
1845 1170 2021 1205 vacare
2036 1155 2178 1205 omni
2195 1153 2351 1225 suspi-

275 1245 421 1296 cione
448 1241 622 1293 austor
645 1236 826 1308 possit,
868 1253 982 1305 quae
1010 1231 1104 1283 sint
1127 1229 1342 1282 omnino
1376 1226 1424 1278 in
1450 1239 1743 1297 temporum
1762 1223 1972 1287 ordine,
2009 1225 2244 1279 locorum
2262 1227 2351 1281 de-

274 1316 548 1385 scriptione
564 1350 579 1375 ,
621 1308 772 1363 causis
788 1347 803 1371 ,
827 1306 1079 1369 consilii5‚
1107 1301 1371 1357 eventibus
1387 1336 1402 1361 ,
1425 1299 1570 1352 rebus
1588 1297 1703 1371 ipsis
1716 1296 1865 1369 gestis
1879 1297 2201 1368 explicandis
2218 1338 2232 1363 ,
2258 1300 2350 1353 ob-

276 1387 513 1440 servanda
532 1424 545 1449 ,
585 1384 717 1456 quid
741 1381 961 1453 speetare
986 1381 1040 1431 in
1061 1377 1240 1451 primis
1269 1373 1529 1427 amtorem
1546 1410 1563 1436 ,
1600 1391 1628 1424 a
1652 1371 1840 1443 quibus
1861 1388 2072 1424 avocare
2088 1373 2314 1424 animum
2334 1409 2352 1438 ,

278 1474 532 1532 quantum
549 1457 756 1510 utilitati
773 1455 951 1507 servire
968 1491 982 1515 ,
1022 1464 1269 1523 quantum
1290 1446 1556 1518 indulgere
1570 1444 1829 1516 voluptati
1842 1458 2092 1516 oporteat.
2153 1445 2354 1499 Verum

276 1535 385 1587 haec
414 1533 612 1602 aliaque
639 1526 1088 1601 impraesentiarum
1114 1521 1377 1576 brevitatis
1402 1518 1573 1571 studio
1590 1556 1606 1581 ,
1643 1515 1947 1590 spatiisque,
1988 1518 2017 1590 (
2030 1532 2087 1570 ut
2104 1516 2356 1591 Virgilius

277 1605 390 1675 ait)
429 1602 660 1658 exclusus
674 1603 864 1672 iniquis
879 1616 1123 1673 praetereo
1142 1635 1156 1661 ‚
1181 1610 1338 1667 atque
1352 1591 1465 1645 aliis
1482 1590 1931 1645 commemoranda
1944 1592 2201 1663 relinquo.
2239 1589 2357 1662 Jam

279 1698 372 1732 nec
398 1682 640 1750 poeticen
664 1676 878 1748 quidem
898 1712 911 1736 ‚
949 1671 984 1724 fi
1011 1672 1075 1725 ad
1098 1670 1314 1744 gloriam
1341 1665 1563 1737 spesteS,
1604 1666 1709 1719 ulla
1733 1684 1796 1718 ex
1826 1678 1971 1736 parte
1997 1683 2118 1719 cum
2144 1662 2356 1718 historia

278 1752 548 1805 contuleris
564 1789 580 1814 ,
618 1752 820 1823 quippe
845 1748 931 1800 cui
956 1759 1043 1798 aut
1069 1743 1286 1797 omnino
1300 1738 1425 1792 fides
1439 1739 1741 1812 abrogetur,
1779 1752 1866 1791 aut
1882 1750 1994 1790 tum
2008 1738 2238 1809 denique
2269 1737 2358 1790 ha-

281 1826 485 1886 beatur,
524 1842 641 1876 cum
668 1822 763 1875 sese
789 1821 1012 1873 maxime
1036 1818 1101 1871 ad
1115 1813 1696 1869 historiaeimitationem
1711 1809 2002 1865 conformet
2017 1849 2033 1874 ,
2072 1816 2125 1864 &
2152 1812 2190 1863 is
2206 1809 2359 1863 habe-

281 1898 322 1950 ri
335 1896 556 1949 summus
573 1903 838 1966 poetarum
856 1893 1037 1945 debeat
1053 1930 1070 1955 ,
1109 1890 1372 1960 quiquam
1387 1884 1636 1938 facillime
1654 1903 1878 1957 quorum
1893 1885 2026 1937 velit
2038 1883 2360 1942 auditoribus

281 1969 433 2023 faciat
460 1968 634 2022 fidem.
711 1971 1044 2037 Quapropter
1072 1967 1123 2015 &
1153 1960 1319 2015 Musae
1344 1978 1558 2031 quoque
1585 1958 1705 2031 ipsae
1731 1958 1868 2030 apud
1898 1956 2186 2011 Hesiodum
2213 1957 2266 2008 in
2293 1956 2358 2008 li-

284 2044 381 2096 bro
396 2061 458 2094 eo
474 2080 489 2106 ‚
531 2042 624 2113 qui
639 2040 704 2093 de
720 2041 950 2091 Deorum
968 2036 1291 2110 generatione
1304 2032 1592 2087 inscribitur
1606 2075 1616 2091 ,
1645 2030 1860 2084 adhunc
1877 2029 1981 2083 fere
1999 2030 2214 2083 modum
2229 2029 2294 2081 de
2311 2026 2361 2081 se·

284 2115 579 2188 praedicant.
657 2113 802 2167 Nam
829 2107 1247 2181 versiculosipsos
1261 2145 1279 2171 ,
1316 2105 1403 2160 etsi
1416 2103 1897 2161 fortasseincondite
1913 2141 1930 2168 2
1969 2104 2032 2157 ad
2048 2120 2272 2177 unguem
2287 2114 2358 2154 ta-

287 2206 406 2242 men
421 2189 602 2242 Latine
614 2186 903 2258 exprimere
918 2183 1170 2236 conabor:

534 2293 860 2371 Scimus—saffra
893 2292 1079 2368 quidem
1107 2307 1310 2345 narrare
1319 2284 1564 2360 simillima
1590 2288 1720 2340 veris
1738 2307 1755 2338 .-

534 2371 722 2425 Scz'mus
749 2373 888 2429 item,
929 2369 1105 2441 quoties
1130 2362 1313 2417 libitum
1341 2361 1402 2433 est
1422 2403 1434 2421 ‚
1479 2359 1542 2420 dy
1581 2375 1703 2413 vera
1722 2355 1929 2432 profari.

290 2480 853 2552 Sed&leg11mlatore5‚
891 2491 1190 2547 quanquam
1218 2471 1512 2523 civitatibus
1532 2464 1952 2538 jurainstituant,
1993 2460 2085 2515 nisi
2101 2459 2362 2514 historiam

291 2556 443 2627 plane
467 2554 749 2614 tenuerint,
791 2549 1028 2602 mendose
1058 2547 1198 2600 suum
1218 2543 1453 2597 officium
1467 2541 1655 2594 faciant
1669 2536 1859 2592 necesse
1873 2536 1958 2589 est.
2041 2537 2122 2589 Ut
2135 2535 2268 2586 enim
2285 2535 2361 2604 pi-

294 2630 402 2680 {tor
417 2627 628 2698 quidam
644 2626 978 2693 interrogatus
995 2662 1010 2682 ‚
1047 2637 1273 2691 quonam
1290 2616 1604 2688 potissimum
1620 2611 1858 2685 magistro
1873 2606 2180 2680 profecisset,
2196 2624 2364 2678 popu-

295 2700 402 2751 lum
427 2701 596 2771 digito
634 2697 982 2750 demonstrans
1008 2733 1022 2757 ,
1076 2693 1195 2755 illo,
1237 2691 1439 2760 inquit:
1483 2687 1548 2739 fic
1576 2689 1646 2749 is,
1683 2686 1778 2756 qui
1803 2684 1937 2755 leges
1964 2681 2120 2742 ferat,
2159 2682 2208 2732 in
2229 2678 2362 2749 ipsos

297 2771 565 2823 hominum
584 2787 748 2824 coetus
768 2767 1147 2840 diligentissime
1165 2763 1407 2835 inspicere
1421 2803 1432 2821 ,
1474 2775 1718 2830 tanquam
1738 2759 1791 2809 in
1807 2754 2069 2825 exemplar
2084 2754 2262 2812 debet,
2301 2761 2360 2799 ut

297 2861 364 2894 ex
394 2843 701 2914 singulorum
729 2843 954 2895 moribus
982 2879 997 2903 ,
1049 2857 1165 2909 quae
1195 2839 1259 2889 ad
1289 2851 1616 2889 communem
1641 2831 1877 2884 omnium
1905 2827 2177 2881 utilitatem
2208 2822 2359 2892 perti-

299 2929 447 2966 neant
462 2916 652 2976 ,eliciat
668 2937 676 2967 :
694 2934 856 2985 eaque
870 2915 920 2966 in
935 2931 1095 2966 unum
1112 2910 1369 2963 contracta
1386 2949 1397 2968 ‚
1426 2913 1476 2960 &
1496 2905 1763 2959 emendata
1780 2942 1796 2967 ,
1821 2916 1931 2955 tum
1949 2901 2169 2968 denique
2187 2895 2236 2945 in
2256 2910 2357 2943 me-

301 2987 443 3038 dium
462 2987 681 3057 proferat
696 3025 711 3048 ‚
733 3001 886 3055 atque
906 2985 1215 3056 promulget.
1258 2984 1336 3035 Ac
1351 2999 1521 3052 neque
1538 2977 1662 3050 ipsas
1678 2977 1890 3049 quidem
1908 2970 2189 3043 quamlibet
2203 2965 2359 3016 sacro-

303 3059 486 3113 sanfitas
501 3059 633 3130 leges
648 3096 663 3121 2
692 3060 836 3134 quod
850 3058 974 3111 mihi
992 3075 1116 3129 pace
1131 3056 1365 3109 omnium
1380 3050 1565 3109 dixisse
1580 3052 1729 3105 liceat
1745 3088 1762 3114 ‚
1788 3063 1954 3117 neque
1968 3041 2114 3114 ipsas,
2129 3041 2361 3161 inqillam,

2248 3125 2364 3183 eges
