2504 3425
697 197 1662 267 INC.SU·ETON1UM.
2150 219 2217 273 93

102 330 106 333 -
145 287 280 363 leges
304 287 536 344 utiliores
550 289 648 347 ess‘e
658 289 932 345 hominum
947 293 1153 365 generi,
1193 309 1353 362 quam
1366 305 1700 345 monumenta
1717 287 2044 344 historiarum
2061 302 2222 345 teme-

137 380 198 416 ·re
225 362 570 418 concesserim.
647 364 792 418 Nam
817 383 937 418 cum
965 364 1024 417 sit
1051 364 1163 417 finis
1189 365 1331 418 idem
1347 365 1670 438 legumlatori
1687 362 1909 437 pofituS,
1944 367 1999 416 &
2018 363 2222 418 histori-

144 453 242 499 c0,
281 455 508 509 cumque
521 437 744 492 eundem
758 437 898 509 quasi
924 438 975 490 in
992 437 1207 509 scopum
1223 452 1437 509 uterque
1451 438 1689 510 aspiciat,
1729 436 1976 491 videlicet
1989 451 2047 490 ut
2061 456 2219 510 quam

138 510 353 580 optimis
378 512 604 564 moribus
629 511 760 563 inter
790 510 838 563 se
863 510 1094 563 homines
1120 525 1302 584 agant,
1343 525 1511 563 tamen
1539 509 1635 564 effe
1650 529 1815 563 rerum
1831 509 2077 582 gestarum
2094 529 2217 564 con-

113 585 118 590 ’
142 583 328 636 ditoris
345 583 672 656 praestabilius
687 583 921 637 officium
937 584 1139 635 videtur
1156 621 1171 645 ,
1211 602 1366 654 quam
1382 582 1577 656 legiferi
1595 621 1610 646 ,
1650 598 1845 654 quanto
1858 584 2031 636 doceri
2049 584 2220 637 homi·-

137 673 256 709 nem
281 695 298 716 ,
369 675 525 728 quam
561 657 733 729 puniri
763 670 918 727 atque
954 657 1183 726 torqueri
1212 655 1427 726 praestat.
1505 657 1586 708 Ad
1620 657 1725 708 haec
1744 655 2071 728 philosophia
2086 676 2218 728 quo·

140 745 246 798 que
271 728 403 801 ipsa,
443 748 612 802 neque
639 731 703 783 de
733 730 956 782 moribus
981 746 1124 801 agere
1141 766 1155 789 ,
1195 746 1362 797 neque
1377 728 1440 779 de
1454 728 1846 781 domesticarum
1870 730 2215 800 publicarum-

138 819 245 871 que
271 802 709 856 administratione
733 821 896 854 rerum
923 800 1022 853 fine
1046 800 1403 869 exemplorum
1437 802 1712 870 multiplici
1728 803 1910 872 copia,
1952 804 2214 856 varietate-

139 891 244 944 que
268 874 380 927 satis
414 875 580 946 poflit.
660 875 720 927 Id
749 873 781 924 si
810 875 1053 942 cuiquam
1079 871 1427 924 incredibilius
1452 873 1681 925 videatur
1698 909 1713 934 ‚
1754 875 2093 927 maximorum
2114 877 2215 928 cla-

137 946 556 1016 riffimorumque
584 945 650 997 de
675 964 731 998 ea
757 963 808 997 re
835 944 1264 1016 philosophorum
1293 943 1449 996 libros
1466 981 1482 1006 ,
1521 959 1675 1015 atque
1702 946 1755 996 in
1772 946 1948 1016 primis
1966 948 2211 1001 Aristote-

133 1017 199 1070 lis
226 1021 279 1071 in
307 1034 481 1070 manus
508 1017 684 1070 sumat.
762 1018 822 1071 In
855 1016 1044 1089 quibus
1074 1017 1271 1069 nullum
1301 1015 1404 1069 fere
1434 1054 1449 1078 ,
1502 1032 1589 1069 aut
1617 1032 1933 1089 praeceptum
1955 1055 1970 1081 ,
2009 1034 2094 1070 aut
2120 1021 2213 1072 do-

138 1106 437 1144 cumentum
465 1092 692 1143 inveniet
708 1130 724 1154 ‚
763 1091 909 1163 quod
937 1108 1038 1142 non
1055 1108 1116 1142 ex
1135 1088 1238 1161 ipsa
1256 1089 1462 1142 historia
1477 1126 1493 1152 ,
1532 1104 1775 1162 tanquam
1789 1109 1816 1142 e
1831 1091 1995 1161 capite
2012 1129 2027 1153 ,
2065 1110 2214 1145 vena-

139 1182 245 1235 que
276 1165 516 1237 perenni,
556 1169 607 1216 ὃ(
634 1161 778 1216 fonte
810 1163 989 1234 aliquo
1001 1163 1256 1215 uberrimo
1269 1164 1582 1225 emanaverit
1609 1184 1618 1215 :
1662 1182 1826 1215 rerum
1847 1182 1964 1218 Vero
1982 1179 2212 1217 naturam

135 1255 247 1308 quo
279 1238 433 1309 13αᾶὶο
461 1237 694 1290 &astabit
723 1238 766 1289 is
792 1274 808 1299 ‚
861 1238 951 1307 qui
977 1235 1137 1308 ipsam
1175 1236 1390 1288 Naturae
1421 1235 1683 1288 historiam
1710 1255 1813 1289 non
1836 1236 2015 1289 calleat
2042 1247 2058 1289 ?
2098 1237 2156 1291 N
2164 1256 2213 1291 e-

136 1319 263 1381 gent
291 1309 495 1364 fortasse
518 1311 575 1363 id
596 1309 818 1383 argutuli
846 1309 1060 1380 quidam
1076 1308 1252 1362 nostrae
1266 1309 1422 1361 aetatis
1438 1307 1768 1380 philosophi,
1809 1310 1972 1380 utqui
1989 1328 2081 1362 nec
2098 1310 2207 1363 Pli-
2247 1315 2252 1320 ’

133 1384 208 1437 nii
232 1383 478 1456 singulare
501 1401 634 1454 opus
673 1384 738 1437 de
765 1402 828 1436 eo
852 1384 1064 1456 negotio
1101 1382 1441 1452 comprobent
1469 1420 1484 1443 ‚
1537 1382 1729 1434 idcirco
1754 1383 1996 1435 videlicet
2024 1420 2038 1444 ‚
2089 1385 2212 1454 quia

135 1456 208 1511 est
234 1456 600 1529 elegantissime
622 1456 867 1528 scriptum
899 1477 909 1509 :
951 1474 1044 1508 nec
1074 1454 1357 1507 Aristotelis
1385 1453 1643 1507 historiam
1659 1454 1723 1506 de
1739 1455 2058 1508 Animalibus
2071 1457 2210 1510 evol-

140 1544 293 1592 vant,
335 1531 458 1600 quia
486 1530 670 1583 Latine
678 1533 784 1602 jam
800 1528 971 1601 &ipsa
987 1566 1002 1590 ‚
1041 1527 1333 1581 Theodoro
1348 1527 1493 1580 Gaza
1509 1529 1776 1598 interprete
1792 1566 1807 1590 ‚
1847 1530 2011 1600 coepit
2026 1528 2206 1599 loqui,

135 1603 174 1656 ii
200 1602 326 1657 mihi
352 1602 537 1655 similes
562 1601 659 1655 effe
685 1603 923 1656 videntur
946 1601 1092 1655 servis
1118 1639 1133 1663 ,
1185 1601 1276 1671 qui
1305 1600 1634 1653 dominorum
1664 1600 1958 1654 haereditate
1982 1600 2106 1654 fasti
2137 1621 2210 1654 re-

137 1689 294 1747 pente
319 1676 528 1735 diviteS,
573 1694 741 1747 neque
768 1694 878 1747 quo
891 1672 1389 1748 paetoinduendafit
1405 1673 1574 1726 herilis
1590 1672 1738 1726 vestis
1752 1711 1767 1735 ‚
1807 1692 1974 1745 neque
1989 1675 2208 1727 omnino

136 1747 294 1818 ipsius
310 1760 478 1800 tenere
488 1748 725 1801 ordinem
742 1762 927 1802 norunt
943 1787 957 1810 ,
984 1745 1209 1818 sedsaepe
1222 1765 1346 1818 apro
1361 1762 1444 1798 aut
1459 1747 1631 1818 lepore
1648 1785 1663 1809 ‚
1690 1746 1946 1817 turdoque
1961 1745 2113 1810 forte,
2126 1760 2214 1799 aut

139 1819 361 1874 ficedula
380 1821 430 1873 in
450 1819 614 1873 mensa
626 1821 803 1892 posltis
820 1860 834 1884 ,
873 1821 965 1893 ipsi
982 1822 1236 1890 tamenjus
1251 1819 1467 1890 aliquod
1482 1819 1678 1872 fatuum
1692 1860 1708 1882 ‚
1749 1834 1835 1871 aut
1852 1819 2176 1889 pulmentum
2195 1856 2213 1882 ,

140 1893 543 1948 &sordidissima
571 1912 794 1966 quaeque
821 1894 1007 1947 cibaria
1035 1911 1216 1964 magna
1242 1893 1472 1964 ingluvie
1499 1893 1760 1945 devorant.
1820 1893 1995 1960 Atque
2010 1906 2068 1943 ut
2086 1910 2213 1963 prae-

141 1981 350 2040 gnantes
374 1967 685 2020 mulierculae
711 2007 727 2030 ,
780 1985 899 2020 cum
932 1968 1065 2019 circa
1088 1967 1293 2018 tertium
1323 1963 1425 2017 fere
1450 1985 1477 2017 a
1505 1979 1760 2035 conceptu
1787 1964 2005 2016 mensem
2031 1965 2215 2017 morbo

138 2059 204 2094 eo
244 2041 497 2100 laborant,
540 2059 698 2113 quem
726 2040 892 2093 Graeci
922 2040 1192 2093 medicinae
1210 2039 1438 2091 auctores
1464 2046 1598 2085 κίτταν
1640 2038 1668 2107 ζ
1686 2036 1738 2088 id
1757 2037 1938 2088 Latine
1963 2040 2079 2108 pica
2094 2035 2211 2107 est)

140 2114 560 2185 appellaverunt,
600 2114 752 2167 utiles
777 2113 1018 2184 quidem,
1060 2104 1434 2181 consuetosque
1462 2109 1605 2162 cibos
1635 2108 1986 2181 aspernantur,
2026 2124 2215 2162 cretam

141 2204 295 2247 ver0,
338 2187 684 2241 &exstinstos
712 2187 959 2240 carbones·
970 2225 986 2250 ,
1023 2200 1108 2238 aut
1121 2185 1298 2237 rudera
1313 2182 1696 2253 aliquaavidius
1714 2183 1994 2234 comedunt
2011 2220 2027 2245 ,
2067 2181 2215 2252 quod

145 2257 306 2310 multa
334 2261 574 2312 videlicet
600 2261 654 2311 in
686 2259 948 2312 stomacho
981 2272 1306 2313 excrementa
1328 2256 1457 2309 male
1483 2257 1729 2309 concof’ta
1760 2255 1993 2307 habeant.
2071 2256 2148 2306 Ita
2174 2254 2215 2305 ii

146 2328 303 2382 nostri
341 2331 470 2382 bene
507 2331 719 2401 quidem
747 2333 942 2403 palliati
970 2330 1273 2404 philosophi
1302 2368 1317 2392 ‚
1369 2347 1489 2381 cum
1513 2327 1605 2379 sint
1635 2333 1684 2380 ὃ(
1715 2326 1803 2397 ipsi
1833 2325 2210 2397 corruptissima

147 2402 235 2454 illa
262 2402 344 2455 sua
369 2402 640 2474 disciplina
668 2405 885 2467 imbuti,
924 2405 1175 2478 elegantes
1212 2402 1426 2473 quidem
1456 2401 1686 2470 beneque
1712 2400 1977 2451 sentientes
2005 2398 2217 2469 scripto-

147 2494 223 2528 res
250 2519 260 2536 ,
320 2489 502 2546 utpote
542 2475 615 2527 sui
638 2476 1000 2529 dissimillimos
1028 2519 1042 2540 ‚
1089 2479 1199 2546 jure
1228 2474 1492 2528 fastidiunt
1520 2494 1529 2525 ε
1572 2472 1876 2542 inquinatissi
1888 2490 2026 2523 mum
2047 2486 2217 2522 autem

150 2567 411 2619 quemque
438 2549 702 2601 ausorum
720 2551 940 2601 maxime
958 2548 1091 2619 quasi
1110 2548 1355 2600 blandum
1373 2546 1592 2598 filiolum
1608 2546 1996 2617 ampleistuntur.
2042 2543 2222 2596 Libuit

150 2622 278 2674 mihi
316 2621 595 2692 aliquando
638 2635 871 2673 excutere
901 2620 1236 2691 scrupulosius
1262 2619 1624 2672 commentaria
1653 2619 1706 2670 in
1738 2616 2060 2669 Aristotelem
2090 2633 2216 2667 non-

149 2694 317 2755 nulla,
356 2713 470 2766 quae
500 2693 578 2745 isti
610 2694 736 2744 inter
758 2696 918 2764 prima
933 2693 1198 2754 adamant,
1238 2690 1356 2762 ipsis
1370 2693 1520 2743 etiam
1536 2691 1681 2742 Getis
1696 2690 1994 2742 barbariora.
2076 2688 2218 2740 Deus

150 2770 312 2829 bone,
354 2786 469 2838 quae
497 2765 714 2819 monstra
732 2768 781 2818 in
801 2767 927 2828 illis,
966 2784 1080 2835 quoe
1097 2777 1331 2836 portenta
1346 2763 1658 2835 deprehendi
1678 2801 1690 2825 ,
1733 2776 1986 2832 quamaut
2003 2762 2219 2813 omnino

151 2841 282 2894 nihil
296 2840 516 2893 sentiunt
532 2877 545 2901 ,
585 2854 669 2892 aut
684 2855 861 2892 contra
878 2857 995 2891 eum
1012 2836 1176 2909 ipsum
1195 2876 1210 2900 ,
1250 2855 1405 2907 quem
1426 2836 1876 2906 interpretabantur
1890 2833 2101 2886 ridicule
2115 2832 2219 2885 sen-

150 2915 313 2967 tiunt!
345 2913 635 2966 Contuli&
649 2913 887 2965 Graecum
906 2910 1230 2964 Aristotelem
1247 2929 1367 2962 cum
1382 2908 1681 2960 Teutonico
1696 2950 1708 2970 ,
1738 2907 1839 2960 hoc
1853 2907 1923 2960 est
1940 2945 1954 2969 ,
1977 2908 2223 2976 cloquen-

153 2987 399 3040 tissimum
417 3004 535 3039 cum
551 2984 882 3039 infantissimo
902 3022 915 3046 ‚
943 2989 993 3036 ὅτ
1009 2984 1235 3054 elingui..
1256 2982 1364 3035 Hei
1382 2981 1510 3033 mihi
1525 2981 1687 3052 qualis
1703 2994 1819 3042 erat,
1838 2994 2091 3049 quantum
2110 2997 2222 3030 mu-

155 3074 289 3114 tatus
303 3061 364 3114 ab
378 3060 468 3114 illo
488 3060 499 3111 l
532 3059 661 3117 Vidi
677 3077 792 3113 eum
808 3096 824 3123 ,
848 3058 979 3122 vidi,
1001 3062 1051 3110 3<
1071 3054 1247 3108 vidisse
1262 3056 1513 3126 poenituit
1533 3073 1634 3106 non
1652 3053 1947 3107 conversum
1962 3073 1990 3107 e
2005 3053 2188 3106 Graeco
2206 3087 2221 3109 ‚

150 3144 161 3149 ·’
1111 3130 1175 3183 Μ
1193 3146 1513 3185 mmmmm
1557 3146 1581 3198 3
2135 3120 2221 3173 sed
