2504 3425
422 328 972 398 ANGELI
1067 326 1878 401 POLITIANI

996 491 1243 568 Praefatio
1278 494 1329 548 in

127 629 2188 788 CAJUMSUETONIUM·

138 839 252 941 &Q
356 833 399 892 ‘ss'
427 830 755 898 ⁵Nteromne
772 827 1076 900 scriptorum
1101 845 1291 901 genuS,
1330 830 1520 899 quibus
1533 829 1617 881 vel
1635 829 1859 898 Graecae,
1897 837 1979 890 vel
1996 838 2195 893 Roma-

173 922 207 936 ”
243 887 251 910 ⁸
287 887 528 968 1ἓυμ-ιίεε
559 903 718 956 literae
744 901 1028 955 floruerunt
1054 937 1071 962 ,
1121 902 1158 953 ii
1183 900 1313 954 mihi
1340 902 1477 955 haud
1502 901 1659 955 dubie
1687 905 1750 956 de
1774 905 2010 961 humanis
2042 910 2190 962 rebus

449 976 654 1048 egregie
676 974 845 1026 meriti
867 972 964 1025 effe
979 972 1218 1027 videntur
1234 1012 1250 1037 ,
1289 991 1380 1046 per
1397 992 1530 1048 quos
1544 990 1630 1028 aut
1643 978 2006 1034 excellentium
2023 1001 2194 1053 popu-

349 1051 390 1096 .'.·
449 1050 651 1110 lorum,
685 1060 773 1098 aut
796 1045 1112 1100 summorum
1139 1049 1564 1120 principum‚aut
1585 1051 1806 1103 omnino
1832 1052 2102 1106 illustrium
2116 1055 2197 1106 vi-

443 1140 616 1178 rorum
649 1138 722 1172 res
751 1119 901 1192 gestae
936 1118 1176 1174 fidelibus
1205 1120 1527 1176 historiarum
1553 1128 1901 1177 monumentis
1933 1144 2196 1179 commen-

118 1199 251 1256 datae
275 1196 403 1251 sunt.
481 1193 697 1250 Posuere
716 1194 857 1247 enim
881 1193 938 1246 in
965 1193 1138 1247 medio
1165 1195 1315 1248 nobis
1335 1196 1494 1249 vitam
1517 1233 1534 1259 ,
1584 1215 1749 1250 mores
1759 1235 1776 1260 ,
1817 1197 2056 1270 factaque
2079 1200 2197 1252 illo-

116 1291 262 1336 rum,
300 1268 509 1325 consilia
531 1269 688 1331 item,
724 1281 881 1338 atque
907 1281 1116 1321 eventus
1138 1287 1334 1332 rerum,
1372 1269 1425 1322 in
1442 1287 1557 1341 quae
1571 1273 1738 1323 omnis
1753 1271 2015 1342 posteritas
2033 1310 2048 1336 ‚
2086 1287 2196 1325 tan-

119 1364 279 1419 quam
308 1345 362 1398 in
386 1343 649 1414 exemplar
666 1379 681 1403 ‚
719 1340 996 1413 inspicere,
1032 1343 1172 1396 unde
1197 1361 1253 1395 ea
1276 1360 1453 1414 capere
1479 1356 1634 1413 atque
1656 1343 1854 1397 haurire
1879 1346 2197 1398 documenta

119 1417 314 1491 posset,
353 1435 444 1488 per
465 1435 582 1488 quae
597 1414 680 1468 vel
694 1415 921 1485 publicis
937 1453 953 1479 ,
992 1416 1074 1468 vel
1089 1417 1301 1489 privatis
1317 1415 1594 1469 rationibus
1614 1415 1970 1471 consuleretur.
2049 1418 2197 1471 Nam

120 1496 175 1547 &
203 1491 428 1562 juniores
452 1508 515 1542 ex
544 1487 754 1541 historia
788 1487 1070 1560 multiplici
1094 1491 1317 1560 quadam
1356 1489 1717 1562 exemplorum
1759 1493 1913 1562 copia
1946 1491 2010 1544 ad
2035 1492 2202 1544 vitam?

116 1563 402 1619 redduntur
426 1562 798 1625 instructiore&
838 1565 891 1614 &
919 1563 1192 1634 majoribus
1225 1577 1346 1616 natu
1375 1564 1495 1617 viris
1520 1564 1691 1617 multo
1713 1563 1829 1634 plus
1851 1565 1971 1617 inde
1996 1565 2196 1635 peritiae

120 1634 510 1709 suppeditatur,
559 1653 715 1706 quam
743 1648 994 1706 quantum
1023 1635 1314 1710 longissima
1349 1635 1574 1689 hominis
1601 1651 1722 1690 aetas
1748 1635 1926 1690 afferre
1953 1637 2197 1708 potuerit.

121 1709 307 1781 Itaque
333 1709 396 1763 L.
417 1709 697 1764 Lucullum
722 1707 894 1761 scribit
917 1708 1109 1761 Cicero
1129 1728 1249 1762 cum
1278 1707 1398 1762 esset
1429 1711 1604 1764 Roma
1618 1709 1683 1763 ad
1699 1709 1892 1762 bellum
1910 1709 2196 1762 Mithrida-

119 1781 286 1836 ticum
315 1780 612 1852 profestuS,
681 1783 753 1834 rei
784 1781 1017 1834 militaris
1037 1784 1255 1835 omnino
1283 1782 1418 1836 rudis
1434 1819 1451 1845 ,
1492 1796 1684 1836 tantam
1709 1795 1879 1835 tamen
1909 1783 2040 1834 inter
2054 1783 2200 1836 navi..

122 1854 351 1927 gaudum
369 1891 385 1917 ,
424 1871 527 1923 qua
553 1854 951 1926 percunctandis
979 1856 1334 1926 peritioribus,
1374 1873 1477 1925 qua
1493 1856 1639 1908 rebus
1661 1854 1811 1927 gestis
1826 1855 2058 1928 legendis
2072 1874 2199 1926 ope-

123 1945 229 1982 ram
258 1925 478 1999 posuisse
503 1966 518 1990 ‚
570 1940 629 1979 ut
655 1945 773 1981 cum
799 1927 853 1978 in
882 1924 1048 1980 Aliam
1078 1928 1227 2000 plane
1253 1928 1363 1980 dux
1392 1927 1553 1980 factus
1581 1926 1916 1999 pervenisset,
1956 1940 2124 1981 tantus
2146 1929 2200 1981 in

121 2002 269 2054 omni
308 2018 489 2073 genere
525 1999 648 2053 belli
686 1998 965 2062 exstiterit,
1017 2013 1075 2052 ut
1115 2001 1329 2054 maximi
1363 2000 1497 2052 illius
1528 2002 1656 2072 regis
1698 1999 2012 2053 confeffione
2044 2015 2199 2072 atque

117 2073 355 2146 judiciO,
392 2073 634 2126 omnibus
674 2090 1107 2144 quorumcunque
1133 2073 1417 2127 seculorum
1444 2071 2201 2144 Imperatoribusanteferretur.

122 2146 413 2200 Alexander
437 2162 608 2200 autem
639 2146 851 2200 Severus
880 2148 1149 2200 Romanus
1181 2148 1419 2217 princeps
1436 2184 1451 2208 ‚
1488 2148 1691 2217 quoties
1705 2145 1795 2199 fibi
1811 2147 2200 2199 deliberandum

128 2218 195 2271 de
223 2221 437 2291 negotio
461 2220 650 2272 bellico
676 2217 842 2281 foret,
882 2220 1071 2290 peritos
1101 2219 1320 2271 historiae
1346 2219 1582 2271 homines
1598 2220 1647 2271 in
1679 2220 1859 2288 primis
1873 2217 2201 2283 consulebat,

127 2308 296 2361 neque
323 2292 380 2342 id
407 2293 605 2362 injuria.
686 2293 743 2345 Si
768 2292 904 2344 enim
928 2290 1256 2363 sapientiam,
1301 2291 1331 2364 ζ
1344 2292 1491 2361 quod
1516 2293 1587 2343 ait
1617 2291 1900 2357 Afranius)
1939 2290 2053 2343 usus
2082 2293 2201 2361 qui-

129 2362 250 2415 dem
288 2365 468 2434 genuit
498 2401 513 2426 ,
567 2377 725 2417 mater
762 2379 929 2416 autem
971 2366 1170 2436 peperit
1199 2365 1444 2418 memoria
1468 2402 1484 2426 ‚
1541 2364 1753 2436 quinam
1779 2363 1983 2416 tandem
2009 2362 2203 2434 sapien-

127 2436 282 2487 tiores
309 2472 326 2497 ‚
375 2435 457 2489 vel
494 2434 590 2487 effe
618 2474 633 2498 ,
685 2436 767 2488 vel
808 2437 978 2489 haberi
1018 2438 1239 2500 debent,
1278 2455 1433 2507 quam
1462 2438 1500 2488 ii
1525 2475 1540 2499 ‚
1579 2438 1672 2506 qui
1703 2455 1806 2488 non
1833 2438 1993 2489 aetatis
2022 2438 2200 2500 unius,

128 2521 285 2578 atque
334 2508 472 2559 urbis
515 2544 530 2569 ‚
593 2507 679 2560 sed
718 2509 884 2560 omnis
934 2511 1031 2562 aevi
1070 2551 1086 2572 ‚
1162 2512 1504 2579 omniumque
1554 2509 1823 2561 nationum
1875 2507 2007 2562 facta
2045 2524 2201 2579 atque

129 2597 296 2634 mores
349 2582 523 2632 animo
574 2584 626 2631 δε
676 2582 925 2632 memoria
963 2582 1507 2651 comprehenderunt?
1549 2581 1782 2633 Zenobia
1821 2598 2036 2651 quoque
2073 2581 2158 2633 illa
2183 2618 2201 2645 ,

130 2672 248 2724 quae
286 2652 402 2723 post
440 2651 740 2704 Odenatum
769 2653 1005 2704 maritum
1030 2653 1363 2724 Imperatoria
1387 2654 1663 2723 occupavit
1690 2652 1906 2724 insignia
1937 2691 1953 2715 ,
2002 2654 2201 2724 diuque

130 2726 386 2780 Romanis
426 2725 745 2796 principibus
770 2724 1027 2777 insultavit
1058 2763 1073 2787 ‚
1127 2743 1230 2777 non
1256 2724 1420 2777 solum
1463 2725 1643 2778 Graece
1674 2727 1908 2778 Latinam
1938 2725 2202 2779 historiam

131 2798 475 2869 perdidicerat
505 2835 520 2860 ,
572 2816 749 2851 verum
801 2797 1199 2849 Alexandrinam
1240 2798 1392 2850 etiam
1418 2839 1433 2861 ‚
1488 2812 1645 2868 atque
1685 2797 2006 2851 Orientalem
2047 2799 2200 2852 breve

130 2871 344 2943 ipsamet
391 2872 442 2923 in
482 2870 850 2943 compendium
889 2870 1159 2942 redegerat.
1251 2872 1378 2940 Quo
1419 2871 1586 2922 minus
1626 2871 1914 2923 mirandum
1945 2869 2003 2923 fit
2030 2907 2046 2933 ,
2095 2890 2203 2925 non

133 2945 374 2997 virtutem
408 2944 568 2996 modo
585 2982 600 3007 ,
638 2949 689 2996 &
718 2942 984 3005 consilium
1003 2985 1013 3003 ,
1057 2941 1319 2995 scientiam
1348 2958 1585 3014 praeterea
1613 2945 1819 3014 gerendi
1841 2945 2074 3015 lmperii‚
2116 2943 2203 2998 sed

135 3018 488 3073 auctoritatem
512 3034 727 3089 quoque.
756 3018 805 3071 ei
832 3031 1023 3071 tantam
1064 3013 1354 3087 superfuisse
1380 3054 1396 3078 ‚
1447 3030 1504 3070 ut
1529 3014 1576 3071 se
1602 3034 1712 3075 non
1750 3017 1935 3072 Arabes
1971 3034 2202 3086 unquam

1064 3089 1129 3142 M
1148 3106 1199 3140 m
1215 3107 1267 3143 m
1282 3106 1334 3142 m
1348 3106 1399 3142 m
1416 3107 1469 3144 m
1932 3103 2170 3163 regnante
2182 3129 2197 3151 ,
