2504 3425
238 155 259 192 1
277 154 342 193 10

522 216 753 292 Caesareos
762 228 963 289 proceres
976 254 988 271 ‚
1029 213 1081 263 in
1098 222 1300 282 quorum
1313 222 1458 280 regna
1464 205 1684 280 ficundis

519 288 790 362 Confitlz'bus
816 283 998 338 dudum
1021 285 1244 338 Romana
1254 283 1467 354 potentia
1488 278 1610 351 ccffit
1625 321 1638 340 ‚

520 366 692 431 Accipe
705 356 908 429 bzfflnos.
941 355 1042 428 sna
1055 370 1306 427 quemque,
1346 352 1628 425 monosticha
1638 349 1865 425 signant,

518 436 836 502 Qorumper
843 425 1026 500 plenam
1035 429 1213 500 seriem
1229 427 1478 481 Suetonius
1491 423 1600 479 olim
1610 467 1622 485 ,

509 505 754 561 Nomina,
796 517 870 554 res
883 500 1063 574 gestas,
1103 502 1355 572 vitamque
1377 499 1642 572 obitumque
1662 499 1858 572 peregit.

651 593 893 665 ‘Johannes
921 590 1274 663 saresberiensts
1298 588 1580 645 Policratico
1596 587 1699 659 slve
1711 586 1768 644 de
1780 589 1917 663 nugis
1930 587 2192 656 curialium}

980 661 1056 716 lib.
1090 682 1153 716 vl
1172 682 1191 715 1
1211 682 1255 717 1.
1286 681 1340 716 ca
1375 681 1551 718 .xv11
1571 681 1612 716 t.

312 741 444 795 Haec
459 736 673 809 quidem
688 735 895 809 possunt
909 740 961 789 Sc
975 737 1112 808 apud
1125 737 1249 789 alios
1263 735 1315 787 hi
1364 738 1531 790 Oricos
1544 736 1764 790 inveniri
1777 734 2031 802 diffusius,
2047 739 2141 809 qui
2154 752 2319 813 tyran-

242 830 424 869 norum
440 813 731 863 atrocitates
743 814 794 862 ὃς
809 810 977 862 exitus
996 808 1196 862 miseros
1212 809 1414 881 plenius
1430 808 1668 863 scribunt.
1686 812 1822 880 Quae
1838 808 1873 862 fi
1886 811 2005 881 quis
2018 811 2327 884 diligentius

241 883 480 942 recenseri
495 883 714 937 voluerit
731 920 747 946 ,
785 880 921 954 legat
934 901 989 935 ea
1004 900 1121 954 quae
1136 882 1349 955 Trogus
1362 882 1644 955 Pompejus
1658 920 1675 946 ,
1701 881 1953 955 Josephus
1970 922 1985 947 ‚
2008 884 2294 957 Egefippus
2307 922 2326 950 ,

241 956 835 1032 QCurtius,Cornelius
849 955 1065 1007 Tacitus
1072 956 1143 1019 ‚T
1156 956 1668 1019 .LiviuS‚Seren11S‚&
1680 955 1951 1009 Suetonius
1966 958 2327 1028 Tranqiiillu8‚

243 1039 295 1089 &
313 1033 397 1087 alii
412 1029 665 1092 historici,
680 1045 811 1102 quos
825 1046 1115 1081 enumerare
1129 1028 1345 1101 longum
1358 1028 1448 1092 est,
1460 1028 1559 1082 suis
1572 1027 2072 1101 comprehenderunt
2087 1031 2323 1086 historiis.

913 1099 1114 1155 Flavius
1141 1101 1360 1175 Vopzfius
1388 1099 1683 1174 Syracufius.

316 1173 643 1231 Minusculos
656 1187 895 1245 tyrannos
908 1172 1013 1225 scio
1027 1172 1296 1244 plerosque
1308 1170 1625 1235 tacuiss‘e‚aut
1637 1172 1859 1225 breviter
1873 1174 2327 1243 praeteriiffe.Nam

244 1255 296 1305 δε
313 1247 589 1304 Suetonius
602 1245 943 1316 Tranquillus
957 1245 1389 1299 emendatissimus
1404 1251 1456 1300 &
1468 1243 1854 1298 candidiffimus
1870 1244 2089 1317 scriptor
2104 1286 2120 1312 ,
2158 1251 2325 1305 Anto-

245 1325 388 1378 nium
404 1327 454 1374 δε
472 1317 750 1376 Vindicem
766 1319 928 1372 tacuit
950 1339 960 1372 :
1002 1333 1273 1372 contentus
1289 1337 1352 1371 eo
1368 1356 1384 1382 ‚
1422 1317 1570 1391 quod
1582 1335 1670 1371 eos
1683 1316 1863 1371 Curfim
1879 1318 2252 1390 perstrinxerat.

1259 1391 1403 1446 Mox.

323 1465 394 1522 Et
409 1464 474 1518 de
489 1464 738 1518 Suetonio
755 1482 860 1516 non
878 1463 1120 1516 miramur
1135 1499 1151 1525 ,
1191 1465 1275 1516 cui
1292 1461 1538 1516 familiare
1554 1460 1657 1517 fuit
1668 1481 1833 1518 amare
1846 1464 2169 1519 brevitatem.

965 1535 1098 1589 Idem
1128 1537 1348 1611 Vopiscus
1370 1540 1421 1590 in
1448 1536 1623 1591 Probo.

324 1609 394 1664 Et
410 1609 539 1662 mihi
556 1607 768 1680 quidem
788 1608 839 1661 id
855 1609 1014 1662 animi
1030 1607 1149 1673 fuit,
1167 1628 1270 1663 non
1288 1623 1345 1662 ut
1362 1608 2334 1685 Sallustios,Livios,Tacit08‚Trogos,

250 1697 406 1755 atque
417 1701 595 1736 omnes
608 1681 832 1734 disertisfi
842 1700 948 1734 mos
965 1683 1184 1735 imitarer
1197 1683 1398 1741 virosin
1413 1683 1518 1737 vita
1532 1683 1826 1755 principum
1841 1689 1892 1738 &
1906 1686 2225 1758 temporibus
2238 1684 2335 1738 dis-

251 1757 479 1811 serendis:
498 1756 581 1809 sed
599 1756 825 1808 Marium
840 1756 1467 1818 Maxinmn1‚Suetonium
1482 1757 2098 1828 Tranquillum,Fabiun1
2114 1759 2337 1812 Marcel-

254 1830 422 1883 linum
440 1867 453 1890 ,
475 1830 762 1900 Gargilium
779 1828 1088 1890 Martialem,
1103 1829 1301 1901 Julium
1317 1830 1701 1901 Capitolinum,
1719 1831 1922 1883 AElium
1946 1833 2302 1902 Lampridium
2320 1869 2338 1895 ‚

254 1901 677 1973 caeterosque2qui
690 1901 798 1953 haec
811 1905 862 1952 &
875 1903 960 1953 tali
969 1921 994 1953 a
1009 1921 1109 1953 non
1123 1917 1225 1954 tam
1238 1901 1419 1955 diserte
1431 1920 1585 1972 quam
1599 1922 1711 1955 vere
1728 1921 1858 1956 mem
1866 1906 1982 1958 oriae
1997 1906 2334 1959 tradiderunt.

759 1971 931 2040 Julius
945 1972 1232 2048 Capitolinus
1258 1979 1308 2028 in
1324 1976 1547 2029 Maxtmo
1564 1974 1629 2036 ἔγ
1643 1974 1854 2030 Balbino.

334 2047 436 2101 Sed
464 2044 758 2118 priusquam
788 2045 853 2097 de
882 2047 1076 2099 affitibus
1101 2066 1278 2100 eorum
1293 2048 1476 2118 loquar
1492 2088 1506 2112 ‚
1547 2050 1716 2119 placet
1732 2051 1901 2122 aliqua
1914 2050 2085 2103 dicere
2101 2050 2164 2103 de
2178 2049 2335 2103 mori-

263 2121 357 2174 bus
371 2134 525 2190 atque
542 2137 736 2190 genere.
781 2118 834 2171 N
842 2137 910 2171 on
924 2138 985 2172 eo
1003 2120 1182 2183 mod0‚
1199 2139 1307 2191 quo
1323 2121 1505 2192 Junius
1523 2123 1731 2175 Cordus
1746 2123 1818 2175 est
1834 2122 2127 2195 prosecutus
2139 2124 2336 2187 omnia,

261 2193 347 2247 sed
362 2192 456 2246 illo
473 2211 580 2263 quo
597 2192 871 2245 Suetonius
885 2193 1230 2262 Tranquillus
1246 2199 1296 2246 &
1317 2194 1552 2247 Valerius
1566 2195 1857 2248 Marcellus.

678 2262 900 2319 Sidonius
914 2264 1200 2339 Apollinaris
1215 2267 1265 2319 E
1256 2265 1529 2340 pfiolarum
1542 2265 1617 2320 lah.
1645 2286 1663 2319 1
1675 2286 1726 2320 x.
1742 2279 1803 2339 ep.
1826 2289 1859 2321 x
1875 2288 1891 2321 1
1902 2288 1950 2322 v.

340 2338 472 2391 Non
489 2336 522 2389 fi
539 2337 861 2401 omittantur,
882 2357 998 2409 quae
1012 2339 1077 2391 de
1091 2339 1256 2391 titulis
1271 2340 1534 2393 distatoris
1551 2340 1734 2394 invisti
1751 2341 1936 2412 scripta
1956 2341 2210 2395 Patavinis
2224 2340 2339 2394 sunt

264 2411 615 2463 voluminibus
631 2449 646 2473 ‚
674 2412 789 2482 quis
803 2430 955 2483 opera
972 2413 1221 2475 Suetonii,
1237 2414 1350 2482 quis
1368 2414 1581 2477 juvenci
1600 2412 1850 2467 Martialis
1863 2413 2146 2478 historiam,
2161 2413 2341 2487 quisve

268 2485 331 2538 ad
346 2498 631 2538 extremum
652 2484 798 2537 Balbi
812 2484 1190 2557 ephemeridem
1210 2484 1370 2538 fando
1385 2485 1524 2556 adaeq
1534 2489 1759 2541 uaverit?

1031 2556 1346 2613 firmillianus
1371 2557 1428 2612 de
1452 2562 1654 2614 Ani-ma.

340 2628 439 2681 Sed
469 2633 520 2681 8<
550 2628 818 2682 Neronem
851 2629 1125 2683 Suetonius
1140 2669 1155 2694 ,
1195 2630 1603 2704 Thrasymedem
1636 2632 2023 2705 Theopompus
2050 2648 2235 2707 negant
2248 2652 2340 2688 un-

271 2720 422 2771 quam
438 2702 699 2755 somniass'e
728 2725 738 2757 :
782 2702 872 2755 nisi
889 2705 977 2757 vix
998 2704 1261 2757 Neronem
1281 2705 1330 2757 in
1349 2706 1535 2758 ultimo
1550 2708 1694 2758 exitu
1712 2706 1827 2779 post
1844 2726 2058 2779 pavores
2069 2707 2203 2763 suos.

406 2832 408 2834 a
945 2778 1145 2831 Servz'm
1172 2774 1419 2841 QAEneid.
1450 2776 1524 2832 lib.
1556 2798 1619 2832 v1
1638 2798 1658 2831 1
1676 2798 1720 2832 Ι.

344 2844 557 2898 Natural
569 2847 662 2899 iter
688 2849 825 2899 enim
857 2850 1113 2922 Augustus
1133 2853 1312 2923 igneos
1325 2851 1504 2905 oculos
1520 2851 1742 2905 habuisse
1757 2853 1946 2906 dicitur
1960 2892 1975 2917 ,
2013 2853 2143 2906 adeo
2156 2864 2212 2904 ut
2226 2847 2338 2918 qui-

274 2916 389 2966 dam
404 2935 556 2984 eques
576 2922 832 2973 Ramanus
850 2924 1186 2996 interrogatus
1202 2924 1264 2976 ab
1280 2943 1361 2986 e0‚
1380 2924 1550 2978 Curse
1560 2925 1670 2979 viso
1685 2940 1898 2979 verteret
1911 2925 2090 2979 faciem
2100 2945 2117 2980 -.·
2132 2921 2338 2981 dixerit,

278 2989 416 3057 Qua
433 2988 627 3042 fulmen
645 2994 914 3046 oculorum
932 3011 1140 3050 tuorum
1156 2995 1282 3050 ferre
1298 3016 1400 3051 non
1418 2997 1620 3070 poffum
1634 3037 1651 3062 ,
1688 2998 1816 3053 ficut
1830 3002 1898 3052 ait
1914 2996 2201 3052 Suetonius.

1983 3084 2336 3142 INDEX
