2504 3425
244 180 480 236 No'rze
520 193 593 232 m
631 167 2004 231 SuEToNnOTx-xouem&V1TELL1UM.

107 248 122 263 5-

37 286 41 290 ’
95 288 121 313 μ
151 277 188 309 δ’,
212 269 353 307 Tulerat
368 266 547 316 animus.]

99 319 286 360 Salmasius
307 318 496 369 legendum
517 318 692 356 censuerat
709 330 750 353 ex
776 314 836 352 suo
855 314 987 352 codice.

97 382 234 422 ceperat
258 372 365 407 etiam
386 369 530 410 ,dudum
555 370 590 405 in
621 369 717 405 suam
751 366 941 403 editionem
967 363 1117 402 Robert.

97 422 289 473 Stephanus
299 451 311 465 ,
339 420 561 470 nonnullique
576 418 640 456 alii.

153 486 185 519 7.
214 474 335 520 Reponi
346 472 455 519 paffics
471 470 549 518 est.]
593 471 644 506 Sic
672 467 764 517 apud
789 466 958 508 Ovidium
985 463 1119 514 roposlor

96 522 293 570 templorum
308 521 355 558 est
371 533 569 571 reparator,
596 519 806 556 instaurator.

106 623 111 628 .
154 579 186 609 8.
222 579 262 609 ln
282 573 406 609 Vitellii
427 572 536 608 verba
554 568 806 621 juraverant]
854 570 903 606 V.
934 569 979 603 C.
1007 564 1118 603 Salm.

90 634 271 672 jurarant.

153 678 319 722 Expertus
333 672 386 720 est.
423 672 604 709 Placuerat
616 679 675 718 per
695 667 866 716 claffiarios
884 676 984 702 arma
1011 674 1122 699 trans-

87 724 180 770 ferri
198 752 210 766 ,
247 724 443 773 remzttique
478 721 626 757 navibus
649 736 658 755 :
697 733 737 757 ea
759 732 838 755 cum
865 719 902 753 in
921 713 1034 759 mslris
1061 712 1124 761 sub

98 775 271 821 nostem]
319 774 371 809 sic
398 773 590 823 interpuuxi
607 772 694 807 huuc
725 771 841 807 locum
859 797 870 810 ‚
921 770 958 802 ὃς
983 762 1126 805 refiruti,

95 823 228 861 secutus
243 825 519 861 Torrentianum
537 821 695 858 codicem
719 849 729 863 ‚
771 820 961 855 editionem
982 819 1126 852 Germa-

99 876 236 918 nicam,
262 873 458 912 casauboni
478 872 662 921 judicium,
688 874 746 911 δε,
774 867 870 917 quod
888 865 1123 915 potissimum,

96 924 218 962 sanam
242 927 426 964 rationem.
482 928 528 959 Et
546 923 642 958 enim
660 921 713 956 hic
733 919 814 954 nulli
831 918 879 953 rei
896 927 987 957 erat,
1007 925 1123 951 ortum

100 989 144 1013 ex
159 976 374 1027 praecedente
388 975 439 1022 est.

148 1027 256 1062 Motis
274 1040 331 1062 nec
353 1026 436 1060 dum
457 1020 597 1058 conditis
616 1015 818 1066 [malibus]
859 1017 970 1053 Reste
988 1012 1127 1051 Beroal-

100 1075 163 1113 dus
182 1079 417 1126 iuterpretatur
432 1072 474 1109 de
492 1081 652 1121 ternpore
670 1099 681 1114 ‚
720 1081 790 1119 quo
810 1067 930 1104 ancilia
948 1063 1125 1102 circumfe-

97 1127 261 1164 rebantur
280 1137 300 1161 a
320 1124 425 1162 Saliis.
484 1119 825 1158 Circumferebantur
853 1118 949 1154 enim
988 1129 1045 1166 per
1073 1116 1126 1151 tri-

99 1178 196 1227 ginta
228 1176 311 1213 dies.
367 1186 443 1211 tum
470 1174 564 1210 enim
589 1171 788 1209 dicebantur
809 1168 968 1211 moveri3
1019 1165 1124 1202 condi

99 1240 198 1271 vero,
217 1240 297 1263 cum
307 1224 382 1276 post
393 1224 486 1261 diem
498 1221 717 1272 trigesimum
733 1229 978 1270 reponerentur
993 1218 1026 1253 in
1038 1228 1126 1253 tem-

100 1277 196 1327 plum
219 1279 350 1315 Martis.
401 1279 482 1312 Hoc
513 1286 621 1310 omne
652 1285 738 1310 vero
763 1283 898 1320 tempus
929 1266 1125 1318 religiosum

99 1339 171 1365 erat
191 1357 203 1372 ,
240 1332 278 1365 δε
298 1326 481 1364 infaustum
499 1324 689 1361 habebatur
705 1322 807 1359 rebus
825 1318 992 1370 gerendis.
1051 1319 1125 1356 Liv.

95 1378 155 1416 lib,
172 1392 258 1418 xxvi
272 1393 300 1417 ι.
329 1378 473 1414 stativa
492 1375 612 1411 deinde
630 1375 677 1409 ad
694 1371 938 1419 Hellespontum
960 1368 1130 1418 aliquam-

99 1430 162 1466 diu
180 1429 394 1466 habuerunt:
424 1427 506 1476 quia
524 1426 593 1461 dies
603 1424 695 1470 forte
712 1451 724 1467 ,
760 1421 878 1471 quibus
903 1419 1031 1456 ancilia
1060 1430 1132 1456 mo-

99 1490 250 1522 ventur,
275 1475 412 1526 religiofi
436 1478 482 1512 ad
499 1477 564 1512 iter
583 1474 789 1511 inciderant.
837 1475 907 1510 Pro
925 1469 1128 1512 haberetur,

104 1529 249 1568 Salmas.
277 1528 358 1566 cod·
383 1526 539 1563 habetur.

158 1580 319 1615 Vic‘i'imas
337 1578 417 1614 Diti
426 1585 522 1625 patri
539 1575 628 1624 casas
646 1574 810 1620 litavit.]
868 1570 1068 1610 Stultissima
1086 1569 1133 1606 est

103 1629 178 1667 haec
199 1629 323 1673 lestio,
347 1641 423 1679 quae
443 1629 478 1663 in
503 1627 666 1664 omnibus
684 1625 929 1662 recentioribus
947 1622 1051 1659 exstat
1063 1620 1131 1657 edi-

106 1679 270 1717 tionibus.
316 1679 480 1716 Vistimae
499 1678 615 1720 litant,
649 1690 722 1713 non
740 1675 884 1712 litamur.
946 1670 1130 1711 Veriffime

108 1743 198 1769 vero
216 1727 447 1767 Salmasianus
466 1728 576 1765 codex
600 1731 636 1763 ὃ(
656 1726 805 1764 Roherti
825 1725 988 1775 Stephani
1007 1723 1132 1758 editio:

105 1781 254 1816 viHlma
271 1780 351 1816 Diti
359 1779 456 1826 pat-ri
476 1780 551 1825 casa
564 1778 699 1814 litavit.
729 1777 794 1812 hoc
820 1775 886 1819 est,
915 1776 1008 1813 bona
1025 1774 1060 1809 in
1081 1773 1135 1808 illa

105 1829 203 1882 signa
233 1840 459 1881 apparuerunt
477 1857 488 1871 ,
527 1828 605 1864 laeta
639 1827 890 1876 portendentia.
951 1824 1136 1860 Contraria

107 1892 189 1918 exta
206 1879 279 1918 sunt
294 1879 435 1918 adversa
455 1876 694 1928 significantia.

163 1946 196 1976 9.
228 1935 298 1967 Nec
315 1930 369 1967 illi
375 1938 488 1978 pugna
504 1928 658 1974 misula]
689 1929 865 1975 Qiaenam
878 1924 992 1962 estilla
1000 1936 1114 1975 pugna
1127 1952 1138 1966 ,

109 1983 162 2019 cui
172 1995 244 2018 non
260 1979 388 2018 adfuit:
417 1992 502 2016 num
512 1979 568 2015 illa
585 1976 790 2020 noviffima,
819 1991 899 2014 cum
917 1989 971 2011 res
984 1976 1018 2010 in
1029 1974 1141 2010 discri-

106 2045 190 2070 men
206 2033 339 2070 veniret
363 2035 374 2070 ἒ
410 2042 455 2067 an
477 2042 544 2066 una
567 2029 689 2065 harum
709 2029 815 2064 trium
843 2028 974 2064 levium
998 2053 1008 2067 ,
1058 2036 1141 2073 quas

112 2094 373 2120 commemorat
393 2084 404 2120 Ξ*
428 2084 557 2130 Nugae.
588 2079 704 2116 Scribe
725 2092 765 2116 ex
777 2078 896 2115 codice
907 2073 1143 2113 Salmafiano:

111 2148 171 2170 nec
189 2135 249 2170 ulli
262 2142 372 2181 pugna
386 2132 514 2178 adfuit.

164 2183 378 2232 Substititque
406 2181 588 2227 Brixelli.]
649 2181 705 2216 Sic
746 2174 899 2227 rescripsi
930 2189 971 2213 ex
1003 2176 1143 2213 Salmas.

116 2233 359 2270 Corsendouc.
391 2232 467 2270 Alv.
496 2232 607 2268 Nonii
626 2230 728 2268 codd.
761 2243 825 2265 nec
845 2241 917 2264 non
935 2227 1046 2277 priscis
1065 2227 1142 2264 edd,

117 2284 230 2332 prima
250 2286 438 2326 Romana,
466 2282 544 2319 Ald.
575 2284 709 2318 Manut.
741 2285 778 2317 δ(
806 2279 901 2327 Rob.
922 2278 1038 2329 Steph.
1066 2281 1145 2315 Pto-

112 2335 240 2371 lemaeo
255 2333 361 2369 etiam
380 2332 555 2379 ΒρίξεΛλον
569 2360 582 2374 ,
605 2331 689 2368 sicut
704 2335 741 2367 ὃ(
760 2333 906 2380 antiquae
924 2329 1143 2366 membranae

114 2385 288 2421 Plinianoe.
344 2383 486 2432 Vulgati
524 2394 610 2419 vero
648 2382 723 2419 libri
757 2394 852 2432 aeque
892 2391 927 2416 ut
964 2381 1140 2424 Suetonii,

116 2433 271 2472 Brixilli.

171 2483 278 2532 Apud
297 2479 527 2527 Betriacum-l
554 2483 627 2518 Cur
645 2494 717 2517 non
736 2481 897 2518 meliores,
912 2479 1037 2523 libros,
1056 2493 1144 2530 quos

120 2533 169 2572 fic
188 2534 316 2572 habere
339 2531 569 2567 Casaubonus
586 2530 742 2574 testatur,
768 2531 972 2580 sequamur,
1004 2542 1084 2566 cum
1097 2532 1144 2566 in-

117 2586 221 2623 ferius
239 2584 315 2620 illos
332 2581 435 2617 secuti
454 2579 558 2616 simus
572 2609 583 2623 ,
610 2582 646 2616 in
665 2581 780 2617 Vitell.
798 2595 851 2616 ιο.
881 2586 933 2615 De
945 2578 1146 2628 Betriacensi

117 2638 285 2677 vinaria,
317 2630 370 2675 {5
393 2630 531 2667 Othonis
548 2632 652 2667 exitu.
681 2634 717 2668 δε
739 2642 884 2679 cap.15.
911 2632 999 2665 Hinc
1019 2633 1148 2665 Betria-

118 2687 223 2733 censes
247 2683 364 2732 copias.
411 2685 452 2719 In
480 2679 620 2730 Vespas.
635 2694 665 2718 c.
683 2694 711 2726 5.
755 2682 907 2729 Acieque
934 2677 1145 2727 Betriacenfi.

128 2737 185 2774 sic
205 2735 332 2783 ubique
349 2732 511 2768 meliores
531 2731 617 2767 libri.

177 2792 218 2822 In
237 2786 306 2833 ipsa
325 2779 624 2829 consalutatione.]

120 3087 176 3137 ‘cis
188 3090 222 3126 F.
233 3084 370 3126 Ursini:
399 3081 601 3133 integrisclue
623 3083 728 3133 etiam
741 3090 834 3120 tunc,

573 267 626 304 Sic
644 265 860 309 Gronovius,
892 267 929 301 δε
950 266 1020 310 jam
1032 261 1119 300 olim
1140 270 1143 283 0

653 2782 777 2816 Praeter
788 2777 874 2815 duos
884 2780 1132 2816 Torrentianos
1145 2808 1156 2822 ,

119 2838 201 2874 Mss.
215 2847 284 2873 tres
299 2863 311 2878 ,
332 2831 471 2870 Salinas
490 2830 730 2867 Corsendonc.
759 2829 872 2866 Alvar.
887 2831 986 2865 Non.
998 2833 1032 2866 ὃ(
1047 2831 1157 2878 prima

121 2886 202 2924 edit.
214 2889 326 2924 Rom.
337 2885 374 2919 in
385 2882 453 2931 ipfit
466 2880 714 2929 consultatione.
729 2879 795 2916 hoc
806 2879 871 2921 est,
898 2877 982 2915 dum
994 2879 1156 2916 delibera-

125 2936 208 2974 bant
218 2940 255 2976 δε
268 2932 506 2973 consultabant
517 2932 559 2968 de
574 2931 663 2981 pacis
677 2930 936 2967 conditionibus
947 2958 956 2971 ,
976 2930 1070 2975 quod
1082 2943 1158 2967 me-

125 2989 190 3025 rito
207 3000 280 3025 non
298 2982 463 3032 displicuit
481 2982 679 3019 Torrentio.
711 2981 790 3017 vide
802 2980 913 3016 Tacit.
932 2994 941 3015 i
958 2994 983 3015 ι.
1000 2979 1087 3017 Hist.
1099 2994 1157 3024 4¹·

180 3034 383 3085 Integrisque
405 3033 511 3070 etiam
528 3030 656 3080 nana]
695 3031 815 3068 Probo
834 3030 1036 3082 scripturam
1060 3026 1157 3069 codi·

2083 172 2187 240 819
2226 156 2229 157 ⁷

1227 274 1279 298 11.
1309 264 1354 296 Et
1370 259 1539 303 celeriter,
1565 272 1647 296 nam
1668 261 1720 295 ita
1733 266 1944 306 praeceperat,
1971 259 2187 306 funeratu5.]

1046 316 1118 350 Re-
1165 311 1289 346 Leffio
1310 323 1385 359 quae
1403 309 1509 346 exstat
1533 312 1567 346 in
1596 309 1746 346 editione
1777 309 1873 346 Rob-
1919 308 2078 358 Stephani
2098 337 2110 351 ,
2144 309 2189 345 de

1162 373 1229 409 qua
1250 361 1476 397 Casaubonus
1492 389 1504 403 ,
1537 359 1584 395 est
1613 372 1632 395 a
1657 360 1776 396 Fulvio
1795 357 1933 396 Ursino.
1974 361 2002 395 is
2028 360 2121 395 enim
2143 357 2189 395 fic

1161 411 1348 460 legendum
1366 410 1429 447 eHe
1445 412 1592 455 conjecit
1611 424 1650 446 ex
1671 411 1805 450 vulgata
1824 410 1914 456 apud
1938 409 2153 445 Veliternum.

1218 473 1310 497 xcv.
1338 461 1471 509 Imperii
1488 461 1583 508 [lia]
1637 454 1837 497 Aemi-atior
1856 459 2042 509 Xiphilinus
2059 462 2096 495 δ(
2122 463 2193 495 Zo-

1161 523 1279 568 naras,
1306 512 1362 561 qui
1381 525 1434 558 xc.
1476 522 1611 548 tantum
1634 511 1707 547 clies
1727 511 1877 547 tribuunt
1901 509 2053 545 Othonis
2079 511 2192 557 impe-

1160 574 1221 597 rio.

1283 563 1422 598 Tacitus
1438 562 1533 598 enim
1552 562 1609 598 lib.
1633 576 1642 597 1
1659 576 1684 600 i.
1716 561 1841 597 Histor.
1871 560 2016 596 Othonis
2036 571 2191 597 mortem

1167 614 1296 647 Romae
1310 614 1500 649 nuntiatam
1511 612 1642 647 tradidit
1654 640 1665 654 ,
1691 611 1775 647 dum
1791 610 1949 647 Cereales
1960 610 2026 646 ludi
2038 623 2078 645 ex
2090 623 2191 645 more

1169 660 1417 710 spectabantur.
1476 663 1523 697 Hi
1542 662 1608 698 ludi
1627 663 1726 698 tertio
1742 662 1820 698 Idus
1839 661 1960 710 Aprilis
1981 660 2192 696 inchoaban-

1170 721 1241 753 tur,
1272 713 1309 746 &
1325 724 1433 746 xii1.
1458 711 1536 747 Kal.
1565 713 1670 757 Maji,
1696 712 1727 747 id
1748 712 1813 754 est,
1843 725 1920 748 Xix.
1957 710 2078 760 Aprilis
2096 708 2194 746 finie-

1171 759 1294 795 bantur
1314 789 1325 803 ,
1351 771 1385 795 ut
1406 760 1438 795 id
1458 760 1560 796 docet
1576 774 1671 798 vetus
1695 762 1940 798 Kalendarium
1959 773 1979 796 a
1998 761 2194 797 Lambecio

1171 810 1380 859 publicatum
1409 812 1442 845 in
1471 810 1626 847 Caesarea
1649 811 1869 849 bibliotheca.
1929 811 2028 847 Otho
2051 812 2196 848 Betriaci

1170 861 1269 908 igitur
1285 861 1381 909 periit
1400 871 1478 895 ante
1498 874 1553 896 xx.
1583 862 1721 909 Aprilis,
1749 862 1874 910 alioqui
1893 861 2196 897 dumludiCerea-

1170 910 1218 946 les
1253 910 1543 953 celebrabantur,
1589 914 1716 946 Roma·
1746 912 1888 946 nuntiari
1914 924 1985 946 non
2022 909 2198 961 potuisset,

1171 974 1252 997 cum
1268 963 1430 998 Romam
1447 962 1532 996 inter
1560 964 1596 996 δε
1625 962 1818 996 Betriacum
1845 959 1950 1008 longa
1970 962 2022 996 via
2053 963 2197 997 interce-

1174 1011 1230 1046 dat
1250 1040 1260 1054 ‚
1294 1012 1346 1048 cui
1362 1010 1597 1062 percurrenda:
1626 1011 1696 1047 dies
1723 1024 1810 1046 unus
1835 1021 1934 1059 atque
1952 1010 2035 1046 alter
2051 1011 2112 1047 fuit
2134 1014 2199 1048 im-

1180 1061 1389 1112 pendendus.
1446 1061 1606 1098 Ostendit
1641 1062 1708 1097 hoc
1733 1074 1871 1111 quoque
1896 1059 2063 1108 josephus
2081 1074 2115 1096 v.
2156 1061 2200 1097 de

1179 1112 1269 1149 bello
1286 1113 1365 1157 Jud.
1387 1127 1415 1149 c.
1437 1119 1467 1149 8.
1496 1125 1576 1148 curn
1595 1113 1639 1147 ait
1657 1111 1841 1148 Othonem
1855 1123 1922 1147 tres
1939 1110 2075 1146 menses
2092 1113 2128 1146 δε
2150 1110 2201 1147 bi-

1176 1163 1283 1199 duum
1309 1161 1449 1201 tenuiffe
1477 1164 1674 1212 imperium.
1713 1162 1779 1198 hoc
1804 1174 1891 1198 vero
1917 1158 2090 1211 contigisse
2121 1175 2204 1197 Χνῐ.

1174 1214 1321 1265 Aprilis„
1365 1214 1405 1263 Id
1432 1211 1623 1249 coufirmat
1647 1226 1785 1262 quoque
1813 1212 1978 1247 Clemens
2002 1211 2204 1247 Alexandri-

1175 1279 1258 1307 nus,
1285 1265 1341 1314 qui
1356 1264 1490 1301 Othoni
1509 1264 1622 1300 tribuit
1640 1263 1774 1299 meuses
1793 1274 1878 1304 tres,
1910 1260 1955 1298 fic
1975 1263 2068 1297 enim
2082 1275 2206 1298 emen-

1177 1316 1271 1354 davit
1295 1314 1542 1356 casaubonus,
1572 1314 1667 1350 diem
1679 1327 1808 1355 unum,
1838 1315 1895 1361 qui
1914 1312 2007 1348 diem
2029 1324 2207 1349 emortua-

1177 1366 1247 1404 lem
1274 1366 1449 1403 excludit(
1488 1367 1568 1409 Jam
1586 1364 1761 1406 Vitellius,
1802 1376 1880 1398 cum
1900 1363 2063 1399 Kalendis
2079 1365 2205 1406 Janua-

1178 1419 1232 1455 riis
1251 1417 1349 1463 hujus
1366 1417 1449 1453 anni
1467 1417 1630 1452 exercitus
1651 1413 1833 1464 superioris
1855 1413 2053 1450 Germania:
2071 1411 2206 1462 rupisset

1178 1468 1297 1506 Galbae
1315 1469 1507 1516 imagines,
1538 1470 1573 1503 δε
1599 1467 1633 1502 in
1653 1467 1727 1502 aeta
1747 1464 1878 1500 senatus
1899 1461 2049 1508 jurasset,
2079 1462 2132 1499 die
2142 1477 2205 1513 po-

1178 1519 1268 1563 stero
1287 1518 1443 1556 Vitellius
1474 1520 1673 1568 Imperator
1701 1515 1762 1552 suit
1797 1513 2024 1552 consalutatus
2064 1516 2151 1550 Tac.
2176 1528 2204 1552 1.

1179 1570 1262 1606 Hist.
1302 1569 1389 1606 Inde
1407 1567 1527 1610 Otho,
1559 1568 1618 1616 qui
1640 1566 1760 1603 Galbae
1780 1563 1974 1602 successerat
1987 1594 1998 1608 ‚
2024 1564 2056 1600 se
2073 1563 2139 1612 ipse
2157 1565 2207 1601 in-

1181 1620 1309 1660 terfecit
1319 1648 1336 1665 ,
1362 1632 1442 1656 curn
1467 1615 1639 1668 regnasset
1659 1616 1804 1654 biduum
1826 1618 1861 1652 δε
1881 1627 1950 1653 tres
1966 1613 2113 1653 menses.

1353 1723 1449 1768 IN
1509 1717 2049 1767 VITELLIUM.

1229 1832 1259 1855 2.
1290 1816 1401 1853 Aulus
1431 1815 1466 1851 in
1495 1814 1668 1863 consulatu
1692 1813 1775 1850 obiit
1793 1843 1804 1858 ‚
1842 1827 1940 1863 quem
1960 1826 2034 1849 cum
2059 1813 2209 1848 Domitio

1183 1868 1323 1904 Neronis
1339 1866 1470 1914 Caesaris
1485 1876 1582 1914 patre
1611 1863 1776 1912 inierat.]
1833 1866 1877 1901 At
1904 1864 1971 1900 hoc
1996 1861 2120 1899 falsum
2149 1862 2208 1899 est.

1186 1922 1282 1956 Nam
1313 1916 1481 1954 Camillus
1516 1915 1759 1954 Scribonianus
1790 1914 2006 1950 consulatum
2030 1914 2102 1949 iniit
2129 1925 2212 1949 cum

1188 1973 1252 2005 Cn.
1272 1970 1434 2004 Domitio
1452 1966 1689 2003 Ahenobarbo
1709 1977 1803 2000 anno
1823 1968 1867 2001 U.
1880 1968 2019 2010 C-,785.
2052 1965 2100 2000 uti
2127 1976 2213 1999 con-

1187 2019 1249 2056 stat
1266 2033 1307 2056 ex
1328 2019 1451 2055 Dionis
1472 2018 1528 2054 lib.
1548 2023 1598 2062 58.
1631 2020 1669 2052 δε
1686 2016 1798 2051 Taciti
1821 2028 1879 2052 vi.
1911 2014 2035 2051 Annal.
2058 2013 2212 2049 Camillo

1189 2083 1293 2113 verO,
1323 2083 1404 2106 cum
1429 2067 1532 2106 hostis
1552 2066 1707 2117 publicus
1726 2065 1915 2102 declaratus
1939 2062 2018 2101 esset
2043 2067 2094 2100 Sc.
2127 2067 2164 2101 ὅ(
2191 2075 2212 2099 a

1188 2121 1350 2157 militibus
1368 2118 1583 2160 interfectus,
1612 2116 1801 2153 substitutus
1816 2114 1878 2152 fuit
1894 2115 1972 2153 Kal.
1999 2114 2064 2159 Jul.
2089 2116 2128 2151 A.
2150 2117 2183 2150 V
2188 2114 2215 2149 i-

1191 2172 1317 2214 tellius,
1347 2183 1382 2207 ut
1400 2184 1440 2207 ex
1464 2168 1605 2206 Nolana
1623 2167 1739 2204 tabula
1757 2166 1846 2217 apud
1869 2170 2055 2204 Gruterum
2066 2164 2214 2201 ostendit

1192 2220 1480 2272 praestantissimus
1496 2217 1666 2256 Norisius.
1724 2221 1766 2254 In
1786 2217 1840 2253 illa
1857 2219 1950 2254 enim
1971 2216 2016 2252 sic
2034 2215 2179 2264 legitur:

1289 2275 1370 2308 CN.
1402 2273 1658 2307 DOMITiUS.
1688 2268 2055 2304 AHENOBARBUS.
2081 2268 2186 2302 COS.

1290 2326 1382 2361 SUF.
1412 2323 1522 2358 KAL.
1550 2322 1647 2364 JUL.
1681 2320 1721 2354 A.
1754 2320 2030 2355 VITELLlUS.
2060 2318 2165 2354 COS.

1188 2374 1364 2411 Existimat
1383 2384 1500 2409 autem
1519 2371 1613 2407 idem
1634 2367 1792 2405 Norisius
1809 2368 2017 2414 consulatum
2034 2367 2139 2415 iniiſje
2159 2371 2188 2401 V
2200 2388 2218 2396 -

1184 2426 1318 2461 tellium
1336 2437 1412 2459 cum
1431 2421 1603 2463 Domitio,
1630 2419 1724 2455 idem
1744 2420 1944 2455 Suetonium
1964 2418 2017 2454 hic
2026 2418 2214 2459 denotare,

1189 2490 1270 2512 cum
1299 2474 1427 2511 Aulum
1456 2471 1633 2509 Vitellium
1664 2469 1775 2506 scribit
1804 2498 1815 2512 ,
1866 2468 2038 2517 collegam
2066 2465 2215 2504 habuisse

1191 2527 1388 2563 Dominum
1404 2525 1438 2560 in
1456 2521 1650 2563 consulatu,
1665 2533 1735 2556 non
1752 2531 1870 2555 tamen
1891 2519 2016 2555 eadem
2037 2517 2092 2553 die
2113 2515 2215 2553 simul

1189 2576 1254 2612 aus
1269 2579 1396 2612 icarum
1414 2572 1480 2611 esse
1496 2585 1576 2608 curn
1595 2571 1754 2606 Domitio
1774 2569 2010 2619 magistratum
2027 2567 2213 2605 Vitellium.

1192 2631 1232 2662 Se
1278 2627 1369 2662 hanc
1387 2623 1702 2674 interpretationem
1721 2621 1771 2656 vis
1788 2619 1970 2656 locutionis
1997 2619 2083 2654 inire
2104 2619 2218 2666 consu-

1195 2679 1306 2713 latum
1330 2688 1402 2712 nou
1419 2673 1504 2716 fert,
1535 2685 1610 2722 quae
1632 2682 1807 2719 nunquam
1826 2669 1920 2705 aliter
1938 2681 2043 2718 quam
2074 2668 2117 2704 de
2141 2681 2219 2706 ma·-

1196 2727 1393 2778 gistratuum
1410 2724 1558 2774 auspicio
1587 2721 1657 2758 sive
1685 2722 1780 2756 initio
1811 2721 1959 2770 ponitur.
2019 2721 2126 2769 Igitur
2150 2720 2219 2758 hoc

1199 2788 1336 2828 quoque
1353 2773 1502 2824 lapsibus
1521 2773 1673 2809 Suetonii
1692 2769 1967 2807 adscribendum.

1256 2832 1348 2863 Duos
1368 2827 1500 2873 insuper
1530 2823 1715 2859 ordinarios
1733 2825 1919 2869 consulatus
1936 2849 1948 2864 ,
1980 2817 2222 2869 censuramque

1198 2875 1322 2925 geffit.]
1349 2874 1460 2912 Exstat
1479 2885 1646 2910 nummus
1660 2871 1788 2909 Vitellii
1803 2872 1946 2908 eximius
1965 2870 2221 2916 hujuscensurae

1203 2927 1311 2970 testis,
1340 2929 1375 2965 in
1395 2938 1465 2973 quo
1486 2924 1606 2976 legitur
1624 2922 1774 2958 Vitellius
1793 2922 1913 2970 Cenfhr
1928 2923 1974 2959 11,
2006 2923 2072 2959 SC.
2097 2923 2223 2957 Mimn-

1205 2990 1259 3014 tur
1275 2977 1337 3015 viri
1355 2976 1448 3012 docti
1463 2988 1520 3010 cur
1539 2971 1727 3011 consulatus
1745 2970 1784 3009 sit
1801 2970 1942 3009 omiffus
1953 3001 1964 3016 ,
1994 2976 2031 3009 &
2047 2970 2146 3008 solius
2162 2970 2224 3008 fiat

1208 3028 1341 3066 mentio
1363 3025 1522 3063 censurae.
1578 3024 1768 3060 Rationem
1784 3022 1901 3059 docuit
1918 3035 1981 3059 nos
1997 3017 2062 3060 'Vir
2080 3022 2225 3071 dignita-

1207 3091 1238 3116 te
1251 3108 1264 3124 ,
1295 3077 1456 3131 ingenio,
1486 3079 1524 3115 ὃς
1544 3073 1701 3113 doeh-ina
1717 3074 1889 3110 maximus
1908 3073 2034 3112 Ezech.
2065 3072 2225 3122 Spanhei-

1639 3123 1807 3164 Hhhhh
1836 3138 1853 3170 3
2116 3122 2240 3164 Πύας),
