2504 3425
615 144 815 201 Tin.

893 145 1454 202 CLAUnius

1532 143 1913 203 CAESAR.
2201 171 2307 227 443

139 259 194 290 10
215 241 318 287 nasis
339 237 583 302 pependerit
603 237 678 283 sub
701 237 840 285 edffico
861 237 1165 301 praefec‘torum.
1233 241 1311 283 Per
1334 234 1418 281 haec
1445 252 1488 282 ac
1508 239 1601 283 talia
1625 273 1638 293 ‚
1684 239 1862 284 maxima
1883 240 2008 286 aetatis
2030 256 2140 303 parte
2176 259 2309 293 trans-

208 306 317 361 ac0t21‚
350 302 701 366 quinquagesimo
726 319 838 349 anno
865 305 1087 366 imperium
1111 302 1221 364 cepit
1241 336 1255 357 ,
1289 303 1552 362 quantumvis
1582 302 1761 348 mirabili
1795 300 1899 348 casu.

1968 306 2176 353 Exclusus*
2198 311 2306 358 intet-

206 384 363 414 ceteros
390 367 440 412 ab
465 367 770 413 insidiatoribus
792 366 888 423 Caji
951 384 1049 412 cum
1072 366 1182 430 quasi
1207 364 1408 410 secretum
1432 383 1484 410 eo
1505 366 1755 413 desiderante
1780 366 1942 413 turbam
1981 369 2303 430 submoverent,

206 436 252 478 in
273 431 440 478 diaetam
457 468 472 490 ‚
518 433 584 478 cui
619 448 776 477 nomen
810 429 868 476 est
895 434 1138 478 Hermaeum
1160 466 1175 488 ‚
1209 427 1425 476 recesserat.

227 568 314 607 lacet
337 567 562 608 eruditissimis
577 599 590 615 ,
624 569 719 622 quasi
744 584 786 608 ex
805 571 910 609 veteri
936 572 1006 616 jure
1037 570 1072 607 in
1099 567 1219 606 cauffis

237 619 377 658 scalibus
395 620 550 665 servato,
579 623 638 672 qui
655 635 729 658 non
747 621 920 659 solverent
935 650 947 664 ,
977 618 1041 670 ipsi
1059 621 1222 668 bonaque

202 682 328 708 eorum
346 684 476 709 venum
493 684 743 722 exponerentur
761 671 874 708 edicto
886 669 1128 721 praefectorum
1142 682 1223 706 aera-

200 722 253 758 rii.
311 722 365 759 Ad
391 722 472 772 quid
500 724 595 759 enim
616 724 736 770 prades
763 725 800 758 ὅ(
813 724 937 770 pradia
952 722 996 757 ab
1019 721 1068 757 his
1084 721 1143 770 qui
1162 733 1222 769 pu-

204 770 295 808 blico
311 771 498 817 deberent,
530 772 716 822 postulata,
749 770 810 808 nisi
824 784 859 807 ut
869 772 963 808 bona
981 784 1056 820 quae
1073 769 1222 820 obligas-

200 821 273 859 sent
285 851 296 865 ,
321 821 401 873 ipsis
418 837 492 860 non
512 823 716 861 solventibus
730 850 742 865 ,
759 821 941 872 proscripta
953 820 1161 869 penderent,
1180 824 1218 856 δε

199 873 456 916 venderentur?
475 873 604 910 Pendet
621 875 736 922 itaque
759 872 910 914 venalis,
930 873 1022 916 cujus
1032 871 1126 907 bona
1136 884 1220 920 pen-

199 921 294 960 dent.
333 926 457 961 Nemo
475 935 555 960 tunc
572 922 784 960 vendebatur
806 936 868 972 pro
887 921 1017 959 debito,
1057 920 1123 957 Sed
1138 921 1220 970 quid

199 973 249 1009 est
267 974 305 1010 in
322 986 474 1010 vacuum
482 975 626 1022 pendere
643 983 659 1011 ,ἓ
686 974 742 1009 An
756 972 896 1015 flustra,
927 985 1008 1008 cum
1027 971 1107 1009 nulli
1121 984 1221 1007 acce-

197 1023 282 1061 dunt
301 1026 424 1061 emturi
448 1028 458 1062 Ξ
489 1026 542 1061 Sic
566 1025 601 1060 in
618 1022 744 1060 Glossis
770 1024 795 1059 εἷ
803 1040 816 1063 ς
845 1022 974 1068 μάτην,
993 1022 1127 1069 frustra
1144 1051 1156 1065 ‚
1182 1022 1219 1057 in

194 1075 555 1125 vacuum,exponitur.
561 1079 600 1110 Et
609 1073 698 1124 apud
708 1073 914 1123 Apostolum
924 1074 951 1108 εἱ
956 1089 968 1112 ς
979 1073 1060 1110 κενὸν
1074 1073 1218 1120 τρέχειν,

193 1124 231 1160 in
266 1137 417 1162 vacuum
452 1138 583 1162 currere
617 1124 760 1174 quidam
791 1137 833 1160 ex
861 1123 1033 1161 veteribus
1064 1134 1213 1159 vertunt.

195 1175 297 1226 Apud
319 1178 489 1213 Senecam
507 1178 545 1211 in
567 1188 716 1211 vacuum
734 1173 954 1224 aliquotlocis
963 1173 1144 1212 observavi
1155 1187 1217 1223 pro

192 1228 231 1262 in
249 1238 394 1265 vanum.
421 1229 469 1263 Ut
485 1226 523 1262 in
536 1238 687 1262 vacuum
701 1225 932 1268 tumultuari,
959 1236 1021 1275 pro
1030 1238 1100 1275 quo
1112 1224 1218 1273 vulgo

190 1275 315 1325 legitur
330 1306 342 1321 ,
374 1278 413 1314 in
427 1276 690 1325 supervacuum.
746 1278 813 1313 CL.
852 1278 1017 1312 sirmas.
1052 1275 1096 1311 de
1116 1274 1214 1314 Mod.

195 1326 293 1365 Usur.
315 1340 357 1378 pa
384 1342 487 1375 .739.
517 1331 554 1364 ὅ(
578 1326 804 1378 sequentibus.
864 1325 1017 1362 Pluribus
1046 1327 1141 1362 enim
1170 1325 1218 1363 ibi

194 1375 269 1414 haec
291 1392 346 1429 pet
365 1380 495 1428 equitur
512 1406 524 1420 ‚
558 1381 596 1415 δε
622 1378 727 1415 docet
746 1377 918 1426 pradiatos
946 1374 1032 1420 effe,
1063 1389 1216 1427 quorum

194 1427 290 1464 bona
308 1429 444 1480 publico
464 1426 529 1464 sint
546 1428 718 1478 obligata;
741 1428 950 1475 praediatores
963 1455 976 1470 ,
1003 1428 1089 1476 quie
1099 1440 1214 1470 stum,
1239 1389 1245 1467 i

195 1479 253 1527 qui
270 1479 406 1529 publico
424 1479 566 1528 obligati
586 1478 659 1515 suut
676 1506 687 1521 ,
731 1478 824 1514 bona
845 1477 1012 1514 emebant
1032 1505 1043 1520 ,
1081 1477 1115 1514 id
1142 1477 1212 1521 est,
1241 1483 1244 1520 ξ

197 1529 408 1577 praediorum
427 1527 498 1565 sive
517 1529 788 1579 hypothecarum
807 1538 959 1564 emtores
977 1545 987 1571 3
1013 1530 1050 1563 δε
1064 1540 1121 1576 Jus
1135 1536 1216 1575 pra·
1240 1522 1242 1533 '

195 1578 405 1622 diatorium,
433 1582 470 1616 δ(
488 1578 590 1627 legem
605 1580 856 1627 pradiatoriam
874 1606 886 1620 ‚
922 1590 1000 1626 quae
1018 1577 1145 1626 agebat
1170 1577 1214 1613 zie

195 1629 362 1678 praediatis
371 1658 382 1672 ‚
394 1629 461 1666 hoc
477 1628 524 1665 est
535 1657 545 1671 ‚
561 1629 720 1678 obligatis
731 1627 871 1678 publico
887 1642 897 1664 :
905 1627 1045 1675 praedem
1057 1626 1121 1664 esse
1132 1625 1216 1664 fide-

195 1677 376 1725 iussorem,
398 1680 454 1729 qui
473 1677 583 1715 fidem
603 1679 699 1716 suam
717 1678 846 1727 obliget
867 1676 995 1727 populo
1004 1691 1069 1727 pro
1079 1677 1217 1716 redem-

194 1734 312 1766 tore&
327 1729 527 1778 publican03
541 1726 665 1777 pradia
683 1730 818 1780 proprie
840 1727 953 1770 bona,
971 1741 1047 1776 quae
1074 1728 1213 1778 publico

193 1778 258 1816 sint
274 1780 424 1828 obligata
437 1807 448 1821 ,
473 1791 549 1827 quae
567 1779 684 1828 postea
697 1779 911 1826 bonapraedia
922 1777 1097 1816 sintdiEta.
1127 1782 1214 1816 Haec

193 1829 324 1880 aliaque
344 1831 407 1866 huc
427 1830 630 1878 pertinentia
649 1829 720 1865 fiise
733 1828 779 1865 ibi
799 1828 903 1865 docet
923 1841 987 1877 pro
1011 1828 1210 1868 eruditionis

191 1884 229 1917 δε
245 1882 372 1930 ingenii
389 1880 543 1917 ubertate
564 1880 628 1917 Vir
647 1879 811 1916 summus,
1104 1877 1107 1880 ’

249 1936 326 1980 Lege
339 1928 588 1979 praediatoria]
627 1930 759 1966 Titulus
776 1928 838 1966 fuit
856 1930 891 1966 in
916 1929 1031 1966 edicto
1051 1933 1206 1981 praetoris

191 1980 311 2018 urbani
326 1982 367 2017 de
376 1981 629 2028 pradiatoribus
649 2009 661 2024 ‚
692 1992 729 2017 ut
749 1979 909 2017 discimus
927 1993 968 2017 ex
990 1980 1207 2030 inscriptione

191 2032 274 2082 legis
296 2047 348 2078 54.
373 2030 410 2068 ffi
433 2030 477 2067 de
493 2032 573 2074 Jure
599 2031 672 2068 dot.
729 2033 950 2081 Qapropter
968 2044 1045 2082 quae
1072 2032 1125 2069 hic
1153 2033 1206 2070 lex

190 2082 327 2127 dicitur,
358 2094 476 2119 revera
495 2094 569 2132 pars
587 2081 688 2119 edicti
703 2080 786 2125 fuit,
815 2082 909 2132 quod
930 2093 1057 2129 praetor
1076 2096 1205 2133 propo-

192 2147 274 2170 nere
285 2133 424 2171 solebat.
451 2132 596 2169 Constat
618 2145 781 2183 praeterea
792 2146 833 2169 ex
853 2133 980 2169 eadem
995 2132 1136 2184 illalege
1151 2149 1202 2180 54.

189 2184 344 2221 edictum
364 2183 445 2221 illud
463 2196 535 2219 non
551 2195 687 2220 tantum
696 2181 884 2234 pertinuisse
896 2183 938 2219 ad
951 2183 1078 2233 praedia
1089 2213 1100 2225 ,
1129 2199 1205 2235 quae

193 2235 330 2286 publico
345 2246 439 2272 erant
448 2233 599 2283 obligata
610 2263 621 2277 ‚
632 2233 687 2271 sed
697 2238 734 2271 δε
745 2234 787 2272 ad
799 2235 927 2285 quaevis
938 2235 1014 2272 alia.
1041 2236 1097 2271 Ait
1111 2238 1206 2274 enim

191 2287 323 2323 ibidem
333 2286 537 2328 lociGaius:
561 2291 643 2329 Res,
662 2299 728 2334 qua
738 2299 779 2321 ex
798 2285 905 2321 dotali
919 2286 1062 2334 pecunia
1079 2296 1206 2335 compa-

191 2346 269 2373 rata
275 2337 381 2382 sunt,
397 2335 524 2371 dotales
542 2336 598 2384 effe
618 2336 742 2374 videri.
771 2336 926 2386 Qiaestio
938 2337 1031 2373 enim
1043 2336 1116 2374 haec
1128 2365 1140 2380 ‚
1152 2339 1206 2374 An

193 2386 341 2436 praedia,
370 2386 474 2421 dotali
500 2388 641 2434 pecunia
662 2399 881 2436 comparata,
909 2387 1058 2424 mulieris
1072 2386 1206 2432 forent,

191 2439 237 2475 ad
259 2438 344 2473 hanc
364 2436 478 2484 legem
499 2438 662 2484 pertinuit.
722 2441 765 2473 At
784 2440 856 2474 haec
876 2437 1016 2486 quaestio
1034 2440 1205 2489 utrimque

191 2491 362 2540 privatum
388 2486 596 2537 respiciebat.
650 2492 731 2524 Sunt
746 2501 863 2526 autem
890 2489 1133 2538 praediatores,
1179 2489 1204 2526 si

187 2539 273 2589 quid
291 2537 394 2575 video
406 2566 418 2581 ,
446 2538 502 2587 qui
517 2535 571 2572 sua
590 2538 715 2587 praedia
732 2539 802 2577 aliis
821 2542 892 2585 jure
913 2541 1063 2590 pignoris
1079 2541 1134 2577 vel
1148 2540 1206 2589 hy-
1228 2555 1232 2565 ¹

191 2591 352 2640 pothecae
373 2588 621 2638 obligaverunt.
646 2592 687 2624 Et
706 2589 782 2624 hinc
802 2589 890 2639 apud
912 2591 1124 2625 Ciceronem
1149 2604 1200 2627 12.
1228 2586 1231 2639 l

191 2642 235 2678 ad
259 2640 410 2678 Atticum
437 2653 488 2684 15.
527 2639 592 2674 dici
619 2639 704 2674 milti
731 2639 865 2675 videtur
887 2639 1047 2686 Apulejus
1064 2641 1205 2688 predia-

190 2703 241 2729 τον
258 2690 402 2727 liberali,
420 2717 430 2732 ‚
472 2690 529 2739 qui
558 2688 664 2725 facilis
692 2700 764 2725 erat
786 2690 820 2725 in
843 2688 974 2739 praediis
1000 2689 1204 2739 hypothecae

190 2741 415 2788 subiiciendis.
475 2743 523 2776 Ut
543 2740 690 2776 minime
715 2739 880 2775 accedam
900 2739 1099 2777 Sebastiano
1116 2743 1204 2776 Cor-

194 2793 279 2829 rado
291 2821 302 2836 ‚
316 2792 367 2827 cui
385 2792 411 2827 is
414 2792 592 2838 prediator
610 2789 760 2834 videtur,
779 2791 869 2837 apud
879 2802 976 2838 quem
987 2789 1203 2839 bonapraedia
1232 2819 1234 2832 ζ

186 2844 269 2891 sunt
283 2840 420 2890 oppofita
432 2870 443 2884 ‚
471 2841 527 2877 vel
545 2842 591 2876 ad
603 2854 702 2889 quem
707 2840 874 2889 pertinent
885 2840 936 2875 ita
947 2868 958 2882 ‚
975 2849 1014 2874 ut
1032 2840 1070 2875 in
1078 2841 1204 2889 hispos.
1229 2835 1234 2868 ἕ

183 2894 241 2943 fir
250 2894 305 2942 effi?
322 2892 480 2928 liberalis.
509 2894 683 2928 Neutrum
703 2892 798 2927 enim
819 2904 900 2926 cum
917 2891 1057 2928 veritate
1076 2904 1205 2929 conve·
1229 2874 1234 2937 l

193 2947 260 2989 nit,
289 2954 369 2980 mea
386 2942 558 2980 sententia.
596 2945 768 2978 Goesms.

247 2995 442 3042 Pependerit
461 2992 630 3039 venalis]
671 2995 724 3029 Sic
744 2993 894 3036 l.9.§.4.
913 2988 951 3028 ff.
971 2990 1015 3027 de
1031 2991 1145 3028 Tutel.
1165 2996 1202 3029 δ(
1230 3012 1233 3021 ·

195 3058 259 3084 rat.
285 3043 420 3081 distrah.
448 3047 551 3084 Tutor
566 3043 684 3080 dicitur
695 3042 1110 3093 confiscatus‚cujusbona
1121 3056 1203 3080 con-
1231 3024 1234 3065 Ῐ

194 3096 308 3135 fist-ata
323 3094 406 3133 sunt.
462 3097 575 3132 IDEM.

1231 3071 1237 3138 l
1261 3104 1312 3131 ms

1494 432 1653 494 Neque
1687 432 1822 477 multo
1857 430 1949 495 post
1982 451 2149 481 rumore
2184 438 2305 484 caedis

2165 516 2302 549 exter·

1603 571 1640 606 T
1664 583 1687 607 o
1719 582 1742 607 ι
1772 583 1796 607 it
1829 581 1850 609 ε
1878 585 1902 610 u
1935 585 1972 611 τ.

1341 647 1392 671 10.
1423 639 1588 671 Secutum
1602 648 1637 671 eo
1657 634 1900 686 defideraxte]
1922 644 2091 676 secretum
2111 640 2300 690 desiderare

1280 682 1348 722 hoc
1365 683 1444 720 loco
1465 686 1513 721 est
1531 684 1618 721 velle
1634 687 1782 722 omnino
1800 687 1908 725 solum
1921 687 2006 732 effe,
2034 691 2232 735 utsecretum
2242 708 2299 732 ca-

1273 742 1374 780 ptare
1393 734 1476 771 Oth.
1489 746 1561 784 cap.
1575 747 1609 772 x.
1623 736 1789 782 secretum
1800 737 1935 783 sumere
1952 742 2086 778 Domit.
2103 754 2177 793 cap.
2191 757 2231 781 xi
2244 759 2255 782 1
2269 759 2297 782 r.

1281 784 1327 818 At
1336 784 1504 830 secretum
1518 794 1629 832 petere
1641 784 1849 833 frequentius
1862 788 2044 834 dicebaut,
2064 805 2146 829 cum
2156 796 2299 833 remotis

1281 833 1413 869 arbitris
1436 834 1647 885 colloquium
1659 834 1846 884 poscerent.
1878 839 1987 887 Calig.
1999 853 2074 889 cap.
2085 855 2145 878 xxi
2159 858 2169 879 1
2184 858 2211 882 1.

1336 889 1376 918 ln
1391 885 1487 920 dieta
1498 913 1511 928 ,
1528 886 1580 921 cui
1595 898 1715 921 nomen
1727 887 1944 935 Hermum]
2002 893 2111 926 Diam
2134 896 2295 934 Graecum

1280 932 1328 969 est
1340 962 1352 977 ,
1373 934 1463 971 unde
1477 933 1727 978 δεδιιιτῶμοικ.
1760 939 1873 972 Varro
1884 948 2001 974 tamen
2022 940 2101 977 inde
2116 941 2180 978 dici
2201 947 2271 982 vult

1279 984 1374 1034 quod
1395 985 1430 1022 in
1449 996 1489 1021 ea
1509 998 1569 1036 per
1591 985 1684 1021 diem
1704 984 1837 1023 edatur.
1892 990 2064 1038 Frequens
2083 992 2172 1040 apud
2185 976 2296 1037 JCto's

1282 1047 1346 1084 pro
1362 1034 1594 1079 habitatione,
1622 1049 1699 1086 quae
1726 1038 1938 1075 amoenitatis
1958 1039 2056 1077 causa
2073 1041 2108 1077 in
2126 1041 2230 1081 hortis
2242 1060 2296 1084 ex-

1279 1085 1402 1122 structa
1429 1085 1481 1123 sit.
1520 1086 1541 1124 l.
1560 1098 1688 1123 uiri.
1731 1089 1788 1122 De
1818 1087 1937 1136 legatis
1961 1104 1988 1127 ι.
2024 1090 2045 1127 l.
2070 1092 2196 1141 penult.
2239 1099 2297 1133 De

1280 1135 1396 1173 donat.
1418 1137 1503 1173 inter
1522 1139 1635 1174 virum
1654 1139 1690 1173 ὅ(
1706 1150 1762 1173 ux.
1804 1141 1977 1187 Quamvis
1999 1142 2104 1178 etiarn
2123 1155 2190 1193 pro
2210 1159 2297 1196 quo-

1279 1199 1413 1236 cunque
1443 1187 1624 1224 coenaculo
1647 1188 1818 1236 accipitur.
1877 1191 1972 1238 Qin
2000 1195 2036 1228 ὅ(
2064 1193 2180 1230 diatas
2197 1196 2296 1244 hypo-

1277 1239 1406 1285 caustas
1435 1237 1596 1274 dicebant
1618 1238 1661 1274 ad
1687 1238 1831 1275 aliarum
1867 1238 2098 1280 differentiam
2114 1273 2128 1287 ,
2174 1247 2297 1296 quibus

1276 1286 1393 1325 hieme
1412 1289 1603 1326 utebantur.
1637 1288 1659 1325 l.
1682 1301 1740 1326 Lv.
1777 1291 1834 1324 De
1854 1289 1972 1342 legatis
2005 1308 2016 1329 1
2030 1308 2082 1330 11.
2127 1297 2297 1339 Ceterum

1274 1339 1368 1388 quod
1385 1338 1474 1389 apud
1500 1338 1649 1376 Plinium
1680 1353 1732 1377 ιι.
1769 1339 1869 1388 Epist.
1888 1355 1990 1380 xvii.
2030 1356 2071 1380 ac
2104 1346 2236 1385 rursum
2255 1363 2292 1388 v.

1275 1389 1445 1438 Epist.vi.
1465 1393 1503 1426 ὅ(
1524 1389 1766 1440 Lampridium
1776 1391 1965 1440 Elagabalo
1983 1399 2073 1430 Zaeta
2094 1408 2160 1444 pro
2179 1398 2291 1436 Diaeta

1274 1440 1436 1489 scriptum
1454 1439 1593 1491 saepius,
1622 1441 1655 1476 id
1679 1439 1859 1479 Brislonius
1887 1445 1945 1479 De
1969 1444 2064 1482 verb.
2100 1444 2212 1496 signif.
2241 1464 2291 1488 iv.

1272 1489 1405 1527 faetmn
1430 1491 1478 1527 ait
1501 1504 1603 1528 more
1629 1494 1832 1529 Graecorum
1847 1521 1859 1535 ‚
1895 1495 1955 1543 qui
1980 1493 2040 1531 δια
2067 1497 2102 1532 in
2130 1498 2179 1547 ζει
2204 1498 2295 1550 saepe

1273 1552 1502 1578 commutent.
1562 1540 1629 1578 Sed
1653 1541 1768 1578 nescio
1786 1544 1989 1581 mehercule
2013 1557 2057 1582 an
2085 1549 2160 1585 viro
2185 1548 2293 1588 docto

1273 1590 1448 1634 assentiar,
1473 1595 1510 1628 δε
1533 1591 1732 1642 exemplum
1748 1591 1917 1632 desidero.
1972 1597 2072 1633 Nam
2091 1599 2185 1647 quod
2203 1600 2294 1650 apud

1269 1641 1519 1679 Ecclesiasticos
1564 1643 1742 1692 scriptores
1758 1672 1770 1686 ‚
1814 1647 1852 1681 δε
1889 1645 2042 1682 maxime
2082 1648 2262 1687 Paulinum
2277 1680 2290 1695 ‚

1273 1691 1421 1740 ς”οὲἒολος
1440 1706 1501 1743 pro
1518 1691 1679 1734 ὃιοὲἒολος
1697 1694 1813 1730 tritum
1835 1693 2042 1740 confirmat,
2076 1697 2110 1734 id
2127 1700 2291 1750 equidem

1270 1756 1422 1787 vereor,
1468 1756 1503 1780 ut
1529 1742 1570 1780 sit
1588 1744 1768 1782 lubricum.
1827 1745 2050 1783 Zabulonem
2070 1749 2165 1785 enim
2184 1779 2196 1793 ‚
2232 1753 2294 1800 qui

1273 1807 1359 1831 unus
1379 1808 1397 1830 e
1416 1809 1456 1831 xi
1471 1809 1497 1832 1.
1527 1795 1680 1837 Jacobaei
1698 1796 1834 1845 generis
1855 1797 2083 1846 principibus,
2112 1799 2293 1842 habuerint

1272 1845 1306 1881 in
1325 1857 1456 1883 mente.
1514 1845 1613 1895 Isque
1647 1858 1668 1882 a
1703 1846 1894 1896 Theologis
1931 1847 2053 1896 passim
2089 1850 2290 1900 exemplum

1269 1895 1447 1945 quoddam
1469 1909 1509 1933 ac
1529 1908 1629 1947 typus
1660 1897 1722 1945 (ut
1741 1896 1924 1946 loquuntur
1941 1898 1953 1944 )
1984 1897 2126 1935 Diaboli
2145 1900 2292 1939 creditus

1268 1943 1363 1982 fuiss'e
1380 1976 1392 1991 ,
1421 1946 1483 1984 nisi
1510 1948 1735 1986 vehementer
1758 1960 1817 1983 me
1829 1949 2004 1984 memoria
2023 1946 2116 1987 fallit.
2175 1952 2289 2002 Atque

1271 1998 1284 2045 (
1299 2008 1332 2033 ut
1350 1997 1456 2035 semel
1473 1998 1610 2045 dicam)
1643 1997 1692 2047 ζει
1711 1997 1902 2034 &mma-mhi
1919 1997 2028 2046 μόριον
2054 2004 2290 2049 graminatlcs's

1264 2049 1394 2086 dictum
1410 2078 1423 2092 ,
1459 2048 1632 2099 explorata
1662 2060 1716 2084 res
1740 2047 1787 2084 est
1806 2067 1816 2092 5
1862 2046 1922 2084 δικ
1941 2049 1978 2085 in
1998 2049 2046 2099 ζει
2075 2054 2283 2090 commutati

1264 2100 1355 2136 haud
1375 2099 1432 2149 pol
1450 2099 1624 2136 recordor.
1665 2101 1792 2148 Neque
1812 2097 1855 2134 ad
1871 2112 1947 2135 rem
1964 2128 1977 2143 ,
1997 2112 2065 2150 qua
2080 2100 2123 2137 de
2133 2102 2290 2152 agimus,

1265 2149 1428 2201 pertinet,
1441 2149 1534 2200 quod
1545 2149 1717 2187 Eustathio
1726 2160 1884 2186 notatum
1895 2151 1955 2187 Ἰλ.
1970 2165 2004 2187 a.
2025 2150 2071 2200 ζα
2090 2151 2286 2191 immuni„

1264 2201 1430 2238 idiomate
1449 2200 1604 2250 quodam
1622 2202 1657 2237 in
1673 2198 1719 2235 ὃσι
1734 2197 1995 2250 commigrasse,
2022 2213 2058 2237 ut
2069 2202 2286 2251 perspicuum

1263 2251 1311 2288 est
1329 2252 1444 2288 locum
1463 2252 1633 2301 integrum
1647 2251 1783 2300 legenti.
1815 2252 1927 2299 Atque
1943 2250 2016 2287 liaec
2032 2251 2164 2294 obiter,
2194 2266 2284 2291 nunc

1261 2302 1306 2339 ad
1325 2303 1527 2339 Suetonium
1546 2313 1768 2339 revertamur.
1801 2301 1908 2349 Igitur
1926 2307 2109 2337 Hermeum
2129 2301 2210 2340 dixit
2218 2312 2236 2346 ;
2250 2316 2286 2342 ut

1263 2353 1367 2401 Iseum
1381 2381 1391 2396 ‚
1408 2357 1582 2399 Serapeum
1592 2381 1603 2394 ,
1624 2352 1777 2398 Mustmm
1788 2377 1800 2393 ,
1811 2352 1946 2386 Domit.
1963 2362 2040 2400 cap.
2053 2364 2086 2388 v.
2098 2355 2135 2388 ὅ(
2146 2350 2283 2398 similia,

1262 2418 1333 2440 nou
1346 2417 1406 2454 pro
1416 2402 1549 2453 templo
1564 2414 1698 2439 tantum
1712 2430 1724 2444 ‚
1739 2401 1794 2436 scd
1807 2414 2010 2450 quocunque
2022 2401 2101 2438 loco
2109 2402 2163 2439 dei
2173 2406 2287 2442 nomi-

1263 2469 1306 2490 ne
1319 2453 1479 2503 insignito
1492 2455 1583 2490 recte
1602 2453 1730 2489 dicitur.
1763 2452 1829 2487 Hic
1840 2463 1930 2487 certe
1951 2452 2046 2487 dim
2065 2465 2199 2501 nomen
2211 2455 2281 2499 est,

1263 2505 1361 2555 quale
1373 2505 1451 2540 illud
1464 2534 1474 2547 ,
1491 2516 1621 2539 coenare
1638 2503 1675 2538 in
1688 2503 1850 2549 Apoliine.
1872 2502 2117 2553 Serviquoque
2127 2505 2285 2550 diaetarig

1264 2568 1299 2592 ut
1317 2557 1453 2603 topiarii
1469 2584 1480 2598 ,
1496 2557 1532 2589 δ(
1551 2553 1691 2603 aquarii
1701 2580 1712 2594 ,
1743 2551 1786 2587 ab
1798 2551 1949 2602 Ulpiano
1966 2556 2285 2604 vocantur‚quibus

1262 2603 1443 2643 commisii
1461 2615 1532 2641 erat
1544 2606 1637 2640 dim
1650 2614 1738 2639 cura.
1755 2602 1825 2639 l.x1
1840 2616 1866 2640 i.
1897 2606 1953 2638 De
1973 2602 2064 2641 instr.
2082 2603 2208 2654 legato.

1567 2680 1597 2713 C
1630 2691 1649 2714 A
1679 2690 1694 2713 s
1726 2689 1748 2712 A
1778 2688 1803 2712 υ
1835 2688 1854 2712 Β
1884 2689 1907 2711 o
1939 2689 1976 2712 N.

1312 2738 1444 2775 Venalis
1454 2746 1519 2785 pep.
1531 2737 1644 2774 nderit
1655 2737 1718 2785 sub
1735 2737 1839 2772 edicto
1854 2735 2119 2784 prefec‘lorum]
2137 2737 2284 2775 Videtur

1259 2804 1300 2827 ex
1324 2791 1429 2826 veteri
1450 2791 1522 2833 jure
1541 2789 1712 2825 servatum
1731 2788 1764 2822 in
1782 2785 1898 2822 caussis
1917 2782 2086 2823 fiscalibus
2106 2815 2117 2829 ‚
2166 2799 2202 2824 ut
2218 2789 2278 2838 qui

1258 2853 1330 2877 non
1355 2840 1542 2881 solverent,
1572 2837 1633 2888 ipsi
1652 2838 1815 2885 bonaque
1841 2835 1995 2884 ipsorum
2015 2849 2145 2874 venum
2176 2851 2281 2888 expo-

1258 2903 1418 2927 nerentur
1438 2889 1552 2926 edicio
1581 2887 1821 2939 proesec'torum
1839 2887 1957 2923 zei-arii.
1987 2886 2020 2922 hi
2033 2886 2128 2930 sunt,
2153 2889 2284 2938 quipe-

1285 2940 1409 2978 endisse
1434 2942 1609 2978 dicuntur:
1637 2952 1708 2975 nou
1718 2950 1868 2988 quorum
1882 2938 1976 2974 bona
1995 2936 2155 2975 solumin
2165 2939 2280 2976 tabula

1262 2992 1444 3042 proscripta
1464 2990 1610 3029 fuerunt.
1742 2992 1745 2995 ’

1323 3056 1374 3079 10.
1391 3040 1672 3090 Qinquagefimo
1684 3052 1773 3076 anno
1784 3039 1960 3087 imperium
1971 3035 2090 3084 apin]
2103 3038 2286 3075 Philostra-

1324 3094 1436 3133 invita
1447 3091 1621 3141 Apollonii
1631 3091 1689 3129 lib.
1701 3104 1735 3127 v.
1754 3090 1901 3139 loquens
1913 3088 1956 3126 de
1966 3087 2128 3133 claudio,
2152 3092 2213 3126 noos
2233 3099 2283 3123 riu

1696 3144 1730 3179 K
1743 3142 1765 3177 l<
1776 3141 1799 3178 k
2216 3152 2292 3173 πεν-
