2504 3425
178 148 290 184 102«

178 224 304 268 etiam
328 222 372 267 in
397 217 582 273 secundis
607 219 839 265 heredibus.

189 285 414 340 sestertios,
462 286 627 346 legavit.

589 126 655 180 C.
697 120 1609 196 SuumT-RANKQU1LL1-
1660 116 1827 171 Ltn.
1867 118 1910 173 Ι.

913 217 1078 276 Populo
1099 213 1243 258 hortos
1268 213 1370 257 circa
1395 208 1595 255 Tiberim
1620 211 1785 274 publice
1802 247 1814 266 ,
1858 215 1899 256 &
1923 212 2078 260 viritim
2090 227 2282 260 trecenos

709 285 865 327 Funere
888 280 1046 324 indicto
1064 313 1077 333 ‚
1112 293 1237 337 rogus
1263 273 1485 320 exstruetus
1518 272 1576 318 est
1606 277 1647 320 in
1674 276 1830 321 Martio
1854 290 2001 336 campo
2025 282 2133 333 juxta
2165 278 2284 339 Juliae
2307 279 2371 340 84

185 350 419 401 tumulum:
457 353 499 394 &
524 364 600 411 pro
620 346 781 393 Rostris
807 360 938 390 aurata
959 343 1064 389 aedes
1087 341 1136 387 ad
1157 341 1416 387 limulacrum
1440 340 1586 400 templi
1610 342 1790 386 Veneris
1804 340 2043 385 Genetricis
2054 343 2280 387 collocata:

188 484 295 525 fuisse.

355 487 501 523 Decium
530 491 674 521 Brutum
704 483 807 519 etiam
834 483 870 517 in
891 479 1046 529 secundis
1076 477 1210 514 haeredi-

2152 419 2283 450 lutm-

1268 490 1353 514 nem
1371 476 1451 514 aedis
1467 477 1613 514 Veneris
1632 477 1840 520 Genetricis,
1867 477 1900 512 in
1920 488 2026 527 eaque
2044 478 2184 517 lectum.
2236 481 2288 517 Sic

189 537 261 577 bus.
320 539 375 573 An
409 549 564 586 putamus
598 535 685 570 hunc
721 537 861 569 Brutum
891 532 1003 568 solum
1031 542 1049 564 a
1079 527 1211 564 Ceus-tre
1269 527 1347 563 belli
1360 528 1550 576 simulacra
1579 530 1716 564 Lucret.
1738 526 1797 564 lib.
1823 542 1874 564 11.
1905 529 2129 565 Simulacrum
2149 530 2287 565 navalis

192 587 370 632 haeredem
396 586 579 623 secundum
598 583 750 627 sachun,
788 582 887 619 idest
906 611 918 626 ,
956 581 1073 631 primis
1100 578 1213 615 substi-
1262 585 1396 626 pugna,
1425 579 1538 615 Livius
1561 577 1618 614 lib.
1638 591 1739 613 xxlx.
1771 577 1997 613 Simulacrum
2018 579 2155 627 aliquod
2173 592 2212 614 uc
2230 593 2288 614 ve-

193 650 308 676 tutum
332 643 342 675 ἓ
371 642 451 674 lmo
472 640 508 672 δε
530 636 637 685 plures
650 634 703 670 alii
723 647 802 669 cum
822 633 889 669 illo.
1004 678 1011 681 ⁷

194 703 282 739 quos
297 688 442 738 reliquos
460 699 562 723 vocat
581 714 592 728 ,
632 689 668 721 ἃ
687 686 722 720 in
739 685 810 720 ima
829 697 905 720 cern
923 682 1089 718 institutos
1113 709 1124 723 ,
1158 681 1215 729 qui

195 740 289 776 locus
315 740 349 774 in
370 738 574 774 testamento
596 735 850 772 substitutorum
876 732 1062 770 haeredum.
1122 730 1215 779 Quid

197 803 283 840 opus
302 800 420 824 autem
446 800 486 823 ex
505 787 696 835 quadrante
723 786 847 833 reliqua
871 783 994 820 addere
1016 811 1027 825 ,
1068 795 1148 817 cum
1183 780 1216 816 id

197 853 257 890 per
284 839 316 874 se
344 838 418 874 satis
446 837 714 891 intelligeretur,
750 835 910 873 exhausto
941 834 1106 870 dodrante
1138 831 1219 867 nihil

196 889 241 927 nd
280 889 481 925 haereditatis
514 888 620 924 assem
653 883 839 936 superesse,
880 883 939 921 nisi
970 883 1220 934 quadrantem?

199 943 404 978 SALMAsms
425 939 468 975 de
497 938 609 974 Modo
626 937 814 974 Ulurarum
846 949 919 987 cap.
940 949 995 972 xx.
1035 946 1111 984 pag.
1138 939 1221 976 466.

199 991 259 1027 ubi
273 990 350 1030 vide
361 990 465 1040 plura.

530 1043 563 1075 T
593 1053 615 1075 ο
646 1051 670 1075 R
700 1051 725 1074 R
751 1050 772 1074 E
801 1052 825 1075 N
859 1049 893 1073 T.

253 1097 293 1127 In
301 1091 458 1140 ficundis
476 1090 662 1127 heredibus.
685 1087 698 1136 ]
753 1093 820 1131 Ut,
851 1085 876 1122 si
890 1087 1019 1136 primos
1039 1098 1113 1121 non
1133 1083 1225 1120 adire

201 1143 419 1192 contingeret
451 1141 677 1177 hereditatem
695 1168 707 1182 ,
750 1139 817 1189 ipse
857 1138 954 1173 heres
972 1134 1070 1171 fieret
1087 1164 1099 1178 ‚
1132 1134 1225 1185 quod

203 1194 281 1237 JCti
325 1203 452 1229 vocant
480 1191 683 1227 substituere.
712 1189 731 1227 l.
759 1204 785 1226 1.
823 1187 866 1224 de
889 1186 1033 1236 Vulgari
1060 1189 1097 1222 ὃ(
1120 1185 1226 1236 pupil-

204 1243 264 1280 lari
285 1242 408 1280 substit.
437 1246 560 1279 Horat.
573 1241 631 1277 lib.
649 1255 700 1277 11.
721 1244 787 1276 Sat.
804 1253 854 1277 ιν.

488 1315 546 1321 ----
573 1301 612 1327 ut
629 1289 681 1333 Εἴ
693 1289 846 1338 scribare
859 1287 1026 1336 ftcundus

319 1350 420 1380 Heres
432 1371 444 1386 ,
471 1341 524 1385 Εἴ
533 1340 565 1390 fi
583 1342 656 1390 quis
677 1339 766 1389 casus
782 1350 926 1390 puerum
946 1336 1047 1386 egerit
1066 1341 1170 1380 Orco,

320 1400 359 1430 In
378 1405 529 1428 vacuum
547 1404 677 1427 venias.

207 1444 251 1482 Id
274 1441 321 1480 est
337 1473 365 1490 ‚¹
392 1454 578 1481 vacantem
595 1444 667 1488 eius
684 1469 696 1484 ,
735 1440 795 1490 qui
821 1439 933 1490 primo
961 1437 1041 1474 loco
1063 1437 1225 1474 institutus

210 1495 257 1532 est
274 1523 286 1537 ,
326 1506 441 1531 morte
474 1491 701 1530 hereditatem
721 1503 758 1528 tu
783 1490 828 1527 illi
854 1489 1040 1526 substitutus
1066 1501 1224 1538 occupes.

210 1547 262 1582 Sic
274 1546 389 1593 prima
411 1548 449 1581 δε
457 1544 609 1591 secunda
627 1556 721 1585 cera,
748 1542 857 1589 prime
874 1544 911 1576 ὃ(
922 1539 1071 1587 secundia
1084 1538 1199 1575 tabule
1213 1567 1225 1582 ,

211 1596 255 1637 de
274 1595 397 1645 quibus
417 1595 511 1646 plura
529 1593 573 1630 ad
596 1596 720 1630 Horat.
746 1596 783 1629 ὃ(
796 1595 880 1628 Ner.
902 1603 974 1640 cap.
985 1603 1047 1627 xvi
1063 1604 1089 1626 1.

266 1645 386 1694 Populo
411 1648 520 1680 hortos
561 1644 650 1680 εἰναι
688 1642 834 1678 Tiberim
867 1638 1033 1690 publicem]
1091 1638 1232 1675 Publica

211 1698 349 1748 proprie
371 1695 526 1732 dicuntur
552 1707 591 1730 ea
606 1724 618 1737 ,
648 1708 722 1744 quae
741 1691 861 1742 populi
881 1696 990 1728 Rom.
1016 1689 1089 1726 sunt
1108 1708 1117 1734 3
1146 1702 1233 1739 quo-

212 1761 290 1784 rum
307 1746 382 1784 usus
399 1747 597 1793 communis
608 1744 663 1789 ¹est
679 1773 691 1788 ,
723 1744 909 1794 proprietas
926 1741 1053 1777 nullius.
1092 1739 1112 1777 l.
1131 1753 1164 1776 v.
1191 1739 1233 1774 de

214 1801 350 1835 Rerum
366 1795 533 1835 divisione
552 1824 562 1839 ,
600 1794 620 1831 l.
637 1807 713 1832 xxx.
750 1794 792 1829 de
813 1794 899 1843 Acq.
931 1805 1045 1828 rerum
1063 1790 1232 1827 dominio.

215 1848 321 1885 Tales
337 1849 437 1897 igitur
458 1847 546 1883 horti
562 1845 704 1883 Caesaris
724 1858 766 1881 ex
794 1844 1013 1880 testamento.
1070 1840 1235 1877 vMeminit

216 1912 341 1936 cortun
361 1902 485 1935 Horat.
496 1896 552 1934 lib.
571 1911 601 1936 1.
617 1900 682 1932 Sat.
697 1909 738 1933 γι
751 1909 762 1931 1
776 1909 803 1930 1.

332 1954 440 1985 Trans
474 1947 621 1983 Tiberim
649 1945 738 1994 longe
768 1943 866 1981 cubat
895 1943 950 1979 hic
970 1950 1068 1990 prope
1102 1940 1237 1990 Caeszris

434 1997 555 2034 hortos.

218 2047 432 2093 Eofiiem,ni
450 2046 570 2091 fallor,
593 2045 807 2083 naumachia*
819 2044 996 2095 proximos
1005 2040 1112 2085 fuiss'e,
1125 2041 1239 2078 osten-

221 2100 271 2142 dit
285 2103 425 2136 Sueton.
471 2098 552 2135 Tib.
583 2110 660 2147 cap.
682 2109 807 2133 Lxxii.
856 2096 1017 2131 Meminit
1048 2093 1240 2129 eorundem

222 2152 348 2187 Cicero
366 2149 409 2186 ad
432 2150 500 2185 Att.
521 2148 577 2185 lib.
590 2162 650 2185 xi.
671 2147 762 2198 epist.
782 2160 840 2183 vx.

280 2200 419 2238 Viritim
440 2210 582 2234 trecenos
599 2194 794 2246 sestertios.]
827 2194 996 2231 Plutarch.
1010 2205 1107 2231 Lxxv.
1126 2192 1245 2229 drach-

223 2264 300 2288 mas
323 2251 443 2294 vertit,
470 2250 536 2286 hoc
548 2248 615 2292 est,
646 2247 792 2284 totidem
814 2245 983 2282 denarios.
1005 2257 1090 2280 nam
1100 2256 1244 2294 quatuor

223 2302 360 2338 sestertii
378 2301 557 2338 denarium
574 2298 710 2335 faciunt.
767 2298 946 2348 Appianus
976 2295 1030 2331 hic
1059 2293 1244 2331 mendosus

225 2351 284 2389 est.
342 2354 431 2399 Quae
453 2364 539 2388 vero
556 2348 602 2385 fic
622 2348 748 2399 populo
761 2377 773 2390 ,
811 2346 880 2384 five
901 2346 1010 2382 ordini
1029 2345 1126 2381 alicui
1143 2373 1154 2388 ,
1190 2345 1246 2382 vel

226 2402 375 2452 collegio
393 2430 404 2445 ,
431 2413 487 2437 aut
502 2400 728 2442 testamento,
758 2409 814 2434 aut
831 2398 917 2433 inter
935 2398 1033 2435 vivos
1050 2395 1097 2432 ob
1110 2394 1246 2432 causam

226 2453 376 2503 aliquam
394 2480 406 2496 ,
449 2464 485 2488 ut
504 2463 582 2501 pum
602 2451 686 2486 inito
714 2448 911 2499 magistratu
930 2476 941 2490 ‚
993 2448 1120 2485 viritim
1139 2445 1246 2482 dona-

229 2504 370 2547 bantur,
399 2514 480 2553 apto
498 2504 577 2538 iane
594 2499 786 2542 vocabuit),
817 2499 872 2535 sed
891 2511 909 2533 a
921 2498 1034 2548 paucis
1042 2496 1245 2539 observato,

227 2552 405 2603 divisiones
438 2564 566 2601 vocant
591 2554 620 2595 J.
640 2554 682 2587 C.
710 2549 841 2593 nostri,
880 2548 1001 2585 Paulus
1028 2548 1049 2585 l.
1067 2561 1169 2586 cxxv.
1201 2547 1245 2583 de

228 2605 368 2654 Legatis
394 2618 420 2639 l.
447 2607 484 2640 ὃ(
504 2601 680 2639 Marcellus
707 2601 727 2638 l.
749 2614 899 2636 xxx111.
931 2599 972 2634 de
999 2598 1126 2635 Annuis
1153 2597 1246 2647 lega-

228 2656 278 2692 tis.
308 2667 343 2691 ut
362 2654 441 2690 dieti
462 2656 566 2690 etiam
584 2653 744 2700 divisores
771 2652 859 2687 inter
885 2662 1007 2698 operas
1025 2647 1241 2698 campestres.

228 2706 271 2742 de
290 2706 410 2754 quibus
430 2707 518 2754 Aug.
540 2716 612 2753 cap.
630 2717 704 2739 111.
736 2701 855 2745 Adde,
879 2714 954 2751 qua:
966 2699 1009 2736 de
1019 2697 1173 2750 sportulis
1184 2711 1247 2734 no·

228 2757 379 2793 tavimus
395 2757 532 2790 Domit.
545 2767 617 2803 cap.
628 2767 668 2790 v1
683 2768 710 2788 1.

289 2812 343 2849 84.
375 2810 519 2841 Aurata
546 2805 621 2838 ⁴sdes
657 2804 703 2838 ast
726 2801 951 2851 fimulacrum
993 2800 1105 2849 templi
1141 2797 1247 2848 Ven.]

232 2860 279 2895 Ut
298 2854 445 2891 Castoris
467 2883 480 2898 ,
524 2853 616 2903 quod
635 2865 712 2888 ante
730 2853 815 2888 mihi
834 2862 993 2889 notatum
1012 2881 1023 2896 ,
1062 2849 1107 2887 fic
1133 2854 1249 2889 Vene-

230 2908 275 2943 ris
291 2919 427 2955 quoque
454 2918 544 2941 nunc
570 2903 741 2953 templum
761 2931 773 2946 ,
819 2916 909 2938 nunc
944 2903 1057 2939 aedem
1088 2902 1154 2938 dici
1184 2914 1248 2951 pro

229 2957 378 3000 eodem,
409 2955 529 3006 passim
547 2954 635 3004 apud
655 2955 811 2989 auctores
830 2952 1129 3001 deprehendimus.
1176 2955 1252 2989 Hu-

232 3009 282 3054 jus
303 3006 505 3043 autemrloci
525 3005 687 3041 sententia
713 3003 780 3046 est,
815 3002 993 3040 aediculam
1015 3015 1171 3040 auratam
1189 3016 1251 3053 pro

225 3057 339 3095 rostris
370 3055 523 3106 positam
550 3052 643 3093 fuiffe
672 3053 716 3091 ad
744 3052 967 3093 simulacrum
984 3081 998 3098 ,
1038 3053 1111 3093 five
1130 3055 1255 3104 imagi-

948 637 1039 681 Ergo
1060 629 1109 666 isti
1120 629 1211 671 sunt,
1261 627 1399 676 stigium
1420 629 1572 664 civitatis
1608 628 1681 664 Cic.
1709 628 1765 664 lib.
1786 641 1819 664 x.
1854 628 1970 664 famil.
1999 629 2142 665 Mallem
2171 640 2290 665 autem

1271 676 1384 715 abesse
1405 680 1462 716 ull.
1495 678 1695 714 concinnior
1719 676 1913 714 enim‘effet
1934 681 2054 717 oratio.
2113 680 2291 730 Appi-mus

1271 740 1337 765 arx
1358 742 1377 764 a
1397 728 1524 779 populo
1543 758 1555 772 ,
1600 732 1637 765 &
1663 728 1835 765 columnae
1856 730 2052 766 Numidicae
2071 728 2114 766 ab
2137 730 2292 766 Antonio

1273 792 1317 815 eo
1336 779 1415 815 loco
1431 809 1440 823 ‚
1469 793 1537 829 quo
1559 791 1728 815 crematus
1742 777 1852 815 fuerat
1870 779 2004 824 Caefirr,
2032 779 2151 830 positae
2169 781 2294 816 memi-

1274 831 1334 866 nit.
1392 834 1528 867 Verum
1556 830 1628 866 haec
1654 829 1744 866 aedes
1765 827 1874 880 posita
1894 829 1940 866 est
1956 859 1968 874 ,
2011 842 2197 881 antequam
2223 843 2295 867 cre-

1274 893 1436 918 maretur.

1594 933 1625 966 C
1652 943 1673 966 A
1701 945 1716 967 s
1747 944 1769 968 Α
1795 946 1819 968 υ
1850 944 1870 968 Β
1899 944 1922 967 o
1950 943 1987 969 N.

1341 980 1460 1030 Populo
1481 979 1626 1029 hortos.]
1666 981 1799 1018 Viterb.
1819 995 1900 1018 cum
1919 981 1972 1016 hic
1993 990 2068 1016 tum
2090 980 2170 1017 alibi
2198 990 2294 1019 artos,

1279 1042 1314 1067 ut
1332 1031 1421 1080 apud
1444 1034 1643 1068 Varronem
1673 1036 1709 1068 ἃ
1738 1033 1949 1069 Ciceronem
1976 1043 2114 1081 quoque
2134 1032 2168 1067 in
2189 1029 2300 1081 pleris-

1279 1095 1346 1131 que
1367 1081 1471 1118 libris.
1529 1083 1582 1119 Sic
1601 1083 1636 1118 in
1654 1082 1850 1119 Turonenst
1872 1089 2012 1118 omerus
2031 1079 2187 1131 semper,
2226 1094 2300 1117 non

1282 1135 1470 1168 Homerus.
1528 1136 1569 1169 ln
1590 1133 1639 1169 his
1657 1132 1761 1169 hortis
1778 1133 1895 1183 postea
1911 1131 1973 1169 fuit
1992 1131 2083 1167 aedes
2100 1131 2297 1170 consecrata

1282 1182 1371 1219 Forti
1390 1186 1558 1220 Fortunae.
1584 1183 1668 1220 Plut.
1690 1183 1733 1220 de
1746 1187 1998 1221 Romanorum
2020 1185 2109 1220 Fort.

1342 1237 1385 1269 Et
1404 1233 1542 1269 viritim
1560 1243 1701 1270 trecenos
1712 1233 1913 1283 sestertios.]
1965 1234 1997 1269 Si
2018 1233 2170 1270 Ostavio
2193 1231 2300 1277 fides,

1283 1294 1448 1319 centenos
1465 1284 1606 1319 vicenos
1640 1296 1787 1322 tantum.
1825 1285 1904 1322 vide
1929 1285 2087 1320 Dionem
2117 1284 2175 1321 lib.
2194 1296 2300 1321 xL1v.

1283 1334 1412 1370 Mirum
1428 1347 1512 1371 vero
1526 1363 1538 1375 ‚
1561 1335 1618 1384 qui
1638 1333 1711 1371 fieri
1732 1336 1900 1385 potuerit,
1929 1345 1965 1371 ut
1982 1347 2035 1371 res
2051 1333 2111 1370 ista
2130 1334 2305 1385 divulgata

1283 1382 1412 1421 diverse
1428 1384 1625 1421 traderetur.

1342 1440 1395 1478 84.
1428 1440 1555 1470 Funere
1573 1433 1742 1479 indicia]
1784 1435 1815 1471 A
1837 1447 1917 1472 cos.
1953 1435 2118 1472 Antonio.
2159 1437 2307 1472 Lactan-

1282 1485 1344 1520 tius
1362 1484 1450 1520 libro
1484 1498 1511 1520 ι.
1566 1484 1600 1519 Si
1631 1495 1714 1520 cos.
1741 1485 1934 1533 nonfuisJet
1955 1485 2130 1520 Antonius
2147 1512 2158 1527 ‚
2203 1486 2306 1534 Cujus

1284 1535 1392 1582 Cesar
1403 1543 1463 1582 pro
1474 1534 1548 1582 suis
1564 1535 1601 1570 in
1620 1543 1720 1581 remp.
1731 1535 1860 1570 meritis
1873 1563 1884 1578 ,
1915 1534 2020 1570 etiam
2030 1535 2180 1580 defunc‘li
2198 1534 2306 1571 homi·

1284 1584 1338 1620 nis
1354 1584 1474 1620 honore
1495 1584 1645 1632 carucffe't
1661 1612 1672 1627 ,
1698 1582 1749 1626 Εἴ
1768 1585 1905 1633 quidem
1924 1582 2052 1633 confilio
2072 1583 2199 1633 Pzfimis
2201 1583 2306 1631 soceri

1285 1633 1338 1677 Εἴ
1379 1639 1417 1672 L.
1449 1635 1583 1683 Cesaris
1623 1635 1811 1682 propinqui.
1872 1640 1984 1670 Funus
2013 1635 2159 1671 zndicere
2184 1636 2312 1673 Graecis

1285 1684 1576 1733 περιαγγέλλεινε
1604 1684 1801 1735 Hesychius.
1832 1688 2016 1723 Romanus
2034 1699 2115 1723 mos
2127 1698 2169 1723 ex
2178 1689 2311 1723 Teren-

1287 1737 1336 1772 tio
1359 1739 1397 1772 &
1417 1735 1488 1771 aliis
1505 1747 1616 1772 notus.

1343 1792 1447 1834 Rogus
1473 1785 1653 1832 exstrucius
1671 1785 1713 1833 est
1739 1786 1777 1821 in
1798 1787 1929 1823 Martio
1948 1786 2100 1835 campo.]
2157 1788 2246 1835 Qtae
2263 1785 2309 1823 ad

1287 1834 1447 1873 funerum
1466 1849 1585 1872 curam
1604 1837 1814 1887 pertinuere,
1847 1849 1887 1872 ea
1904 1837 1960 1875 vel
1978 1836 2077 1874 domi
2100 1837 2312 1886 perageban-

1289 1898 1341 1923 tur
1359 1916 1370 1930 ‚
1400 1887 1456 1924 vel
1472 1888 1507 1923 in
1525 1886 1626 1930 foro,
1652 1886 1709 1924 vel
1728 1899 1819 1923 extra
1843 1899 1993 1936 portam.
2021 1889 2134 1924 Domi
2154 1899 2312 1924 curatum

1289 1936 1392 1974 funus
1408 1951 1468 1986 per
1484 1937 1594 1988 plures
1612 1936 1682 1973 dies
1698 1952 1708 1974 ε
1738 1935 1902 1974 ibifiebat
1918 1937 1942 1977 ’ἦ
1967 1936 2141 1986 πρόθεσις,
2170 1942 2207 1974 δ(
2219 1951 2315 1974 mor-

1291 1999 1365 2024 tuus
1382 1986 1514 2038 septem
1530 1987 1601 2023 dies
1624 1988 1659 2023 in
1675 1987 1842 2024 vestibulo
1863 1986 1992 2037 positus
2010 2016 2022 2031 ,
2057 2001 2124 2037 qua
2144 2001 2163 2023 a
2190 1988 2316 2024 dome-

1292 2038 1400 2081 sticis,
1432 2052 1500 2088 qua
1516 2038 1558 2074 ab
1579 2038 1718 2080 amicis,
1750 2037 1994 2087 plangebatur,
2021 2050 2061 2073 ac
2077 2039 2212 2073 coronis
2231 2038 2316 2074 aliis-

1293 2102 1359 2138 que
1380 2089 1581 2125 muneribus
1597 2085 1798 2124 honorificis
1816 2086 2040 2124 afficiebatur.
2099 2088 2316 2137 Tranquillus

1294 2140 1383 2176 hanc
1404 2151 1515 2176 totam
1536 2150 1667 2189 partem
1687 2138 1929 2187 praetermittit,
1956 2137 2069 2174 solitus
2089 2137 2233 2187 insignia
2243 2150 2317 2175 tan-

1295 2203 1369 2227 tum
1391 2202 1522 2227 notare.
1560 2193 1601 2226 In
1615 2187 1693 2226 foro
1714 2187 1961 2225 laudabantur:
1987 2200 2080 2224 extra
2100 2188 2225 2226 urbem
2245 2202 2319 2225 cre-

1295 2242 1490 2278 mabantur.
1530 2238 1642 2276 Caesar
1657 2251 1777 2274 tamen
1792 2238 1911 2289 inipso
1928 2238 2006 2275 foro
2029 2250 2218 2283 crematus,
2245 2253 2319 2276 non

1297 2294 1333 2328 in
1342 2289 1512 2328 exstructo
1527 2291 1558 2326 ei
1576 2302 1664 2339 rogo
1675 2304 1686 2326 ·.
1717 2289 1812 2339 quod
1825 2303 1885 2339 per
1905 2288 2020 2340 populi
2036 2289 2222 2326 tumultum
2240 2302 2319 2327 eve-

1300 2345 1359 2379 nit.
1414 2340 1636 2378 Simillimum
1647 2340 1693 2376 est
1710 2368 1721 2383 ,
1756 2339 1850 2390 quod
1870 2341 1982 2390 paucis
2002 2351 2081 2376 ante
2102 2341 2198 2376 annis
2215 2341 2251 2377 in
2266 2338 2321 2378 fu-

1301 2406 1382 2430 nere
1401 2392 1516 2430 Clodii
1534 2403 1554 2427 a
1568 2390 1698 2427 Milone
1718 2388 1819 2426 occist
1834 2390 2023 2433 acciderat,
2049 2402 2209 2426 utnarrat
2218 2389 2324 2427 Asco-

1300 2446 1384 2482 nius.
1442 2444 1514 2479 Dio
1532 2441 1674 2492 quidem
1691 2442 1777 2477 inter
1793 2440 1878 2478 alios
1894 2439 2019 2478 Caesari
2036 2440 2193 2478 decretos
2210 2441 2324 2478 hono-

1302 2508 1355 2531 res
1374 2495 1462 2531 hunc
1481 2503 1762 2535 commemorat,
1789 2503 1824 2527 ut
1836 2503 1991 2529 mortuus
2002 2492 2089 2528 intra
2108 2493 2324 2542 pomoerium

1301 2545 1494 2595 sepeliretur
1516 2558 1525 2580 :
1570 2541 1628 2579 sed
1654 2554 1695 2578 ea
1719 2555 1793 2580 non
1820 2542 1867 2579 est
1895 2539 2007 2579 cauffit
2035 2542 2206 2581 combusti
2237 2543 2325 2579 intra

1301 2599 1426 2633 urbem
1446 2593 1597 2631 Caesaris.

1355 2647 1477 2692 Juxta
1496 2643 1598 2690 Jutiae
1619 2642 1803 2680 tumulum.
1823 2641 1838 2691 ]
1889 2645 1981 2691 Qrae·
1996 2644 2032 2679 in
2049 2642 2174 2679 Martio
2196 2653 2326 2694 campo

1302 2697 1427 2748 sepulta
1446 2706 1567 2733 contra
1581 2696 1760 2741 majorum
1778 2694 1934 2731 instituta.
1963 2694 2035 2730 Dio
2054 2692 2142 2729 libro
2159 2705 2287 2731 xxxix.

1355 2753 1402 2784 Et
1412 2756 1473 2795 pro
1491 2744 1599 2792 rostris
1620 2754 1749 2780 aurata
1768 2745 1844 2780 ades
1865 2745 1911 2780 ad
1932 2741 2183 2793 simulachrum
2211 2743 2325 2792 templz

1304 2798 1435 2841 Veneris
1453 2794 1637 2832 Genetricis
1656 2793 1847 2843 collocata.]
1876 2790 2104 2830 Bononiensis
2114 2792 2325 2843 editio,quae

1306 2849 1462 2899 proxime
1476 2850 1684 2883 Romanam
1714 2844 1824 2881 secuta
1843 2843 1910 2887 est,
1948 2843 2027 2892 legit
2041 2871 2054 2886 ‚
2081 2853 2207 2879 aurata
2222 2845 2322 2892 [edes.

1306 2911 1341 2936 at
1362 2912 1422 2936 MS.
1444 2901 1481 2934 <Sc
1499 2900 1688 2939 Romana,
1706 2896 1792 2932 ades.
1824 2895 1916 2931 reue
1925 2892 2031 2930 dubio
2043 2893 2169 2943 procul.
2199 2894 2329 2932 AEdem

1308 2948 1456 2999 appellat
1477 2959 1606 2997 pegma
1624 2948 1660 2982 in
1675 2944 1757 2983 foro
1779 2944 2003 2986 exstruiium,
2029 2956 2064 2981 ut
2083 2944 2130 2981 ibi
2143 2943 2332 2981 collocare-

1312 3013 1362 3038 tur
1382 2998 1524 3036 Caesaris
1544 3010 1666 3047 corpus
1684 3024 1696 3040 ,
1723 2996 1811 3033 dum
1828 2993 1975 3031 laudatio
1992 3006 2219 3045 perageretur.
2278 2999 2332 3032 lta

1316 3063 1435 3090 autem
1454 3059 1579 3095 vocat,
1609 3047 1762 3100 primum
1775 3073 1790 3092 ,
1827 3045 1905 3095 quia
1920 3057 1956 3083 ut
1978 3044 2129 3085 disertim
2145 3056 2264 3089 notat,
2297 3047 2335 3082 in

2184 3095 2339 3134 modum
