2504 3425
109 603 221 642 ’re,
267 587 398 631 COS.
441 587 590 631 iterum
622 620 635 642 ,
695 588 817 631 etiam
842 584 1100 631 tribunitiam
1143 578 1386 643 potestatem
1431 580 1476 622 in
1509 578 1848 640 quinquennium
1889 577 2061 638 accepit.

491 172 1034 237 T133R1us
1112 169 1398 224 NERO
1476 166 1860 222 CAESAR.
2126 178 2228 238 305⁷

147 274 191 316 δε
215 267 424 312 Dalmatas
448 263 641 328 subegit.⁴
691 265 977 319 Germanico,
1012 261 1279 325 quadraginta
1314 259 1428 305 milia
1457 257 1743 305 dedititiorum
1770 255 1927 313 trajecit
1959 255 2001 300 in
2025 256 2237 315 Gallam,
2285 312 2286 315 Ἰ

142 338 337 393 juxtaque
363 332 492 391 ripam
515 330 659 376 Rheni
679 328 843 375 sedibus
867 327 1072 389 assignatis
1095 325 1326 371 collocavit.
1362 339 1462 386 quas
1485 322 1542 368 ob
1566 338 1653 378 res,
1687 325 1730 366 &
1755 335 1885 365 ovans
1909 355 1922 374 ‚
1957 323 2000 364 &
2024 337 2143 366 curru
2166 339 2237 368 ur·-

147 396 244 441 bem
277 392 472 457 ingressus
504 392 561 439 est
594 395 749 457 primus
777 427 790 448 ,
836 407 881 438 ut
913 389 1083 452 quidam
1108 403 1251 452 putant
1286 423 1300 444 ‚
1343 385 1663 449 triumphalibus
1691 385 1947 430 ornamentis
1982 382 2234 442 honoratus,

142 475 258 505 novo
279 474 353 503 nec
372 473 488 503 antea
513 458 708 521 cuiquam
727 456 890 504 tributo
911 470 1063 518 genere
1085 452 1269 499 honoris.
1335 449 1598 513 Magistratus
1620 454 1665 496 &
1689 449 1886 495 maturius
1915 446 2154 506 inchoavit,
2188 454 2235 495 &

143 539 257 585 paene
279 524 454 580 junffim
477 523 760 584 percucurrit,
795 519 1063 584 quaesturam‚
1098 531 1313 581 praeturam
1336 550 1349 569 ,
1382 514 1668 560 consulatum:
1705 510 2032 575 interpositoque
2066 526 2238 621 tempo-

2190 592 2236 622 ot

143 648 343 714 prosperis
375 649 710 705 confluentibus,
746 651 908 710 integra
938 659 1055 692 aetate
1088 662 1134 690 ac
1167 642 1400 689 valetudine
1433 640 1569 687 statuit
1601 654 1770 702 repente
1806 639 1991 686 secedere
2014 674 2027 695 ,
2062 638 2187 703 seque
2210 658 2234 687 e

143 713 286 760 medio
319 730 447 777 quam
480 711 715 774 longiffime
748 700 954 758 amokvere.
1020 706 1216 754 Dubium
1249 741 1263 761 ,
1310 706 1501 750 uxorisne
1536 705 1659 754 taedio
1691 739 1704 760 ,
1759 721 1884 767 quam
1919 720 2057 767 neque
2089 706 2235 750 crimi—

140 780 228 824 nari
260 792 329 823 aut
359 778 565 822 dimittere
597 774 802 831 auderet,
838 790 975 836 neque
1005 773 1105 818 ultra
1137 767 1317 832 perferre
1350 767 1500 830 poffet3
1537 785 1589 814 an
1615 782 1660 812 ut
1693 769 1820 812 vitato
1844 767 2081 813 affiduitatis
2114 765 2233 813 fasti-

140 843 212 887 dio
235 878 248 898 ,
293 840 574 887 arnstoritatetn
605 836 784 883 absentia
817 852 999 883 tueretur
1023 871 1037 892 ‚
1081 848 1204 897 atque
1236 833 1361 878 etiam
1396 846 1564 893 augeret
1587 866 1600 886 ‚
1645 830 1674 876 si
1701 831 1869 891 quando
1899 829 2137 892 indiguisset
2169 833 2232 879 sui

139 904 341 967 Respubl.
378 902 561 960 Quidam
582 900 836 958 existimant,
870 900 1017 946 adultis
1040 903 1120 956 jam
1141 895 1325 959 Augusti
1342 893 1618 950 liberis,10c0
1641 899 1683 938 &
1710 895 1821 954 quasi
1847 893 2087 954 poffeffione
2115 894 2232 942 usur-

138 972 223 1030 pati
246 966 322 1013 ase
347 966 418 1013 diu
453 965 618 1011 secundi
652 965 800 1027 gradus
831 999 846 1022 ,
892 962 1035 1026 sponte
1066 960 1214 1006 ceffiss'e
1238 995 1252 1016 ‚
1298 959 1492 1019 exemplo
1526 958 1589 1002 M.
1618 958 1818 1019 Agrippae
1841 991 1854 1012 ,
1900 958 1978 1018 qui
2015 958 2077 1000 M.
2111 958 2231 1004 Mar.

138 1033 243 1077 cello
278 1031 326 1076 ad
361 1046 528 1075 munera
548 1028 713 1091 publica
743 1029 945 1083 admoto,
978 1027 1200 1087 Mitylenas
1241 1023 1417 1069 abierit:
1467 1037 1520 1066 ne
1555 1035 1623 1066 aut
1656 1018 1816 1065 obstare
1843 1055 1856 1075 ‚
1902 1033 1970 1064 aut
2002 1020 2229 1067 obtreetare

136 1093 306 1157 praesens
339 1093 555 1142 videretur.
601 1098 742 1152 Quam
776 1091 949 1138 cauffam
973 1087 1126 1152 &ipse
1148 1124 1162 1145 ‚
1209 1087 1276 1135 sed
1311 1084 1479 1149 postea,
1526 1084 1716 1130 reddidit.
1754 1085 1882 1129 Tunc
1928 1098 2066 1129 autem
2087 1082 2229 1129 hono-

135 1234 247 1284 prima
265 1245 351 1272 vero
364 1230 446 1270 iilius
463 1232 618 1279 trajeetio
634 1231 752 1269 Rheni
771 1242 811 1268 ea
829 1228 897 1275 est,
925 1240 1032 1280 quam
1049 1225 1151 1264 refert

136 1287 207 1321 Dio
225 1285 260 1320 in
277 1284 359 1320 astis
375 1283 456 1319 anni
477 1293 660 1319 nccxtvi.

189 1331 364 1381 Breucos.]
394 1332 531 1369 Viterb.
552 1336 590 1369 ὃς
618 1331 696 1369 Liss.
721 1336 866 1368 Brennos
883 1345 893 1364 :
931 1329 1151 1366 Memmii&

136 1384 280 1427 Pithoei,
305 1389 454 1419 Breucos.
481 1382 546 1418 Alii
564 1388 712 1419 Brencos.
743 1381 875 1418 Eadem
893 1378 1068 1418 diversitas
1087 1379 1151 1415 ob-

135 1432 266 1471 servata
282 1432 384 1470 nobis
404 1433 440 1469 in
467 1443 562 1473 veter
582 1445 593 1469 ι
622 1431 723 1469 codd.
750 1434 953 1469 Graecorum
975 1428 1152 1467 historico-

137 1496 226 1519 rum.

450 1545 484 1578 T
512 1554 536 1578 0
565 1553 587 1577 a
620 1555 646 1578 rt
673 1551 694 1577 E
722 1553 747 1578 N
779 1552 814 1578 τ.

192 1595 313 1628 Ovans
329 1590 382 1634 Εἴ
410 1589 548 1639 curru.]
577 1595 620 1627 Et
639 1591 754 1629 ovavit
780 1591 878 1640 igitur
897 1587 939 1626 de
955 1588 1148 1632 Dahnatis,

133 1643 172 1678 ὅ(
188 1642 409 1690 triumphavit
426 1642 468 1677 de
487 1642 684 1678 Germanis..
694 1639 740 1677 fic
759 1642 852 1677 enim
870 1640 957 1690 Aug.
973 1651 1048 1687 cap.
1060 1652 1147 1676 xx11.

132 1691 190 1727 Bis
208 1703 314 1725 ovans
330 1691 485 1738 ingressus
502 1690 544 1736 est
561 1690 680 1726 Urbem
699 1718 711 1733 ‚
738 1691 864 1727 curules
882 1690 1067 1738 triumphos
1083 1699 1149 1726 tres

130 1739 205 1787 egit.
233 1737 403 1788 siquidem
421 1741 540 1777 ovatio
559 1743 596 1776 ὅ(
616 1739 684 1789 ipsa
701 1740 894 1790 triumphus
913 1739 981 1784 est,
1009 1738 1067 1776 sed
1085 1741 1151 1777 mi-

129 1801 206 1825 nor.
238 1789 325 1826 Ideo
342 1789 495 1839 primum
515 1789 678 1839 pedibus,
707 1790 832 1827 deinde
848 1803 958 1840 equo,
971 1802 1149 1840 nunquam

130 1850 216 1876 vero
236 1851 334 1875 curru
350 1840 437 1876 asta.
470 1842 548 1876 Nec
565 1851 677 1876 taurus
694 1841 728 1877 in
749 1853 811 1885 ea,
841 1854 917 1890 quae
934 1841 1088 1877 maxima
1101 1840 1148 1877 est

128 1888 289 1932 vidtima,
317 1887 375 1925 sed
396 1890 494 1932 ovis,
513 1889 603 1926 unde
619 1894 656 1926 δε
673 1904 807 1928 nomen
827 1891 944 1934 traxit,
970 1890 1147 1927 immolari

128 1936 235 1975 solita.
290 1942 425 1986 Myrtea
444 1953 582 1990 quoque
601 1953 752 1985 corona,
779 1942 911 1979 Veneri
930 1941 1020 1979 sacra
1036 1969 1048 1985 ,
1073 1953 1148 1978 non

128 1986 262 2033 laurea,
287 1991 422 2029 ovantis
446 1991 547 2040 capiti
562 1991 817 2041 imponebatur.

180 2039 321 2076 Primus
347 2049 386 2075 ut
412 2040 555 2090 quidam
569 2044 738 2088 putant.]
770 2043 882 2079 Reste
908 2040 1084 2085 additum,
1108 2052 1147 2078 ut

127 2088 417 2138 quidam—putant.
446 2102 531 2127 nam
545 2103 619 2127 non
637 2091 803 2135 Tiberio,
829 2091 887 2128 sed
905 2092 1065 2142 Agrippae
1105 2092 1148 2128 ri-

129 2151 193 2176 mo
218 2140 433 2191 triumphalia
458 2153 663 2178 ornamenta
686 2169 698 2186 ,
733 2140 759 2177 fi
776 2143 886 2179 Dioni
905 2141 1056 2192 scriptori
1098 2142 1146 2178 ili-

126 2189 326 2238 gentiffimo
347 2191 517 2228 credimus
536 2220 548 2236 ,
588 2191 648 2228 sub
669 2192 821 2242 Augusto
839 2192 975 2229 decreta
996 2190 1141 2230 fuerunt.

128 2239 239 2288 quue
258 2244 295 2277 ὃ(
313 2255 353 2278 ex
371 2243 534 2279 Suetonio
558 2240 778 2279 manifestum
801 2243 848 2280 est
866 2271 878 2286 ,
908 2243 966 2292 qui
979 2256 1060 2280 cum
1077 2243 1145 2280 Au-

129 2291 266 2337 gustum
287 2291 463 2342 plusquam
479 2306 544 2330 xxx
570 2291 712 2329 ducibus
730 2293 834 2339 justos
859 2292 1074 2342 triumphos,
1106 2296 1144 2330 ὅ(

129 2338 302 2394 aliquanto
318 2341 465 2390 pluribus
482 2342 698 2393 triumphalia
716 2354 923 2380 ornamenta
939 2343 1076 2381 decerni
1087 2356 1145 2381 cu-

129 2389 213 2425 rasse
232 2389 412 2440 scripserit,
439 2390 512 2429 fieri
529 2395 666 2443 nequit,
684 2405 720 2430 ut
735 2407 811 2431 non
826 2394 924 2433 multi
942 2405 1021 2431 ante
1039 2393 1144 2431 Tibe-

131 2439 219 2475 rium
240 2451 280 2476 ea
299 2439 362 2477 sint
381 2441 559 2481 consecuti.
593 2446 710 2492 Quare
728 2443 898 2488 adducor,
923 2456 959 2482 ut
965 2445 1063 2491 prius
1082 2458 1144 2493 pro

121 2490 275 2536 primus,
297 2491 597 2540 quemadmodum
615 2495 651 2531 in
668 2495 775 2533 veteri
788 2495 952 2545 'quodam
969 2493 1048 2532 cod.
1068 2494 1144 2531 scri-

131 2538 438 2590 bitur-,legendum
450 2541 502 2578 hic
520 2542 584 2579 esse
603 2543 826 2590 censeam3ut
839 2557 918 2582 ante
936 2546 1141 2582 ovationem

128 2588 251 2626 scilicet
263 2603 305 2627 ac
325 2592 537 2641 triumphum
553 2605 757 2630 ornamenta
774 2594 988 2645 triumphalia
999 2607 1143 2643 accepe-

129 2639 190 2683 rit,
220 2641 347 2678 eodem
373 2654 501 2693 nempe
518 2653 676 2692 tempore
693 2671 704 2686 ,
733 2657 802 2693 quo
819 2644 912 2681 fratri
939 2646 1010 2691 ejus
1027 2644 1140 2681 Druso

128 2689 265 2727 decreta
282 2690 396 2736 fuere,
425 2694 467 2730 A.
489 2696 532 2728 U.
556 2703 699 2728 Dccxti
714 2706 740 2729 1.

183 2742 412 2778 Tribu‘nitiasn
422 2740 558 2791 potest.]
587 2745 670 2790 Qio
696 2742 730 2778 id
754 2754 912 2794 tempore
941 2745 1139 2794 contigerit,

128 2789 205 2828 vide
222 2793 398 2842 sigonium
411 2820 422 2835 ,
449 2792 493 2829 ad
511 2793 551 2829 A.
571 2795 614 2828 U.
632 2803 751 2829 Decii
767 2808 794 2830 1.
1099 2822 1102 2825 -

190 2855 242 2878 10.
266 2848 396 2891 Integra
412 2853 504 2879 <etate
523 2854 564 2879 ac
581 2843 686 2880 vallet.
697 2844 882 2893 prospera]
913 2844 1001 2881 Dele
1014 2845 1139 2894 prospe-

126 2903 189 2934 ra,
217 2903 254 2928 ut
271 2904 337 2929 tres
358 2906 439 2931 MSS.

177 2947 293 2991 Neque
310 2942 402 2980 ultra
420 2940 602 2994 per-serra]
644 2942 748 2980 Liber
768 2955 838 2995 opt.
857 2944 971 2991 ferre,
1000 2947 1037 2982 ὃ(
1059 2944 1139 2982 sane

130 2991 261 3030 melius.

183 3042 341 3092 Exemplo
359 3048 412 3081 M.
436 3044 624 3093 Agrzppae.]
656 3045 742 3095 Aug.
762 3057 835 3096 cap.
849 3057 952 3084 txvi.

2134 1164 2227 1194 rum

1258 1225 1323 1261 Sed
1341 1223 1449 1272 postea
1478 1222 1668 1270 reddidit]
1714 1221 1857 1260 Mallem
1879 1219 1992 1259 abeffiz
2021 1220 2225 1271 particulam

1195 1273 1269 1322 sed.
1299 1274 1393 1314 Vide
1413 1274 1586 1311 Tacitum.

1518 1336 1548 1369 C
1578 1346 1599 1369 A
1626 1346 1642 1368 s
1670 1344 1691 1368 Α
1720 1345 1745 1368 υ
1774 1344 1793 1368 Β
1821 1345 1845 1369 0
1873 1345 1910 1370 N.

1256 1388 1327 1419 XL.
1346 1381 1492 1430 milla]
1520 1386 1601 1420 Sunt
1620 1382 1776 1426 codices,
1794 1383 1829 1418 in
1846 1382 1968 1433 quibus
1987 1381 2146 1432 scriptum
2164 1393 2221 1420 cx.

1203 1434 1416 1483 perperam':
1459 1445 1579 1483 praeter
1605 1433 1744 1483 scriptos
1771 1432 1874 1470 codd.
1899 1434 2079 1483 Eutropius
2107 1430 2225 1470 firmat

1203 1486 1291 1519 hanc
1308 1483 1506 1520 leffionem.

1259 1534 1400 1583 Trqiecit
1419 1533 1456 1569 in
1472 1532 1659 1581 Galliam]
1691 1532 1783 1571 Vide
1799 1532 1843 1570 ad
1869 1532 1926 1571 lib.
1947 1533 2124 1585 superioris
2143 1545 2218 1585 cap.

1201 1597 1279 1620 xxi.
1896 1619 1904 1627 ,

1256 1638 1302 1669 Et
1319 1635 1466 1684 ovam]
1496 1636 1567 1672 Dio
1586 1633 1639 1671 lib.
1654 1646 1709 1673 tv.
1739 1636 1774 1671 in
1794 1645 1889 1671 anno
1911 1645 2072 1672 nccxtv.
2099 1634 2141 1669 ‘O
2163 1640 2223 1671 Te-

1200 1683 1308 1732 βὲρίος
1319 1688 1381 1722 τῶν
1401 1701 1435 1720 τε
1448 1687 1640 1728 Δαλματῶν
1660 1685 1720 1720 καὶ
1740 1686 1803 1721 τᾶν
1813 1685 1988 1722 Παννονίαν
2005 1683 2222 1724 &aramme-dr·

1201 1749 1261 1770 των
1280 1735 1311 1770 τὶ
1333 1732 1457 1779 οἶυθις,
1488 1735 1681 1783 κρατήσεις,
1700 1733 1745 1769 τοὶ
1764 1734 1821 1770 ἐπὶ
1844 1736 1891 1771 Tg:
1909 1734 2047 1774 κέλητας
2068 1733 2220 1772 ε’πινίκιοε

1201 1782 1359 1832 ἔπεμψε.
1389 1786 1480 1822 Vide
1502 1786 1654 1824 eundem
1673 1789 1711 1821 &
1730 1783 1789 1821 sub
1809 1784 1920 1821 finem
1939 1784 1995 1821 lib.
2020 1785 2149 1835 prioris.

1255 1840 1300 1872 Et
1317 1850 1418 1873 curru
1435 1837 1550 1874 urbem
1569 1835 1724 1884 ingreffits
1743 1835 1817 1881 cst.]
1847 1834 1926 1871 Kal.
1946 1833 2024 1883 ipsis
2040 1835 2218 1878 Januariis,

1200 1896 1294 1923 anno
1315 1885 1504 1924 consulatus
1534 1886 1584 1924 sui
1602 1885 1739 1923 secundi
1756 1888 1793 1920 δε
1817 1887 1884 1921 Cn.
1915 1884 2045 1921 Pisonis
2061 1911 2073 1928 ,
2110 1889 2153 1922 U.
2175 1888 2219 1924 C.

1202 1946 1369 1976 DCCXLvi
1382 1952 1410 1975 1.
1436 1938 1508 1973 Dio
1527 1935 1584 1974 lib.
1596 1948 1653 1973 LV.
1680 1939 1718 1971 ὃ(
1736 1933 1900 1981 Velleius.

1252 1991 1370 2023 littam
1398 1987 1616 2023 tribunitiam
1641 1984 1837 2034 potestatem
1870 1986 1907 2021 in
1946 1985 2218 2036 quinquennium

1198 2036 1350 2085 accepit]
1375 2037 1521 2076 Videtur
1538 2036 1652 2076 dicere
1670 2036 1850 2072 Suetonius
1861 2062 1873 2078 ,
1887 2035 2039 2073 delatam
2055 2033 2148 2073 fuiffe
2158 2036 2220 2072 Ti-

1200 2085 1297 2123 berio
1322 2086 1532 2124 tribunitiam
1563 2085 1771 2136 potestatem
1795 2098 1889 2123 anno
1917 2097 2151 2125 Dccxtvui.
2180 2087 2217 2124 in

1197 2149 1302 2186 quem
1316 2138 1433 2175 incidit
1449 2137 1532 2174 alter
1551 2138 1622 2183 ejus
1640 2135 1838 2174 consulatus.
1865 2137 1936 2173 Dio
1963 2136 2088 2174 lib.Lv.
2114 2137 2150 2172 in
2168 2135 2217 2172 se-

1196 2199 1360 2237 quentem
1371 2200 1505 2225 annum
1524 2187 1662 2234 conjicit
1674 2202 1683 2224 ε
1695 2198 1734 2223 ac
1746 2186 1859 2223 statim
1875 2199 2017 2236 accepta
2036 2185 2214 2224 tribunicia

1197 2238 1362 2288 potestate
1381 2238 1551 2276 Rhodum
1570 2235 1730 2274 secessiffe
1748 2237 1883 2274 indicat.
1914 2239 2033 2285 Qare
2051 2237 2214 2276 ordinem

1196 2300 1402 2338 temporum
1421 2288 1565 2340 sequitur
1582 2288 1771 2324 Suetonius.

1256 2353 1309 2376 10.
1337 2343 1450 2377 Vitato
1462 2339 1662 2387 affiduitatis
1672 2337 1850 2386 fastidia]
1871 2337 2058 2388 Aliquoties
2080 2336 2147 2374 hoc
2164 2335 2214 2374 fa·

1197 2390 1294 2427 stum
1312 2389 1357 2428 ab
1368 2390 1519 2441 Augusto
1532 2399 1630 2427 notat
1645 2389 1717 2424 Dio
1726 2415 1738 2431 ,
1750 2398 1785 2426 ut
1795 2389 1830 2425 in
1842 2401 1935 2427 anno
1956 2400 2142 2426 Dccxxxvi
2157 2402 2166 2425 1
2181 2403 2209 2425 1.

1197 2453 1278 2477 cum
1293 2441 1376 2479 abiit
1393 2443 1427 2478 in
1445 2439 1578 2477 Gallias.
1622 2438 1681 2478 Εἰς
1697 2435 1752 2478 viv
1771 2439 1972 2482 Γαλατίαν,
2000 2440 2126 2491 inquit,
2155 2436 2213 2486 ὦρ-

1196 2506 1283 2535 pon-e
1306 2492 1478 2541 πρόφασιν
1495 2488 1558 2530 τές
1581 2487 1740 2532 πολέμες
1761 2488 1823 2529 τές
1850 2489 1928 2525 κατ’
1945 2490 2046 2525 ἐκεῖνο
2067 2488 2211 2528 κινηθέν-

1196 2556 1257 2581 τσις
1275 2541 1411 2586 λοιέὼν,
1423 2539 1543 2581 {macla}
1561 2539 1731 2585 {mx-9234
1747 2542 1890 2579 πολλοῖς
1911 2540 1949 2575 ἐκ
1967 2539 2023 2579 τῆς
2044 2540 2072 2575 ἐν
2092 2539 2212 2586 τῄπᾶ.

1194 2600 1246 2627 >tec
1266 2591 1386 2639 χρονιέ
1410 2589 1585 2640 ἓιοιτριςῆς
1612 2588 1774 2632 ivry-‘ven
1834 2590 1944 2640 Atque
1965 2589 2030 2625 hoc
2050 2590 2135 2624 inter
2158 2590 2208 2624 in·-

1192 2640 1378 2679 strumenta
1390 2640 1631 2680 conservanda:
1647 2638 1880 2689 augendaeque
1899 2639 2107 2686 majestatisa
2120 2637 2208 2676 niul-

1191 2692 1231 2728 tis
1247 2691 1371 2730 scimus
1388 2696 1424 2729 ὃ(
1443 2692 1604 2729 traditum
1626 2694 1662 2727 ὅ(
1678 2689 1883 2737 usurpatum.
2206 2717 2211 2721 .

1244 2743 1399 2790 Qidam
1421 2740 1653 2789 existiman]
1685 2742 1770 2776 Haec
1802 2737 1910 2775 cautla
1936 2739 2042 2790 vulgo
2066 2737 2202 2778 credita.

1189 2793 1261 2829 Dio
1279 2793 1371 2830 disto
1388 2787 1486 2835 loco,
1507 2795 1543 2829 ὃς
1564 2790 1715 2828 {imiliter
1736 2788 1886 2835 Velleius
1905 2804 1957 2827 ιι.
1969 2804 2036 2834 99:
2055 2793 2145 2826 Cum
2158 2794 2199 2827 (Γ,

1188 2842 1295 2889 Caesar
1305 2842 1485 2892 firmpfiffit
1496 2855 1573 2891 jam
1591 2840 1733 2877 virilem
1749 2849 1883 2887 togam,
1898 2840 2019 2876 Lucius
2033 2840 2116 2875 item
2132 2853 2206 2875 miz--

1189 2902 1285 2929 turus
1302 2895 1374 2943 esset
1399 2893 1485 2928 viris
1499 2921 1512 2936 ,
1542 2905 1582 2927 ne
1595 2890 1710 2940 fulgor
1727 2888 1806 2935 ficus
1831 2890 2011 2926 orientium
2033 2891 2203 2938 juvenum

1187 2944 1324 2990 obstaret
1343 2943 1451 2981 initiis
1462 2940 1688 2990 ,dissimulata
1700 2939 1808 2988 cauſjbz
1826 2939 1949 2990 confilli
1957 2940 2029 2988 fizi,
2042 2951 2206 2975 commm-

1187 3005 1262 3030 tum
1278 2995 1321 3030 ab
1337 2996 1441 3040 socero
1463 3002 1565 3041 atque
1582 2993 1694 3028 eodem
1710 2989 1834 3028 vitrico
1853 2990 2077 3041 acquiescendi
2094 3002 2117 3025 a
2130 3002 2201 3026 con·

1186 3046 1372 3082 tinuatione
1390 3043 1542 3081 laborum
1553 3043 1664 3094 petiit.
2040 3092 2075 3129 T

2110 3101 2132 3125 o
2163 3099 2205 3125 no

1711 3093 1788 3143 (ζῆ

135 3139 545 3189 (a)-A.U.C.DCCXXXI.
565 3157 813 3187 nccxxxriti.
835 3158 971 3185 Dccxr..
996 3157 1164 3189 Dccxtvi
1181 3159 1215 3184 1.
1236 3155 1478 3185 nccxtviii.
