2504 3425
297 219 380 274 -94
756 191 1929 252 PEAEfATioA.POL1T1A'N1

299 291 388 345 sed
414 293 563 365 plane
590 290 870 363 perversum
907 324 920 346 ‚
972 285 1037 337 sic
1069 298 1124 336 ut
1153 303 1213 335 ne
1240 285 1511 336 minimum
1542 283 1757 353 quidem
1785 284 1985 337 alterius
2010 284 2280 360 vestigium
2306 285 2362 338 in

297 367 461 418 altero
477 375 737 434 appareret
752 400 763 419 ‚
804 357 975 423 nihilo>
984 373 1149 409 tamen
1166 356 1324 409 secius
1342 398 1356 418 ‚
1399 374 1514 427 quae
1526 355 1597 407 est
1611 354 1906 407 hominibus
1923 358 2106 410 duritia
2119 362 2220 412 oris
2235 399 2250 422 ,
2288 377 2361 411 ar-

297 457 476 509 rogare
491 437 578 488 libi
592 430 932 486 venerandum
951 428 1250 500 philosophi
1267 447 1452 481 nomen
1471 427 1606 480 haud
1618 425 1932 480 erubescunt.
2009 428 2109 481 Sed
2121 431 2364 501 quorsum

299 528 399 582 ego
431 509 539 559 haec
564 516 580 558 ?
620 523 739 556 cum
770 503 863 555 sint
880 541 895 565 ‚
934 503 1015 555 vel
1051 502 1133 554 isti
1167 504 1218 554 in
1246 502 1425 573 primis
1440 543 1451 560 ‚
1496 501 1684 572 quibus
1711 499 1881 553 insana
1908 499 1963 551 in
1990 503 2253 570 gymnasiis
2269 503 2365 556 sint

298 579 461 651 polita
485 579 689 649 praemia
705 615 721 639 ‚
760 590 819 628 ut
841 590 980 628 tanta
1007 575 1238 628 mercede
1258 575 1430 627 Latini
1448 574 1673 626 hominis
1689 572 1814 626 nihil
1830 573 1996 644 sapere
2008 570 2199 626 discant
2209 576 2366 628 etiam

297 672 326 704 a
354 652 568 704 barbaris
585 687 601 712 ‚
642 669 700 702 cu
711 668 760 701 m
776 651 979 719 jaceant
997 691 1009 711 ,
1053 667 1148 720 pro
1164 648 1415 700 dedecus!
1439 652 1491 699 &
1509 646 1762 719 neglectui
1780 645 2055 698 habeantur
2069 643 2216 697 bonae
2231 683 2246 708 ‚
2264 646 2369 699 hoe

292 723 369 776 est
386 763 399 786 ,
432 727 680 777 Romanae
693 723 850 775 litera>
868 760 883 784 ,
912 726 963 774 &
982 740 1096 791 quae
1111 738 1310 773 exerere
1326 734 1482 791 caput
1494 733 1649 790 atque
1665 719 1894 771 attollere
1907 716 2175 790 paululum
2190 719 2369 771 oculos

295 796 551 868 superiore
581 795 750 849 seculo
775 792 1047 866 coepissent
1063 832 1077 856 ,
1117 795 1372 846 neminem
1394 797 1503 864 jam
1517 795 1771 863 reliquum
1787 831 1802 852 ‚
1846 807 1932 843 aut
1945 790 2056 843 sane
2071 808 2229 862 quam
2245 808 2370 862 pau-

295 888 385 921 cos
401 870 587 922 habent
603 907 620 932 ,
656 868 752 940 qui
765 866 1021 926 sublevare
1035 883 1113 919 eas
1132 905 1145 927 ,
1185 868 1278 938 qui
1293 868 1480 939 erigere
1497 865 1758 937 prostratas
1776 879 2042 917 conentur.
2101 866 2236 935 Qiae
2249 863 2368 934 qui-

296 942 418 995 dem
446 942 550 994 laus
565 943 772 1014 propria
784 938 880 993 effe
895 939 1065 993 vestrae
1080 938 1163 1008 huj
1172 958 1225 991 us
1245 938 1569 1010 Reipublicae
1584 938 1762 990 debuit
1780 975 1795 999 ,
1834 937 2124 990 Florentini
2139 974 2156 1000 ,
2195 949 2252 989 ut
2265 954 2370 1006 qua

294 1015 349 1068 in
386 1017 592 1067 civitate
619 1032 782 1085 nuper
805 1031 876 1064 eae
910 1011 1024 1065 sunt
1037 1012 1383 1064 renataeliterae
1398 1049 1413 1074 ‚
1453 1012 1507 1063 in
1519 1011 1696 1063 eadem
1709 1011 1864 1062 etiam
1880 1010 2127 1062 alerentur
2142 1047 2159 1071 ,
2196 1008 2369 1062 adole-

296 1086 614 1158 scerentque,
636 1085 1012 1158 pristinumque
1028 1087 1258 1154 vigorem
1275 1083 1569 1153 aliquandO,
1587 1097 1742 1153 atque
1757 1083 2021 1152 antiquam
2033 1082 2280 1135 virtutem
2293 1099 2369 1134 re-

296 1174 608 1232 cuperarent.
686 1159 786 1210 Sed
814 1158 965 1209 redeo
992 1157 1127 1209 unde
1143 1154 1387 1227 digressus
1400 1155 1508 1208 sum
1524 1193 1540 1217 ,
1578 1173 1642 1208 ne
1658 1155 1763 1225 ipsa
1777 1155 1991 1224 quidem
2007 1153 2338 1226 philosophia
2352 1191 2372 1218 ‚

297 1234 508 1303 inquam
537 1269 553 1294 ,
608 1230 706 1282 sine
734 1228 957 1281 historiae
995 1229 1314 1281 adminiculo
1343 1227 1487 1280 suum
1513 1226 1713 1280 cursum
1736 1227 1931 1280 tenebit
1958 1246 2188 1299 unquam
2205 1264 2221 1290 ,
2262 1245 2368 1281 non

295 1307 462 1377 magis
502 1322 656 1375 quam
696 1301 797 1356 sine
833 1302 957 1354 velis
994 1315 1157 1354 nautae
1198 1316 1354 1373 atque
1396 1302 1616 1372 remigio
1642 1338 1659 1363 ,
1707 1313 1869 1371 utque
1905 1301 2158 1354 valentius
2197 1297 2368 1352 effica-

294 1378 510 1449 ciusque
532 1376 754 1430 docendi
779 1393 936 1447 genus
964 1393 1052 1446 per
1077 1376 1346 1446 exempla,
1387 1392 1544 1444 quam
1570 1391 1660 1445 per
1685 1386 1938 1444 praecepta
1962 1371 2058 1424 effe
2083 1391 2234 1424 nemo
2262 1391 2369 1426 non

294 1449 513 1504 fateatur
526 1488 542 1513 ,
581 1450 649 1502 ita
664 1449 918 1521 prolixius
934 1447 1213 1500 humanum
1229 1464 1387 1520 genus
1403 1446 1608 1500 historia
1625 1485 1641 1509 ,
1679 1465 1836 1517 quam
1852 1444 2186 1516 philosophia
2197 1445 2369 1499 deme·

295 1539 448 1576 retur.
527 1526 606 1576 Ac
633 1520 1018 1594 philosophiam
1048 1521 1264 1592 quidem
1297 1521 1448 1573 multi
1473 1538 1566 1572 ceu
1594 1518 1792 1590 prorsus
1808 1518 2045 1571 inutilem
2062 1559 2076 1581 ‚
2118 1522 2170 1570 &
2201 1534 2370 1589 neque

294 1596 689 1667 imperantibuS,
730 1613 897 1666 neque
929 1594 1327 1666 Rempublicarn
1343 1591 1812 1646 administrantibus
1837 1589 2280 1644 accommodatam
2295 1608 2371 1643 re-

294 1669 670 1740 prehenderunt
684 1711 698 1732 ‚
740 1668 892 1720 multi
908 1668 1062 1719 etiam
1077 1668 1279 1739 gravius
1294 1665 1520 1719 insectati
1536 1667 1703 1719 verbis
1718 1703 1734 1729 ,
1775 1662 2076 1718 incesserunt
2091 1702 2105 1726 ,
2131 1663 2370 1716 nonnulli

294 1757 464 1796 autem
482 1781 495 1804 ,
534 1743 662 1794 inter
677 1759 808 1813 quos
825 1741 1018 1796 Cicero
1034 1778 1047 1801 ‚
1075 1754 1488 1812 propugnarunt:
1520 1738 1778 1792 historiam
1795 1755 1948 1790 nemo
1962 1738 2071 1810 agit
2086 1754 2217 1789 ream
2233 1778 2245 1796 ‚
2281 1754 2368 1789 ne-

294 1833 384 1868 mo
400 1815 620 1867 offendit
633 1852 650 1877 ,
688 1814 878 1867 nullius
894 1815 1091 1884 quippe
1108 1813 1452 1883 patrocinium
1468 1851 1485 1876 ,
1523 1832 1639 1885 quae
1655 1811 1713 1865 sit
1726 1809 2155 1872 innocentissima,
2171 1806 2367 1862 defide-

294 1902 371 1939 rat
383 1925 397 1949 ‚
438 1887 585 1939 nullis
602 1889 708 1958 peti
725 1887 1008 1940 maledistis
1024 1888 1199 1956 potuit
1215 1923 1230 1947 ,
1251 1905 1366 1958 quae
1382 1885 1753 1957 praeclarissime
1766 1883 1831 1936 de
1846 1882 2076 1936 universo
2093 1882 2367 1934 hominum

293 1978 482 2031 genere
510 1958 570 2012 sit
600 1961 790 2012 merita.
869 1962 911 2011 A
919 1978 980 2028 ge
995 1977 1116 2011 vero
1132 1960 1259 2030 quid
1274 1960 1446 2011 dicam
1463 1959 1527 2012 de
1542 1958 1729 2012 artibus
1741 1957 1932 2010 caeteris
1961 1965 1979 2008 ?
2018 1956 2236 2027 quarum
2250 1972 2364 2024 par-

295 2033 396 2085 tim
420 2033 485 2084 ad
500 2031 798 2085 felicitatem
814 2031 940 2083 nihil
957 2033 1174 2102 pertinet
1189 2070 1205 2094 ,
1229 2033 1417 2103 partim
1457 2031 1487 2102 <
1501 2046 1556 2084 ut
1572 2030 1744 2102 inquit
1758 2028 1890 2100 ille)
1931 2028 2046 2100 plus
2057 2029 2194 2081 aloes
2209 2043 2367 2097 quam

294 2105 459 2157 mellis
488 2105 639 2157 habet
669 2143 685 2167 ,
735 2123 901 2174 neque
928 2118 1093 2156 tantos
1115 2102 1228 2156 usus
1272 2104 1568 2157 hominibus
1584 2142 1600 2167 ,
1638 2116 1826 2173 quanta
1849 2100 1994 2153 affert
2026 2100 2332 2153 detrimenta
2347 2135 2366 2163 ,

293 2179 535 2247 quaedam
558 2179 715 2231 etiam
740 2178 958 2238 docent,
999 2195 1102 2228 non
1132 2190 1237 2229 tam
1261 2195 1369 2246 quo
1399 2177 1552 2248 paeto
1576 2176 1768 2246 erigere
1795 2191 1972 2225 verum
1986 2172 2139 2244 poss'is
2154 2210 2169 2235 ,
2206 2185 2365 2241 atque

293 2249 511 2304 fundare
528 2288 542 2313 ‚
579 2268 738 2321 quam
751 2248 1020 2321 quomodo
1038 2248 1346 2319 prosternere
1359 2268 1417 2301 ac
1431 2248 1680 2302 demoliri.
1745 2245 1977 2299 Historia
1994 2250 2045 2297 ὃς
2061 2244 2366 2298 felicitatem

292 2325 568 2395 participat
583 2323 731 2375 nobis
744 2364 758 2384 ‚
783 2327 834 2374 &
846 2323 974 2375 citra
988 2322 1151 2374 ullum
1167 2335 1534 2374 nocumentum
1549 2318 1756 2393 prodest
1770 2318 1969 2371 homini
1986 2355 2001 2379 ,
2029 2321 2082 2371 &
2096 2318 2365 2370 veritatem

291 2395 452 2466 ipsam
464 2397 608 2458 veliS‚
627 2394 874 2466 equisque
900 2395 930 2467 ξ
945 2394 1088 2465 quod
1106 2393 1288 2464 ajunt)
1319 2394 1449 2447 inter
1464 2395 1629 2465 prima
1644 2390 1992 2464 prosequitur:
2027 2402 2363 2462 quapropter,

291 2483 350 2521 ut
364 2471 414 2521 in
432 2488 592 2542 pauca
608 2466 864 2520 con-feram
881 2505 895 2530 ‚
923 2486 1036 2520 vere
1051 2467 1152 2519 hoc
1167 2466 1293 2518 mihi
1306 2467 1487 2520 videor
1501 2464 1596 2518 effe
1610 2466 1837 2519 dicturus
1851 2505 1862 2523 ‚
1894 2462 2087 2515 nullius
2099 2475 2186 2515 aut
2199 2461 2360 2515 facul-

288 2543 409 2596 tatis
426 2580 441 2604 ,
481 2557 567 2595 aut
588 2540 873 2611 disciplinae
889 2554 1081 2592 tantam
1093 2539 1364 2592 utilitatem
1381 2580 1397 2600 ,
1429 2553 1673 2609 quantam
1686 2536 1906 2589 historiae
1921 2534 2147 2589 existere.
2215 2534 2362 2589 Nam

290 2632 412 2667 cum
430 2630 672 2686 perpetua
688 2614 917 2685 stigmata
935 2614 1100 2667 inurat
1115 2613 1359 2685 improbis
1376 2650 1390 2674 ,
1429 2630 1550 2664 cum
1567 2611 1866 2682 sempiterna
1883 2609 2043 2680 gloria
2058 2606 2247 2661 afficiat
2260 2608 2355 2660 bo-

290 2705 384 2739 nos
401 2726 414 2748 ‚
443 2688 557 2740 illos
571 2709 597 2740 a
613 2688 755 2739 malis
770 2686 957 2738 artibus
971 2701 1108 2738 metu
1121 2686 1388 2738 dedecoris
1402 2683 1681 2745 absterreat,
1694 2683 1787 2734 hos
1801 2681 1864 2735 ad
1881 2681 2114 2751 praeclara
2128 2678 2356 2733 facinora

292 2757 378 2828 spe
394 2761 554 2813 laudis
568 2761 864 2813 adhortetur
879 2797 894 2821 ,
921 2777 1103 2830 magna
1117 2760 1299 2811 merito
1311 2776 1378 2811 ex
1393 2771 1533 2828 parte
1545 2754 1939 2829 praestantissima
1952 2772 2174 2826 quaeque
2187 2749 2356 2804 excel-

291 2831 509 2882 lentium
526 2835 801 2885 v'erirorum
817 2831 1386 2902 opera,di5ta,fac‘taque
1401 2829 1491 2901 ipsi
1508 2845 1716 2900 accepta
1730 2827 2003 2881 referentur
2019 2820 2355 2879 historiae.Sed

287 2904 538 2972 quoniam
556 2906 619 2955 de
634 2925 689 2956 ea
702 2903 925 2957 universa
937 2903 1047 2956 satis
1086 2907 1115 2974 ζ
1132 2906 1183 2957 ni
1199 2902 1385 2971 fallor)
1417 2922 1512 2974 pro
1528 2918 1762 2973 tempore
1776 2902 1939 2954 locuti
1954 2899 2121 2952 sumus
2135 2935 2151 2960 ‚
2189 2911 2348 2966 pauca

287 2975 448 3028 etiam
460 2974 524 3024 de
540 2975 804 3029 illustrium
820 2977 1038 3028 vitarum
1053 2977 1380 3048 scriptoribus
1396 2975 1867 3047 persequamur,qui
1881 2973 2005 3025 mihi
2017 2969 2228 3041 quidem
2243 2978 2352 3045 tan-

285 3061 352 3102 so
381 3064 467 3101 eos
489 3048 784 3102 antecellere
809 3049 1077 3114 videntur,
1117 3068 1210 3121 qui
1238 3047 1569 3104 multifariam
1585 3048 1725 3101 illam
1739 3046 2011 3101 hominum
2025 3080 2042 3107 ‚
2080 3041 2349 3101 locorum,

2223 3123 2351 3162 tem-
