2504 3425
201 169 307 241 456
557 155 1937 221 C.SUET.TRANQU1LL1L11³.V.

207 259 385 304 hiberno
408 272 679 303 commeatus.
746 256 862 300 Nam
887 257 930 296 δέ
957 266 1009 294 ne
1042 248 1291 294 otiatoribus
1314 261 1421 293 certa
1439 247 1546 292 lucra
1566 246 1781 310 proposuit
1797 247 1980 312 suscepto
1997 249 2041 295 in
2064 246 2102 295 se
2121 247 2301 304 damn0,'

210 323 239 370 si
260 324 330 367 cui
355 321 454 385 quid
483 337 554 383 per
576 317 832 379 tempestates
853 313 978 360 accidi
1013 326 1076 356 etz
1118 315 1161 355 &
1177 328 1299 358 naves
1311 325 1545 356 mercaturae
1557 310 1685 357 caufl'a
1708 310 2003 359 fabricantibus
2025 329 2175 376 magna
2186 329 2304 359 com.-

213 387 336 431 moda
360 384 593 436 constituit,
628 398 701 442 pito
722 379 966 423 conditione
992 372 1187 435 cujusque
1202 411 1214 431 ,
1249 375 1331 420 civi
1355 375 1617 421 vacationem
1639 375 1744 438 legis
1767 377 1900 438 Papiae
1925 380 2126 439 Poppeae:
2149 379 2301 423 Latino

212 456 275 508 jus
294 452 532 506 Quiritum:
570 444 759 490 foeminis
783 447 846 497 jus
867 454 1044 503 quatuor
1067 437 1294 485 liberorum
1315 457 1326 484 z
1392 455 1452 485 uae
1476 436 1699 485 constituta
1723 436 1849 485 hodie
1873 438 2091 488 servantur.
2159 440 2302 503 Opera

215 531 364 577 magna
387 513 524 575 potius
547 524 672 570 quarn
698 503 914 551 necessaria
935 540 948 563 ,
984 519 1110 568 quam
1135 504 1264 550 multa
1290 520 1361 567 per
1385 503 1466 550 ecit
1487 521 1497 549 z
1541 501 1610 549 sed
1628 504 1695 550 vel
1719 504 1918 566 praecipua
1937 538 1949 560 ,
1993 519 2107 566 aquae
2132 504 2304 550 ductum

536 694 905 728 TonttENT.

274 770 310 801 ln
327 774 473 813 tempore
492 763 639 801 hiberno.
655 762 670 812 ]
702 762 807 802 Liber
824 774 896 815 opt.
923 763 1061 801 hiberno
1071 773 1235 814 tempore,

214 814 285 851 sine
305 816 340 851 {n
359 845 369 860 ‚
408 819 446 852 δε
465 827 550 853 mox
581 815 748 852 accideret
766 827 830 866 pro
848 815 1026 864 accidiffet.
1055 827 1237 867 utrumque

215 867 348 903 rectius.

268 915 452 965 Constituit
467 925 526 965 pro
551 915 738 952 conditione
747 913 901 966 cujufique
913 915 1009 954 civis.
1046 916 1233 955 LibriMss.

217 980 342 1003 omnes
358 997 370 1010 ,
401 969 446 1004 uti
465 971 503 1004 δε
520 966 672 1016 vulgati,
700 965 767 1003 hoc
786 969 821 1004 in
834 965 913 1003 loco
930 966 1080 1018 &orrupt'i
1096 968 1237 1018 suntper

218 1031 278 1055 eos
290 1047 300 1061 ,
318 1020 375 1068 qui
393 1019 502 1070 capita
518 1018 608 1054 male
628 1016 819 1055 distinxere.
865 1019 941 1068 Ego
958 1018 1106 1056 verbum
1124 1019 1237 1066 consti·

215 1071 282 1105 tuit
298 1069 503 1119 praecedenti
521 1069 623 1117 capiri
650 1067 825 1117 adiungo,
854 1066 977 1103 deinde
998 1066 1044 1104 sic
1063 1067 1163 1118 lego,
1176 1078 1237 1117 pro

216 1121 403 1156 conditione
418 1119 571 1169 cujusque
582 1147 594 1162 ,
621 1118 692 1154 civi
714 1117 929 1154 vacationem
946 1117 1022 1165 legis
1040 1119 1146 1166 Papia
1157 1125 1237 1166 Pop-

211 1177 274 1217 με
286 1197 297 1212 ,
327 1171 448 1205 Latino
476 1171 587 1218 (nam
606 1165 651 1203 sic
669 1168 798 1205 habent
814 1165 884 1203 duo
907 1179 984 1204 mss.
1007 1167 1234 1217 proLatinis)

207 1220 267 1268 jus
286 1219 478 1267 Qiriiinm
497 1247 509 1261 ,
523 1217 730 1267 Jhninisjus
752 1227 896 1267 quatuor
912 1215 1100 1256 liberorum.
1133 1231 1238 1257 naves

219 1270 314 1306 enim
333 1267 575 1306 firbricanrium
597 1281 660 1319 pro
690 1267 849 1319 cuiusque
875 1267 1073 1306 conditione
1097 1271 1240 1320 praemia

220 1319 382 1357 recenset.
418 1320 468 1357 Ac
489 1320 633 1370 proinde
651 1319 756 1356 etiam
770 1330 882 1356 cetera
899 1317 1005 1370 longe
1023 1319 1146 1357 melius
1158 1333 1241 1372 prae-

221 1369 352 1408 cedenti
368 1372 470 1420 capiti
489 1371 759 1408 annecterentur.
818 1372 875 1406 De
901 1368 977 1418 lege
1005 1372 1110 1422 PapIa
1138 1383 1240 1415 ante,

221 1421 308 1470 Aug.
321 1433 394 1472 cap.
404 1434 532 1460 xxxiv.
550 1432 717 1470 quantum
735 1420 811 1457 satis
827 1419 875 1456 est
889 1447 900 1463 ,
926 1417 1083 1458 diximus.
1141 1421 1241 1458 Civis

222 1471 451 1522 appellatione
471 1472 537 1509 hoc
556 1472 635 1508 loco
652 1470 805 1521 intelligo
822 1483 925 1513 eum,
950 1471 1010 1520 qui
1028 1473 1079 1516 jus
1097 1472 1241 1509 civitatis

221 1524 396 1559 Romanae
415 1521 559 1572 adeptus
575 1520 636 1565 sit,
665 1520 748 1568 justa
767 1533 808 1558 ac
829 1521 927 1572 plena
946 1520 1100 1558 libertate
1118 1534 1243 1559 manu-

221 1569 346 1609 miffus.
376 1585 459 1609 narn
475 1574 532 1622 qui
551 1573 682 1609 Latinae
698 1582 833 1609 tantum
852 1570 1059 1609 conditionis
1076 1583 1166 1616 erat,
1201 1585 1242 1609 ac

223 1622 365 1672 proinde
385 1625 457 1660 cive
475 1623 646 1667 deterior,
671 1624 697 1659 is
716 1635 805 1661 nave
824 1635 898 1659 non
915 1623 1139 1660 vacationem
1159 1623 1242 1673 legis
1262 1627 1264 1638 ²

678 1674 816 1723 (neque
835 1674 928 1709 enim
939 1684 1096 1721 poterat,
1116 1685 1242 1730 utputa
1263 1699 1266 1708 ,

221 1674 343 1723 Papiae
350 1673 624 1725 consequebatur
634 1702 645 1716 ‚

221 1723 372 1761 necdum
391 1725 473 1763 civis
489 1753 501 1769 ,
534 1735 591 1761 aut
613 1723 712 1773 plene
732 1722 838 1770 liber)
883 1722 939 1759 sed
960 1725 1010 1769 jus
1025 1725 1212 1772 Qiriuum
1229 1753 1241 1767 ,

221 1787 295 1823 quo
316 1775 396 1812 civis
415 1773 523 1812 fieret.
577 1775 686 1832 quue
707 1771 865 1811 sufficere
883 1772 1073 1812 videbatur.
1131 1774 1259 1811 Dedi--

224 1825 284 1860 titii
310 1838 395 1862 vero
439 1824 557 1875 (quod
579 1836 719 1861 tertium
756 1820 851 1861 fuiss'e
887 1823 1093 1861 libertorum
1129 1839 1240 1876 genus

226 1873 462 1921 ostendimus)
493 1887 529 1912 ut
543 1888 608 1911 nec
626 1875 766 1925 plenam
782 1873 977 1913 libertatem
989 1887 1143 1926 unquam
1161 1889 1244 1914 con-

227 1923 320 1975 sequi
337 1936 496 1976 poteranr
510 1953 522 1968 ,
569 1923 616 1961 fic
634 1938 745 1975 neque
767 1925 834 1962 ulla
851 1925 970 1976 legum
998 1927 1141 1977 praernia
1166 1940 1241 1978 quae

226 1973 340 2012 liberis
359 1986 645 2026 proponerentur.
704 1976 781 2013 Scio
807 1975 896 2013 hunc
921 1975 1040 2014 locum
1064 1977 1159 2013 aliter
1186 1991 1243 2014 ex-

228 2026 311 2076 poni
328 2037 349 2062 a
369 2029 449 2063 Car.
486 2027 627 2076 Sigonio
643 2023 701 2061 lib.
718 2039 746 2063 x.
774 2028 832 2061 De
853 2027 925 2072 jure
942 2027 1070 2070 Italiae,
1101 2027 1241 2076 perinde

229 2087 271 2112 ac
289 2074 315 2112 fi
332 2077 446 2114 Latini
463 2077 608 2113 nomine
633 2088 706 2112 non
733 2075 907 2112 libertinus
924 2104 936 2119 ,
975 2076 1033 2112 sed
1054 2078 1240 2128 ingenuus,

228 2126 287 2175 qui
305 2128 354 2172 jus
376 2128 462 2164 Latii
475 2126 615 2178 adeptus
636 2124 673 2161 fit
691 2154 703 2169 ,
734 2124 990 2175 significaretur.
1047 2128 1113 2163 Sed
1133 2140 1243 2165 errare

231 2189 316 2213 eum
335 2176 514 2214 manifeste
537 2176 683 2214 ostendit
697 2176 831 2226 Ulpian.
844 2177 892 2213 tit.
910 2191 918 2212 1
933 2190 944 2212 1
959 2190 985 2213 1.
1014 2188 1143 2215 navem
1160 2180 1248 2215 inter

231 2226 359 2264 modos
387 2238 614 2270 enumerans,
645 2226 765 2276 quibus
794 2227 934 2276 plenam
961 2228 1034 2277 quis
1053 2227 1246 2265 libertatem

231 2277 440 2328 adipiscitur,
466 2276 492 2316 fi
511 2290 584 2316 non
603 2277 779 2314 minorem
797 2277 1013 2315 fabricaverit
1030 2290 1140 2328 quam
1154 2291 1190 2316 x.
1206 2291 1245 2315 Μ.

236 2327 450 2366 modiorum.

291 2379 450 2415 Foemim's
463 2379 519 2427 jus
534 2387 679 2427 quatuor
695 2376 780 2425 ΕΑ]
831 2378 931 2415 Olim
950 2377 1040 2427 apud
1061 2382 1249 2416 Romanos

235 2427 374 2466 feminae
401 2440 421 2464 a
439 2428 644 2465 succeffione
658 2427 702 2465 ab
722 2428 880 2466 intestato
898 2427 942 2465 sic
962 2428 1245 2474 excludebantur,

236 2491 272 2516 ut
287 2492 330 2515 ne
353 2480 438 2515 inter
456 2490 607 2515 matrem
625 2478 786 2529 quidem,
813 2482 851 2516 &
870 2477 1001 2523 filiurn,
1028 2477 1182 2517 filiamve
1202 2480 1249 2516 ul-

238 2543 292 2566 tro
319 2530 448 2566 citrove
477 2528 668 2565 hereditatis
693 2542 729 2565 ca
755 2529 865 2565 iendae
891 2532 940 2576 jus
967 2528 1056 2566 effet.
1116 2531 1249 2567 Primus

238 2581 348 2616 Divus
369 2579 528 2616 Claudius
545 2580 646 2616 matri
665 2579 708 2615 ad
743 2579 885 2616 olatium
905 2579 1094 2617 liberorum
1114 2579 1250 2617 amissb-

240 2643 317 2666 rum
335 2629 529 2679 legitimam
550 2643 672 2666 eorum
692 2629 809 2667 detulit
833 2629 1071 2667 hereditatem.
1129 2631 1251 2667 Postea

240 2692 324 2716 vero
349 2681 431 2717 Divi
464 2680 632 2716 Hadriani
656 2680 873 2728 temporibus
899 2683 930 2718 S.
964 2684 1006 2718 C.
1038 2681 1251 2718 Tertulliano

242 2741 378 2765 cautum
388 2730 455 2773 est,
474 2741 510 2768 ut
528 2742 638 2767 mater
655 2731 802 2780 ingenua
820 2732 921 2767 trium
937 2730 1124 2769 liberorum
1135 2733 1183 2778 jus
1195 2732 1254 2768 ha-

242 2778 350 2821 bens,
380 2779 535 2816 libertina
551 2794 716 2831 quatuor,
745 2779 877 2818 etiamsi
903 2783 938 2818 in
957 2781 1123 2832 potestate
1151 2779 1253 2825 ess'et,

244 2828 288 2864 ad
308 2828 402 2865 bona
421 2828 572 2867 filiorum
598 2832 641 2867 ab
669 2831 826 2869 intestato
852 2844 1073 2869 mortuorum
1096 2831 1254 2868 admitte-

245 2890 356 2921 retur,
384 2891 419 2914 ut
434 2878 504 2915 haec
522 2893 632 2916 narrat
652 2881 1023 2930 pleniilimeJustinian.
1037 2881 1178 2919 Institut.
1193 2882 1252 2920 lib.

254 2942 329 2964 ιιι.
348 2929 395 2964 tit.
423 2943 498 2967 ιιι.
536 2930 590 2965 Ad
618 2934 649 2967 S.
673 2933 715 2967 C.
746 2932 1006 2970 Tertullianum.
1065 2937 1106 2968 Et
1127 2945 1166 2968 ea
1185 2934 1255 2982 qui-

247 2979 327 3014 dem
346 2991 420 3028 quae
443 2978 500 3014 sub
521 2979 697 3015 Hadriano
715 2981 893 3018 constituta
905 2982 997 3025 sunt,
1018 2982 1061 3018 ad
1072 2983 1255 3021 Claudium

246 3028 361 3065 referri
378 3041 567 3079 nequeunt.
598 3043 638 3065 ex
654 3030 702 3065 his
719 3042 837 3067 tamen
854 3045 928 3079 qua:
946 3034 1090 3069 diximus
1101 3062 1112 3076 ‚
1146 3035 1256 3070 mani-

244 3078 368 3117 festum
388 3079 436 3117 est
452 3077 588 3117 t'emim's
617 3081 666 3127 ius
683 3081 787 3117 trium
806 3108 817 3124 ,
851 3093 1041 3131 quatuorve
1067 3082 1257 3122 liberorum

2143 585 2165 612 a
2195 569 2303 627 Cajo

1291 636 1495 676 habentibus
1504 638 1613 676 multa
1629 652 1835 691 quocunque
1846 651 2005 690 tempore
2017 639 2190 689 privilegia
2200 638 2306 686 fiiiffe,

1291 702 1367 739 quae
1391 691 1512 727 omnia
1533 690 1695 728 Claudius
1717 702 1824 728 naves
1846 689 2090 728 fabricantibus
2108 702 2308 740 competere

1290 738 1408 778 voluit.
1466 743 1522 777 De
1540 742 1688 791 praemiis
1707 754 1792 780 vero
1810 740 2004 787 hujusmodi
2031 741 2310 790 negotiatorum,

1290 801 1330 826 ac
1350 802 1456 828 naves
1473 802 1621 828 annonae
1638 791 1737 829 causa
1756 791 1957 829 habentium
1975 791 2112 842 pulchre
2135 790 2307 835 Scaevola,

1291 842 1329 877 &
1350 840 1557 879 Callistratus
1570 870 1582 886 ,
1608 842 1628 879 1.
1660 856 1695 879 ιι
1709 856 1736 880 1.
1764 845 1821 880 De
1838 842 2021 881 vacatione
2040 845 2077 879 ὅ(
2095 841 2205 880 excns.
2232 855 2309 879 rnu-

1291 904 1436 935 nerum,
1464 895 1501 929 &
1523 892 1543 930 l.
1563 907 1598 931 v.
1634 895 1692 929 De
1720 895 1790 938 iure
1814 893 2051 931 immunitatis.
2110 894 2190 937 Qua
2212 894 2247 929 in
2272 906 2309 929 re

1294 942 1353 989 (ut
1375 942 1442 979 hoc
1456 944 1566 980 obiter
1586 942 1738 990 addam)
1785 943 1979 980 notandum
2004 942 2051 979 est
2072 943 2164 992 quod
2183 942 2312 980 addidit

1290 992 1441 1030 Scaevola
1461 1021 1472 1036 ,
1511 992 1683 1031 senatores
1704 1005 1784 1030 eam
1804 994 1851 1030 ob
1871 1006 1978 1032 naves
1994 995 2216 1031 vacationem
2239 1007 2312 1031 non

1293 1040 1443 1078 habuisse
1463 1072 1475 1086 ,
1513 1045 1682 1094 quoniam
1713 1057 1756 1080 ne
1787 1044 1915 1081 habere
1942 1043 2086 1093 quidem
2113 1055 2241 1082 navem
2270 1057 2312 1081 ex

1294 1090 1369 1142 lege
1398 1093 1486 1136 Julia
1527 1094 1791 1144 repetundarum
1825 1094 1886 1131 illis
1911 1094 2036 1131 liceret.
2093 1107 2178 1131 nam
2207 1096 2313 1131 etiam

1292 1153 1371 1178 ante
1390 1142 1483 1195 leges
1508 1144 1612 1187 Julias
1650 1143 1796 1182 senatori
1822 1142 1994 1181 aedificare
2019 1156 2148 1184 navem
2176 1158 2250 1181 non
2279 1144 2315 1181 li-

1294 1192 1395 1229 cebat
1410 1222 1422 1237 ‚
1457 1193 1513 1230 sed
1534 1206 1668 1233 veteres
1688 1195 1783 1244 leges
1801 1207 1900 1244 paene
1918 1206 2074 1233 mortuas
2092 1208 2192 1235 nova:
2213 1208 2315 1234 revo-

1294 1255 1422 1282 carunt.
1452 1245 1577 1282 Cicero
1597 1248 1745 1284 Vei-izv.
1769 1245 1850 1282 Nobi
1871 1255 2017 1282 metuere
2031 1274 2043 1288 ‚
2070 1243 2244 1294 Hortenfi‚
2273 1259 2315 1282 ne

1294 1306 1441 1343 quaram
1457 1296 1515 1344 qui
1532 1295 1665 1332 licuerit
1682 1295 1840 1343 adificare
1864 1308 1992 1333 navem
2007 1296 2170 1344 senatori.
2207 1298 2316 1333 Anti-

1296 1357 1362 1393 qux
1375 1345 1460 1393 sunt
1476 1345 1534 1392 ista
1552 1345 1653 1394 leges,
1691 1345 1744 1389 Εἴ
1762 1355 1896 1383 mortua
1939 1346 2250 1394 (quemadmodum
2276 1356 2316 1382 tu

1288 1394 1370 1442 soles
1388 1396 1494 1430 dicere
1509 1395 1521 1442 )
1553 1409 1619 1445 qua
1637 1406 1773 1435 vetant.
1802 1399 1890 1433 Lata
1908 1407 2026 1432 autem
2041 1394 2094 1432 lex
2109 1394 2165 1432 illa
2173 1395 2216 1433 de
2226 1407 2315 1435 nave

1292 1446 1475 1481 *Senatoria
1494 1457 1514 1481 a
1528 1448 1577 1494 Q
1595 1444 1742 1483 Claudio
1759 1475 1772 1490 ,
1809 1446 1885 1484 trib.
1931 1445 1976 1495 pl.
1999 1446 2056 1482 Ti.
2083 1448 2314 1495 Sempronio,

1297 1497 1335 1531 P.
1359 1494 1524 1533 Cornelio
1546 1507 1649 1534 coss.
1684 1496 1725 1533 A.
1739 1499 1784 1534 U.
1796 1499 1839 1535 C.
1860 1508 1987 1533 Dxxxv.
2022 1495 2140 1533 Livius
2158 1495 2216 1533 lib.
2234 1510 2313 1534 xxx.

1262 1559 1263 1564 ¹
1297 1557 1404 1632 Zuem
1422 1545 1512 1585 vide.
1570 1549 1671 1597 Lego
1690 1548 1796 1584 etiam
1812 1575 1826 1592 ‚
1860 1545 2025 1596 hodieque·
2036 1547 2227 1596 servantur
2252 1559 2317 1598 pro

1324 1596 1395 1633 odie
1407 1598 1503 1647 serv.

1613 1700 2009 1737 CASAURON.

1355 1812 1413 1845 19.
1432 1804 1496 1836 Pro
1507 1800 1692 1838 conditione
1709 1799 1881 1852 cujusque,
1909 1797 2081 1847 civibus.]
2125 1797 2320 1851 Corrupisti:

1301 1848 1390 1887 hunc
1405 1849 1522 1888 locum
1543 1849 1752 1895 foediffime,
1781 1852 1840 1902 qui
1861 1850 2063 1887 Suetonium
2082 1850 2118 1886 in
2145 1852 2253 1900 capita
2270 1851 2321 1887 di·

1300 1898 1484 1938 stinxerunt
1498 1930 1511 1946 ,
1544 1903 1636 1938 reste
1653 1903 1855 1938 Torrentius
1877 1902 2014 1937 monuit
2044 1915 2053 1937 ε
2096 1912 2179 1937 nam
2197 1900 2240 1937 ad
2259 1913 2320 1937 na·

1298 1951 1396 1989 vium
1414 1950 1636 1989 fabricatores
1652 1980 1664 1995 ,
1693 1951 1867 2002 dequibus
1881 1962 1960 1987 ante
1979 1950 2132 1994 diCtum,
2155 1951 2207 1988 hae
2217 1951 2322 1988 Clau·

1301 2001 1346 2037 dii
1366 2002 1623 2040 constitutiones
1640 2001 1713 2038 sunt
1729 2001 1941 2040 referendae:
1969 1999 2081 2051 leget,
2110 2003 2165 2049 qui
2185 2015 2244 2038 me
2262 2013 2320 2039 au-

1300 2050 1368 2088 diet
1382 2081 1392 2095 ,
1418 2065 1493 2103 quae
1517 2052 1614 2103 super
1629 2051 1679 2089 his
1695 2050 1915 2090 eruditiffime
1930 2051 2108 2089 observata
2125 2050 2199 2089 sunt
2216 2063 2236 2089 a
2255 2051 2322 2088 cla-

1302 2101 1432 2138 riffirno
1448 2101 1726 2153 ampliffimoque
1746 2103 1820 2140 viro
1847 2104 1950 2139 Petro
1967 2102 2078 2140 Fabro
2096 2101 2321 2139 Semestrium

1302 2152 1390 2189 libro
1413 2167 1442 2191 1.
1463 2155 1571 2204 capite
1585 2166 1661 2190 xxv.
1696 2156 1833 2190 Totum
1857 2165 1974 2190 autem
1991 2152 2108 2189 locum
2128 2151 2173 2190 fic
2189 2152 2318 2190 scribe:

1303 2201 1355 2244 ΕΤ
1376 2215 1483 2239 naves
1509 2213 1702 2241 mercatura
1735 2203 1844 2252 cauffa
1861 2203 2115 2249 fabricantibus
2134 2232 2146 2248 ,
2196 2215 2322 2252 magna

1304 2254 1476 2289 commoda
1495 2252 1661 2299 constituit
1671 2260 1731 2300 pro
1755 2255 1939 2290 conditione
1967 2253 2137 2302 cujusque.-
2166 2254 2319 2297 civibus,

1303 2303 1519 2341 vacationem
1543 2302 1620 2352 legis
1650 2304 1751 2351 Papia
1777 2309 1910 2352 Poppeae.
1952 2304 1996 2339 ita
2019 2303 2177 2354 scriptum
2206 2303 2321 2354 paullo

1303 2354 1419 2390 minus
1436 2354 1470 2390 in
1493 2352 1569 2390 cod.
1601 2354 1735 2392 Viterb.
1772 2366 1906 2391 tantum
1933 2352 2013 2390 illud
2039 2354 2168 2391 civibus
2196 2367 2215 2390 e
2232 2353 2322 2393 libro

1306 2404 1438 2448 Cuiacii
1457 2404 1504 2440 est
1529 2419 1538 2441 z
1570 2414 1654 2439 nam
1672 2405 1706 2440 in
1730 2404 1861 2441 Viterb.
1883 2404 1930 2441 est
1949 2405 2044 2441 civis.
2072 2403 2178 2454 poffis
2198 2407 2235 2440 ὅ(
2252 2405 2322 2441 civi

1306 2452 1472 2497 scribere,
1501 2457 1538 2490 ὃ(
1565 2466 1650 2490 mox
1673 2457 1795 2491 Latino
1815 2456 1870 2505 jus
1887 2457 2105 2504 Quinum,
2144 2453 2190 2491 fic
2219 2455 2323 2493 habet

1307 2504 1416 2541 Lissaei
1432 2504 1509 2542 cod.
1530 2508 1567 2541 ὅ(
1584 2507 1756 2542 Memmii.

1361 2567 1416 2591 20.
1434 2560 1540 2602 Opera
1554 2558 1796 2604 mugnapfftms
1808 2568 1912 2606 quam
1922 2553 2110 2603 neceffaria‚
2121 2567 2224 2604 quam
2236 2552 2324 2591 mul-

1307 2613 1345 2639 ta
1360 2604 1536 2653 perfhcit.]
1565 2609 1650 2642 Haec
1665 2605 1826 2657 scriptura
1843 2605 1922 2643 cod.
1944 2605 2321 2648 Viterb.Memmii,&

1307 2656 1432 2692 Pithoei
1450 2654 1675 2706 aliorumque.
1711 2670 1816 2706 quam
1843 2657 1954 2693 multa
1982 2668 2076 2705 aeque
2100 2657 2262 2692 Latinum
2280 2666 2321 2691 ac

1309 2717 1415 2754 quam
1439 2706 1602 2754 plurima.
1665 2710 1783 2752 Itaque
1818 2706 2032 2743 censentibus
2068 2704 2259 2742 tollendum
2286 2704 2322 2740 τὶ

1308 2768 1413 2805 quam
1435 2767 1515 2792 ante
1530 2757 1642 2794 multa
1661 2771 1732 2794 non
1750 2755 1907 2795 assentior
1923 2784 1935 2798 ,
1971 2753 2030 2791 etsi
2060 2755 2095 2789 in
2118 2755 2323 2804 quibusdam

1310 2806 1412 2844 codd.
1432 2818 1467 2843 ut
1479 2806 1588 2844 Lissaei
1599 2836 1610 2851 ‚
1622 2822 1694 2845 non
1704 2807 1818 2845 exstat.
1852 2811 1960 2845 Vetus
1971 2803 2127 2840 Politiani
2139 2833 2151 2848 ,
2157 2814 2322 2855 perquam

1309 2856 1422 2893 multa
1426 2858 1524 2904 fecit.
1554 2858 1736 2908 eleganter.

1669 2958 1965 2993 VAa10R.

1367 3050 1424 3074 20.
1443 3041 1549 3086 Aqua
1566 3034 1746 3082 tanqum]
1773 3036 1821 3072 V.
1833 3036 1875 3072 C.
1895 3033 2035 3075 Salmas.
2064 3037 2204 3077 duflum
2217 3050 2328 3088 aqua-

1313 3100 1403 3123 rum-

2173 3140 2330 3177 Tor.-

2330 393 2385 434 19

2327 458 2385 487 20
