2504 3425
451 104 1955 163 T1TusF2-Av1usVEspAs.Au‹-‚J
2172 123 2274 175 ty,

178 212 254 246 ‘tus
273 233 289 255 ‚
332 199 482 243 cun&a
503 199 788 260 praetoriorum
811 196 976 245 suorum
1001 210 1242 244 ornamenta
1263 195 1459 258 operibus
1488 213 1532 241 ac
1561 197 1727 258 templis
1749 193 1964 240 destinavit
1983 211 1994 238 ε
2040 197 2279 255 praeposuit-

188 277 269 324 que
302 263 536 322 complures
578 277 630 306 ex
663 260 842 323 equestri
875 263 1021 308 ordine
1045 296 1058 317 ‚
1113 276 1200 323 quo
1233 277 1408 323 quaeque
1442 261 1637 305 maturius
1671 272 1971 321 peragerentur.
2052 259 2272 307 Medenda:

125 324 442 381 svaletudini,
478 321 766 388 leniendisque
801 325 990 383 morbis,
1024 325 1180 370 nullam
1214 324 1397 370 divinam
1432 322 1741 385 humanamque
1773 338 1900 384 opem
1935 336 2022 364 non
2058 320 2273 380 adhibuit,

182 387 382 448 inquisito
416 389 535 433 omni
569 387 861 445 sacrificiorum
897 389 1265 450 remediorumque
1295 403 1460 450 genere.
1535 390 1654 431 {nter
1693 385 1853 431 adversa
1899 399 2134 444 temporum
2162 420 2173 439 ,
2228 393 2273 432 δε

177 449 383 496 delatores
405 450 744 514 mandatoresquc
762 466 901 508 erant,
935 469 985 498 ex
1003 452 1169 497 licentia
1193 453 1336 497 veteri.
1405 452 1502 494 Hos
1534 448 1685 494 affidue
1721 450 1763 494 in
1799 447 1894 493 foro
1926 446 2098 508 flagellis
2130 464 2175 491 ac
2201 447 2274 495 fu-

176 510 307 560 stibus
329 514 473 570 caesos,
507 530 552 559 ac
574 515 792 562 novissime
814 517 1017 561 traduetos
1039 531 1110 576 per
1135 512 1446 575 Amphitheatri
1469 529 1658 568 arenam,
1693 514 1838 574 partim
1873 509 2017 568 subjici
2041 512 2085 554 in
2109 510 2268 570 servos,

179 579 387 633 ate-venire
411 580 628 641 imperavit
653 597 663 624 t
698 581 846 641 partim
872 581 915 624 in
939 579 1156 641 asperrima
1176 576 1398 621 insularum
1422 575 1554 621 avehi.
1622 575 1774 638 thue
1798 576 1921 620 etiam
1953 573 2096 618 similia
2131 592 2268 636 quan-

176 639 319 704 doque
351 640 515 687 ausuros
551 656 752 704 perpetuo
786 657 1019 697 coerceret,
1053 641 1183 686 vetuit
1215 641 1324 684 inter
1354 653 1518 684 cetera:
1551 637 1601 683 de
1637 639 1780 683 eadem
1814 655 1854 683 re
1890 635 2076 699 pluribus
2110 639 2270 699 legibus

123 731 153 773 9
178 705 270 766 agi,
307 706 489 768 quaerive
502 705 552 750 de
573 705 810 766 cujusquam
834 703 1128 750 defunctorum
1149 702 1252 746 statu
1275 736 1287 756 ,
1323 703 1424 746 ultra
1445 716 1576 746 certos
1599 717 1741 747 annos.
1807 700 2104 746 Pontificatum
2137 705 2270 747 maxi-

175 783 293 813 mum
327 769 424 814 ideo
457 768 496 815 se
530 767 732 830 professus
766 769 978 829 accipere,
1012 781 1057 813 ut
1080 782 1197 826 puras
1224 763 1394 809 servaret
1415 779 1583 818 manuS,
1618 764 1745 809 fidem
1771 763 1986 824 praestitit:
2022 781 2100 809 nec
2124 768 2266 813 auetor-

174 830 348 892 posthac
371 831 609 895 cujusquam
634 833 770 886 necis,
806 847 885 875 nec
907 829 1103 875 conscius.
1129 828 1319 890 quamvis
1344 825 1802 872 interdumulciscendi
1830 829 1956 872 caussa
1979 843 2066 872 non
2089 827 2264 886 deesset,

172 894 486 962 sedsperiturum
508 896 552 956 se
576 898 731 960 potius,
764 911 883 956 quam
906 894 1154 958 perditurum
1181 889 1378 950 adjurans.
1446 890 1574 936 Duos
1607 890 1765 952 patricii
1798 891 1962 950 generis
1984 892 2198 937 ςοηνὶὀὶοε
2222 895 2268 938 in

487 1031 531 1066 Τ
556 1042 579 1065 ο
608 1041 632 1065 R
663 1041 687 1065 R
719 1041 741 1065 E
773 1042 797 1065 N
824 1040 860 1066 T.

222 1080 387 1117 Omnium
399 1075 685 1127 sacrfflc‘iorum.]
718 1079 881 1123 Mallem,
907 1078 988 1117 utin
1007 1076 1189 1116 cod.T0r-

166 1128 325 1172 nacensi,
352 1128 445 1165 omni
452 1127 705 1176 sttcrifi'ciorum.

221 1178 396 1216 Delatores
414 1178 733 1228 mandatoresque.]
753 1180 927 1215 Mandare
937 1178 985 1214 est
996 1177 1190 1227 gerendum

163 1228 288 1280 aliquid
317 1229 415 1266 alicui
453 1230 683 1276 committere.
748 1232 841 1266 Hinc
876 1230 1096 1265 mandatores
1128 1228 1189 1266 du-

164 1279 294 1330 pliciter
313 1278 386 1316 fere
407 1279 618 1328 accipiuntur
638 1279 731 1328 apud
751 1282 863 1324 JCtos
877 1307 890 1322 ,
917 1282 953 1315 δε
981 1278 1013 1314 hi
1030 1278 1188 1318 videlicet

163 1343 316 1381 quorum
333 1330 501 1367 mandato
518 1331 660 1379 pecunia
677 1331 773 1367 alicui
804 1329 950 1366 creditur
984 1331 1071 1377 (nec
1093 1330 1186 1379 quic-

162 1393 271 1430 quam
289 1392 308 1416 a
331 1378 580 1426 fidejussoribus
602 1378 790 1422 differunt,
834 1378 895 1416 nisi
922 1378 1016 1429 quod
1042 1378 1089 1415 illi
1113 1390 1189 1416 tan-

164 1441 274 1478 quam
291 1432 451 1468 austeres
466 1429 683 1478 praecedunt,
705 1426 919 1476 fidejuffores
935 1442 1022 1468 vero
1044 1429 1186 1479 sequun-

163 1481 248 1527 tur)
286 1484 324 1517 δε
345 1481 380 1517 hi
400 1482 459 1531 qui
477 1478 649 1517 delatores
675 1479 840 1517 instruunt
864 1478 1119 1529 subornantque
1144 1479 1188 1517 ad

165 1529 414 1568 accusandum.
473 1531 590 1578 Quare
618 1542 655 1567 ut
689 1532 724 1567 in
757 1531 826 1580 pari
860 1529 936 1567 sunt
962 1529 1186 1580 turpitudine,

2099 953 2266 1001 affecta-

1241 1027 1319 1063 Nec
1337 1025 1497 1063 dissimile
1518 1023 1598 1062 illud
1617 1023 1712 1061 Plinii
1751 1023 1808 1062 lib.
1832 1036 1959 1061 xvxxi.
1981 1034 2054 1074 cap.
2084 1037 2160 1063 ιιι,
2198 1034 2265 1064 Ho—

1241 1077 1336 1123 nestis
1352 1076 1510 1113 manibus
1525 1078 1640 1112 omnia
1656 1074 1985 1123 latimproveniunt.
2004 1074 2152 1123 loquitur
2169 1078 2263 1114 enim

1242 1125 1285 1162 de
1315 1127 1520 1177 agricultura
1539 1155 1551 1169 ,
1588 1126 1623 1162 in
1650 1136 1716 1175 qua
1753 1126 1924 1162 cultorum
1958 1125 2157 1161 innocentia
2193 1126 2266 1162 seli-

1243 1177 1314 1214 cius
1335 1180 1454 1226 agitur.
1515 1177 1558 1213 At
1587 1187 1716 1226 quanto
1743 1187 1784 1211 ea
1812 1174 1923 1222 magis
1951 1175 1987 1210 in
2011 1173 2181 1211 Pontifice
2211 1189 2265 1213 re-

1241 1227 1381 1276 quiritur
1403 1230 1414 1265 ?
1441 1228 1564 1263 Sancte
1581 1227 1682 1274 igitur
1706 1226 1816 1262 Titus.
1860 1234 1944 1260 nam
1970 1225 2029 1261 Dii
2075 1224 2198 1275 (quod
2226 1227 2262 1264 in

1241 1276 1417 1313 Alcibiade
1431 1276 1534 1314 docet
1547 1276 1644 1313 Plato
1659 1278 1672 1321 )
1695 1276 1888 1325 integritate
1901 1274 2121 1317 animorum,
2134 1279 2170 1311 δε
2187 1288 2262 1326 pre.

1243 1327 1339 1364 cibus
1366 1326 1551 1377 placantur.
1609 1326 1792 1375 Eleganter
1820 1326 1925 1363 etiam
1953 1327 2077 1361 Horat.
2105 1324 2163 1362 lib.
2181 1339 2258 1364 111'.

1241 1377 1314 1415 Od.
1328 1390 1390 1415 xxx
1402 1391 1414 1415 1
1427 1391 1454 1414 1.

1350 1430 1518 1464 Immanis
1535 1438 1636 1464 aram
1654 1424 1680 1472 si
1699 1425 1810 1473 tetigit
1819 1437 1943 1463 manus
1955 1452 1968 1468 ,
1995 1428 2066 1463 δίς.

1291 1478 1356 1513 Sed
1364 1479 1559 1525 periturum
1569 1477 1607 1523 se
1618 1476 1727 1523 potius
1744 1486 1850 1523 quam
1865 1477 2093 1524 perditurum.
2109 1476 2124 1523 ]
2142 1477 2261 1526 Digna

1240 1540 1310 1566 vox
1334 1528 1472 1577 optimo
1500 1527 1669 1575 Principe.
1726 1524 1820 1560 Libri
1837 1539 1923 1563 vero
1943 1525 2103 1563 nonnulli
2129 1525 2259 1565 habent

166 1580 212 1616 ita
233 1592 354 1630 parem
379 1592 518 1630 quoque
548 1592 693 1629 poenam
710 1580 845 1617 detecta
864 1579 1035 1617 calumnia
1052 1593 1190 1616 meren·
1233 1580 1438 1626 puniturum
1453 1605 1465 1621 ,
1495 1576 1551 1612 sed
1565 1576 1783 1625 perditurum
1807 1578 1921 1627 magis
1937 1575 2058 1627 placet.

167 1640 231 1667 tur.
261 1627 308 1666 sic
326 1631 422 1668 enim
440 1629 646 1667 Callistratus
661 1631 682 1668 l.
709 1644 761 1668 11.
788 1629 930 1674 dejure
951 1627 1042 1667 fisci:
1071 1630 1189 1668 Divus

170 1681 251 1716 Pius
274 1680 404 1717 Cacilio
424 1682 575 1717 maximo
603 1678 762 1729 rescripsit
793 1680 1054 1727 constitutionem
1075 1681 1188 1728 patris

159 1729 238 1776 sui,
266 1742 336 1778 qua
352 1732 593 1777 compelleretur
611 1730 742 1766 delator
757 1731 850 1766 edere
872 1729 1106 1767 mandatorem
1117 1759 1128 1773 ‚
1147 1743 1188 1767 ac

166 1779 229 1827 nist
248 1778 397 1826 edidisset
416 1789 456 1816 ut
479 1780 518 1814 in
536 1779 677 1815 vincula
690 1780 929 1822 deduceretur,
955 1793 989 1815 eo
996 1787 1185 1827 pertinere,

162 1841 229 1864 non
248 1838 288 1864 ut
301 1828 430 1865 delator
441 1837 542 1876 poenae
557 1828 798 1874 fhbduceretur
811 1828 841 1877 fi
857 1830 1096 1864 mandatorem
1115 1829 1179 1866 ha·

160 1876 273 1921 beret,
292 1878 357 1925 sed
377 1888 416 1914 ut
432 1878 617 1914 mandator
641 1891 770 1927 qaoque
782 1879 922 1926 perinde
939 1888 1044 1926 atque
1064 1876 1098 1925 st
1118 1880 1184 1927 ipse

161 1926 348 1976 detuliffet,
367 1930 560 1976 puniretur.

1550 1650 1581 1684 C
1611 1661 1630 1683 A
1663 1659 1678 1682 s
1708 1658 1731 1681 A
1759 1658 1784 1681 u
1814 1656 1834 1681 Β
1861 1659 1884 1682 o
1913 1659 1951 1684 N.

1290 1710 1427 1743 Partim
1445 1710 1481 1744 in
1497 1707 1698 1757 asperrimas
1716 1704 1903 1752 infularum
1922 1704 2065 1754 avehi]
2083 1704 2172 1746 Vide
2182 1719 2259 1757 quae

1237 1757 1431 1808 scripsimus
1444 1758 1533 1795 libro
1555 1758 1671 1807 primo
1683 1785 1695 1799 ‚
1725 1755 1769 1791 ad
1787 1766 1888 1803 capnt
1903 1767 2007 1795 vat.

1603 1820 1640 1853 V
1667 1829 1690 1853 A
1719 1829 1744 1853 R
1772 1828 1788 1852 -1
1816 1828 1840 1851 o
1869 1827 1908 1850 n.

1289 1879 1442 1928 Flagellis
1459 1891 1500 1915 ac
1517 1876 1664 1924 fastibus
1694 1873 1814 1925 eafha]
1853 1873 2017 1910 Solebam
2044 1875 2138 1911 noxii
2166 1874 2259 1912 susti-

620 1927 754 1965 Differt
782 1940 902 1964 tamen
929 1940 948 1963 a
975 1929 1182 1965 mandatore
1235 1927 1297 1965 bus
1325 1930 1436 1974 caedi,
1482 1932 1519 1966 δε
1556 1940 1616 1978 pet·
1650 1925 1904 1975 Amphitheatri
1936 1936 2078 1960 arenam
2115 1925 2260 1963 traduci.

160 1977 383 2021 exhortator,
410 1989 468 2015 aut
484 1977 661 2029 instigator
676 1990 810 2015 tantum
827 2007 839 2022 ,
863 1977 958 2027 quod
971 1979 1182 2029 Papinianus
1205 1978 1209 1992 ¹
1233 1980 1353 2015 Scribit
1370 1980 1468 2016 Philo
1487 1978 1623 2023 Judaeus
1645 1978 1682 2013 in
1701 1975 1842 2026 AEgypti
1872 1973 1958 2010 urbe
1976 1973 2180 2011 Alexandria
2208 1977 2255 2012 ita

158 2027 331 2078 respondit
355 2028 376 2065 l.
407 2041 463 2066 xx.
499 2031 558 2065 De
591 2027 642 2065 his
659 2029 718 2078 qui
739 2040 813 2065 not.
842 2028 996 2064 infamia.
1052 2029 1183 2066 Aucto-
1233 2030 1395 2078 punitos,
1423 2033 1461 2067 δε
1488 2041 1548 2079 per
1565 2025 1777 2065 orchestram
1798 2023 1992 2068 tradustos,
2018 2036 2058 2061 ac
2077 2024 2194 2064 caesos.
2220 2027 2254 2069 J.

159 2091 236 2116 rem
265 2091 350 2128 ergo
375 2077 451 2115 fieri
476 2075 608 2115 neceffe
627 2078 674 2114 est
693 2107 705 2122 ,
747 2090 784 2115 ut
799 2078 1011 2115 mandatoris
1035 2080 1179 2116 nomine
1233 2083 1399 2117 Lipsms.

157 2130 234 2177 quis
252 2130 419 2178 puniatur.

157 2180 388 2215 emendatores
405 2179 458 2216 hic
474 2177 602 2228 legunt.

211 2227 333 2274 subjici
349 2230 387 2265 in
409 2229 526 2277 servos
541 2239 604 2266 aut
619 2227 778 2277 venire]
809 2226 955 2265 Mallem
972 2240 1012 2263 ac
1039 2230 1178 2267 venire.

158 2289 244 2314 narn
264 2277 347 2314 illud
358 2278 482 2327 subjici
498 2276 538 2314 in
552 2281 672 2326 servos
686 2307 702 2323 „
735 2277 782 2316 sic
800 2280 1003 2328 interpretor
1023 2307 1033 2321 ,
1063 2290 1100 2316 ut
1117 2280 1177 2316 ha-

157 2326 217 2364 stae
245 2325 387 2373 subjecti
408 2340 475 2377 pro
494 2330 674 2378 mancipiis
690 2329 879 2368 vendantur
901 2329 1057 2372 Juvenal.
1103 2334 1173 2369 Sat.

162 2390 175 2414 ι
189 2391 200 2413 1
214 2392 242 2416 1.

268 2431 313 2462 Et
325 2424 462 2473 prebere
483 2433 581 2474 caput
597 2427 736 2463 domina
753 2427 882 2464 venale
892 2428 957 2474 sub
976 2427 1084 2474 hasta.

477 2129 570 2165 Male
588 2140 727 2173 autem,
751 2131 808 2180 qui
824 2129 1085 2174 amandatores,
1122 2141 1179 2167 aut
1201 2129 1206 2172 Ι

1200 2178 1206 2230 Ι
1235 2179 1333 2217 detur
1350 2181 1650 2231 Epigrammatum
1669 2177 1829 2233 scriptor:

1286 2134 1351 2166 Per
1368 2127 1631 2177 Amphitheatri
1648 2124 1852 2174 harenam]
1888 2124 1950 2163 Ob
1976 2124 2044 2162 hoc
2062 2122 2177 2163 dixisse
2202 2124 2255 2163 vi-

1445 2253 1460 2259 ·
1528 2251 1543 2258 -
1570 2241 1628 2265 nec
1645 2237 1725 2276 cepzt
1741 2240 1847 2263 arena
1866 2236 2035 2269 nocentes,

1347 2284 1392 2316 Et
1409 2279 1542 2316 delator
1558 2277 1660 2314 habet
1677 2305 1688 2321 ‚
1719 2277 1807 2325 quod
1827 2276 1933 2312 dabat
1957 2274 2123 2324 exsilium.

1284 2331 1425 2366 Partim
1438 2329 1558 2378 subjici
1573 2329 1609 2364 in
1620 2327 1773 2374 servos.]
1819 2327 1983 2376 Optimus
2003 2323 2112 2361 codex
2131 2323 2168 2359 in
2181 2323 2252 2371 ser»

1234 2393 1294 2415 vos
1322 2393 1394 2417 non
1418 2380 1533 2417 habet.
1571 2381 1607 2414 &
1625 2378 1728 2413 recte.
1766 2375 1962 2426 intelligitur
1990 2386 2106 2411 autern
2135 2373 2250 2418 subjici

1233 2429 1346 2466 bestiis
1363 2432 1500 2468 vinstos
1518 2457 1530 2472 ,
1557 2427 1604 2464 fic
1633 2440 1668 2463 ut
1694 2424 1844 2462 resistere
1873 2425 1986 2464 bestifs
2000 2453 2014 2470 ,
2050 2424 2250 2473 corporibus
2292 2440 2296 2446 =

157 2476 256 2514 Nihil
271 2487 372 2513 muto
392 2487 521 2512 tamen.
550 2475 639 2526 saepe
656 2479 750 2514 enim
780 2478 901 2527 (quod
921 2478 1058 2534 pulchre
1077 2480 1175 2516 Pa-ul-
1229 2478 1452 2516 insidentibus
1469 2491 1541 2516 non
1559 2477 1704 2528 possent.
1759 2477 1778 2519 J
1783 2503 1790 2510 ·
1819 2479 1983 2514 Lmsxus.

157 2528 207 2565 lus
222 2530 254 2572 J.
273 2529 316 2564 C.
337 2525 404 2572 ait)
435 2526 610 2573 conjunaa
624 2535 683 2573 pro
701 2527 874 2572 disjunctis
893 2556 904 2570 ‚
940 2528 991 2570 ξς
1007 2530 1177 2576 digrmaeia

147 2586 211 2626 pro
231 2577 410 2634 eonjunetis
433 2576 535 2623 accipi
555 2576 670 2624 necesse
691 2575 744 2622 ost.
780 2575 802 2612 l.
836 2589 941 2614 1111.
989 2581 1046 2614 De
1075 2579 1172 2615 verb.

159 2625 311 2713 figglititfa
325 2685 428 2714 certos
447 2687 562 2712 annos.
580 2674 596 2721 ]
641 2674 732 2710 Hinc
750 2675 864 2712 titulus
881 2675 935 2711 ille
957 2677 1098 2714 Codicis
1116 2679 1175 2721 Ju-

158 2726 292 2764 stiniani
307 2755 320 2771 ,
367 2728 426 2762 Ne
449 2725 492 2762 de
516 2725 601 2762 statu
621 2723 771 2762 defunft.
802 2725 877 2773 post
905 2728 1174 2776 quinquennium

158 2789 338 2826 quaeratur.
395 2775 461 2813 Sed
483 2779 519 2812 ὅ(
545 2775 729 2825 Capitolin.
761 2775 804 2811 de
827 2778 877 2813 M.
894 2777 1093 2820 Antonino,
1122 2783 1176 2813 De

150 2830 260 2886 statu.
286 2825 446 2884 ¹(inquit)
494 2826 728 2872 defunctorum
771 2825 867 2862 intra
909 2827 1176 2875 quinquennium

161 2890 259 2975 wag-1
262 2876 374 2965 Iiiec‘qgs
373 2926 534 2976 servaret
542 2924 703 2974 manua]
715 2927 767 2963 Sic
779 2925 961 2964 Horatdib.
974 2940 1000 2966 ι.
1013 2929 1080 2965 Sat.
1099 2941 1135 2966 11
1148 2941 1176 2966 1.

384 3001 398 3008 -
424 3001 438 3007 -
464 3000 481 3008 -
505 2987 544 3013 at
560 2976 680 3025 benest
699 2978 791 3026 quis,

273 3034 319 3068 Et
327 3029 430 3077 ,vixit
442 3029 540 3077 puris
560 3027 726 3066 manibus.

1285 2535 1338 2564 De
1357 2530 1474 2565 eadem
1496 2543 1531 2564 re
1540 2527 1694 2575 pluribus
1712 2525 1832 2571 legibus
1851 2525 1942 2573 agi.]
1982 2524 2088 2562 Multa
2106 2522 2180 2560 sunt
2193 2522 2246 2559 in-

1226 2589 1329 2615 venta
1351 2579 1466 2627 legum
1484 2575 1697 2617 diverticula,
1727 2578 1763 2610 &
1781 2574 1944 2612 vafritiae:
1974 2586 2009 2611 ut
2032 2573 2246 2610 fiastionem
2286 2610 2294 2616 ,

1228 2628 1408 2664 intendero
1451 2626 1645 2663 adversario
1688 2623 1875 2661 secundum
1917 2624 2110 2661 formulam
2160 2623 2247 2671 legis

1226 2678 1388 2727 Aquiliae,
1413 2681 1450 2713 δε
1470 2678 1524 2714 ille
1539 2675 1732 2713 absolvatur
1758 2701 1769 2716 ‚
1792 2686 1873 2710 tunc
1890 2674 2025 2711 alterius
2040 2673 2123 2724 legis
2140 2674 2247 2708 astio-

1228 2740 1312 2764 nem
1332 2728 1417 2764 mihi
1434 2737 1635 2775 competere
1652 2725 1766 2759 dicam
1779 2751 1789 2766 ‚
1819 2735 1854 2760 ut
1877 2725 1921 2760 ita
1941 2723 2056 2761 infelix
2092 2735 2168 2759 reus
2198 2722 2250 2758 di-

1226 2789 1378 2814 vexetur.
1434 2776 1488 2814 Ad
1514 2777 1586 2813 haec
1614 2774 1829 2812 vast-amenta
1847 2802 1859 2818 ‚
1902 2772 2154 2823 calumniasque
2182 2771 2248 2808 tol-

1228 2828 1345 2864 lendas
1364 2827 1470 2864 noluit
1485 2829 1601 2868 Titus,
1634 2837 1670 2861 ut
1688 2824 1730 2860 de
1746 2823 1871 2860 eadem
1889 2837 1925 2860 re
1944 2825 2036 2861 assio
2057 2821 2155 2859 fieret
2175 2821 2244 2872 plu-

1228 2878 1322 2914 ribus
1341 2878 1489 2928 legibus,
1518 2876 1575 2914 sed
1588 2888 1655 2913 una
1673 2886 1805 2911 tantum
1826 2875 1902 2923 lege
1924 2884 2150 2924 competeret.
2181 2875 2248 2909 BF.-

1230 2940 1372 2965 Rom).

1286 2976 1514 3026 cniusdam]
1572 2975 1783 3026 Cujuftguam
1839 2973 2057 3013 scribendum
2101 2973 2244 3014 videtur.

1231 3032 1369 3071 Gon-:11-

1672 3079 1708 3115 Ο
1721 3089 1741 3114 0
1753 3089 1775 3114 o
1787 3090 1811 3114 o
2190 3078 2261 3109 De-
