2504 3425
580 143 2008 217 D.->Oe³rAv.CAEsA‘1z'AUGUSTUS.
2231 167 2330 240 163

228 256 316 320 egit
346 273 360 303 e
394 255 441 301 in'
468 257 583 313 cuius
606 251 872 300 ordinatione
890 254 1088 306 Sextilem
1115 250 1425 301 mensemesuo
1451 257 1712 319 cognomine
1737 258 2023 318 nuncupavit,
2057 260 2189 321 magis
2211 278 2339 323 quam

227 320 543 384 Septembrem,
577 336 665 382 quo
694 332 781 364 erat
810 332 932 377 ‘natus
965 337 977 364 :
1012 321 1111 382 quia
1142 317 1223 364 hoc
1257 316 1333 364 {ibi
1368 324 1412 365 &
1448 323 1603 383 primus
1636 321 1870 368 consulatus
1903 326 1945 366 δε
1982 320 2166 385 insignes
2201 327 2338 371 vifio-

225 387 294 432 ria}
325 383 580 448 obtigiffent.
650 382 917 430 Sacerdotum
961 387 1006 428 &
1050 400 1274 430 numerum
1319 388 1364 428 &
1410 384 1689 449 dignitatem,
1724 383 1791 430 sed
1838 390 1881 431 δε
1917 387 2167 444 commoda,
2201 393 2334 436 auxit:

226 451 430 512 praecipue
465 447 699 495 Vestalium
733 449 959 511 virginum.
993 463 1176 512 cumque
1210 449 1256 492 in
1290 447 1515 497 demortuae
1540 452 1683 497 locum
1718 450 1838 496 aliam
1859 452 1947 511 capi
1975 465 2210 512 oporteret,
2245 472 2338 500 am·

225 515 449 577 birentque
475 515 621 571 multi,
659 531 712 559 ne
739 511 843 558 filias
863 514 909 558 in
932 512 1081 559 sortem
1114 513 1259 559 darent
1291 530 1302 557 t
1339 512 1536 571 adjuravit
1556 551 1569 571 ‚
1613 514 1641 560 fi
1674 513 1909 577 cujusquam
1946 517 2137 577 neptium
2173 515 2333 565 suarum

222 594 480 641 competeret
501 592 617 634 aetas,
651 578 887 623 oblaturum
912 578 951 623 se
976 576 1096 622 fuiffe
1107 595 1214 623 eam.
1284 578 1505 623 Nonnulla
1517 581 1644 624 etiam
1659 596 1707 623 cx
1721 581 1904 641 antiquis
1916 582 2166 626 caerimoniis
2180 583 2335 642 pann·-

225 645 304 689 tim
336 643 491 688 abolita
524 641 697 687 restituit
730 662 740 686 ε
779 656 824 685 ut
844 643 990 686 Salutis
1023 643 1271 704 augurium,
1305 642 1432 685 Diale
1457 641 1716 698 flaminium,
1750 642 1902 689 sacrum
1924 646 2176 706 Lupercale,
2211 647 2332 693 ludos

226 708 488 754 Seculares&
509 706 843 768 Compitalicios.
911 706 1213 768 Lupercalibus
1252 707 1386 749 vetuit
1420 720 1581 752 currere
1616 707 1826 753 imberbes
1861 727 1871 753 ε
1909 710 2038 765 item,
2074 711 2332 758 Secularibus

224 771 331 819 ludis
371 778 544 830 juvenes
588 769 800 831 utriusque
846 766 961 813 sexus
1005 767 1220 829 prohibuit
1264 769 1396 813 ullum
1440 772 1697 816 nofturnum
1729 771 2004 833 spectaculum
2040 772 2332 836 frequentare,

221 836 301 883 nisi
316 851 411 882 cum
434 835 575 895 aliquo
596 838 750 893 majore
770 846 868 877 natu
892 833 1241 896 propinquorum.

544 976 913 1010 ToRRBNT.

270 1073 429 1109 Sextilem
449 1071 594 1120 mensem
610 1071 703 1119 asico
723 1070 950 1120 cognomine.]
971 1068 1242 1119 Treslibriopti-

182 1124 266 1161 ·—.mi
278 1125 363 1173 esuo
382 1123 537 1166 nomine,
564 1135 599 1159 ut
618 1136 690 1159 non
708 1120 817 1158 semel
833 1123 939 1159 etiam
951 1124 1085 1163 Varro,
1116 1124 1153 1156 &
1174 1119 1241 1170 ipse

213 1175 340 1212 Cicero
355 1187 488 1212 nomen
500 1187 562 1223 pro
580 1175 794 1224 cognomine
812 1172 1003 1223 posuerunt.
1035 1174 1122 1208 Non
1132 1170 1242 1208 solum

210 1236 332 1263 autem
344 1225 473 1265 eodem
482 1224 619 1268 mense,
653 1223 710 1261 sed
721 1227 758 1261 ὅ(
769 1223 822 1260 die
833 1230 903 1274 quo
914 1235 1014 1272 capta
1024 1220 1085 1258 fuit
1096 1221 1241 1258 Alexan-

211 1275 306 1320 dria,
344 1276 409 1313 alia
431 1275 585 1326 Augusto
611 1274 752 1312 feliciter
778 1271 946 1317 evenifl'e,
965 1273 1102 1310 testatur
1114 1275 1237 1309 Horat.

213 1328 333 1364 Carm.
353 1341 404 1365 xv.
416 1327 578 1365 Od.‘x1v.
600 1326 665 1364 Sed
675 1330 712 1364 δε
723 1325 884 1362 Dionlib.
898 1337 916 1360 1.
928 1339 954 1362 1.
973 1326 1060 1360 inter
1070 1325 1154 1362 alios
1166 1323 1240 1373 post

214 1375 347 1414 bellum
357 1379 537 1415 Actiacum
546 1378 703 1414 decretos
715 1377 746 1413 ei
758 1377 908 1413 bonores
918 1374 1068 1411 recenset
1079 1404 1089 1418 ‚
1121 1386 1156 1411 ut
1167 1375 1238 1411 dies

211 1434 284 1478 quo
304 1441 403 1480 capta
423 1429 471 1466 est
490 1428 714 1473 Alexandria,
731 1426 832 1464 festus
847 1426 1046 1469 haberetur,
1074 1428 1112 1462 ὃς
1130 1425 1174 1462 ab
1195 1439 1238 1461 eo

213 1480 295 1515 anni
312 1481 485 1516 numerari
503 1481 705 1529 inciperent.
741 1491 865 1517 verum
876 1490 946 1526 quo
958 1476 1097 1519 mense,
1115 1475 1238 1512 autdie

211 1541 315 1579 capta
331 1528 452 1574 fuerit,
465 1544 537 1567 non
554 1530 648 1566 addit
667 1545 677 1567 :
695 1528 933 1566 tantuminitio
945 1526 1101 1573 ejuslibri
1112 1539 1241 1577 pugna-

214 1591 290 1616 tum
308 1579 420 1617 scribit
437 1580 526 1631 apud
537 1582 676 1618 Affium
692 1594 744 1618 xv.
765 1582 862 1616 Non.
875 1577 1105 1628 Septembris,
1132 1590 1152 1614 a
1169 1591 1240 1629 quo

209 1629 269 1669 die
279 1631 419 1680 Augusti
434 1633 620 1682 imperium
639 1632 791 1681 coeperit.

267 1681 395 1717 Aliam
410 1683 492 1730 capi.
508 1682 519 1730 ]
552 1684 646 1719 Libri
656 1681 725 1719 duo
735 1682 806 1731 capi
817 1679 937 1718 aliam.
948 1679 1111 1718 Verbum
1120 1691 1237 1716 autem

212 1729 433 1781 pontificium
451 1733 509 1770 est.
541 1734 676 1783 proprie
696 1734 788 1769 enim
817 1733 964 1781 virgines
983 1730 1160 1774 Vestales,
1191 1731 1238 1767 uti

207 1785 250 1818 &
262 1782 449 1825 flamines,
478 1785 552 1834 capi
566 1783 776 1820 dicebantur.
817 1785 877 1833 'De
896 1795 967 1832 quo
986 1780 1112 1818 Gellius
1131 1781 1188 1820 lib.
1207 1796 1235 1819 1.

210 1845 336 1883 cap.x1
349 1848 376 1870 1.
393 1846 500 1884 quem
519 1834 609 1873 vide.
815 1835 821 1851 ³

263 1883 390 1919 Salutis
411 1885 632 1934 augurium.]
679 1884 845 1934 Augustus
863 1883 939 1934 post
956 1894 1022 1920 tres
1050 1881 1125 1919 illos
1151 1882 1238 1919 cele-

206 1931 379 1972 berrimos
388 1935 584 1986 triumphos
592 1936 669 1973 suos
687 1935 817 1973 eodem
827 1947 1008 1984 tempore,
1028 1947 1099 1983 quo
1109 1935 1237 1977 Janum

208 1983 346 2029 clausit,
374 1987 480 2023 etiam
505 1986 624 2023 Salutis
654 1988 834 2036 augurium
851 1984 940 2022 fecit.
968 1995 1130 2022 neutrum
1141 1987 1236 2022 enim

206 2033 267 2071 nisi
285 2037 402 2086 quieto
419 2038 569 2087 imperio
587 2036 661 2074 fieri
675 2049 818 2087 poterat.
876 2035 980 2073 Idem
1002 2047 1108 2079 verO,
1134 2037 1235 2073 inter-

206 2084 347 2124 missum
361 2088 459 2124 annis
479 2089 629 2139 quinque
646 2092 684 2125 ὃ(
695 2089 834 2137 viginti,
867 2083 1022 2136 placuisse
1042 2087 1234 2123 continuari

205 2135 269 2174 {ub
280 2137 439 2182 Claudio,
449 2141 568 2176 auctor
580 2139 627 2176 est
638 2140 749 2176 Tacit.
760 2139 817 2176 lib.
831 2151 870 2175 xi
885 2152 912 2174 1.
923 2137 1045 2175 Annal.
1073 2139 1234 2175 Meminit

208 2186 282 2232 ejus
298 2189 423 2226 Cicero
440 2189 496 2227 lib.
515 2204 542 2227 1.
567 2189 609 2226 de
620 2191 854 2228 Divinatione.
914 2190 986 2237 Qui
1002 2188 1095 2239 plura
1113 2188 1233 2231 volet,

207 2238 366 2284 Dionem
384 2239 500 2278 videat
523 2240 579 2278 lib.
591 2254 739 2279 xxxv11.
766 2245 805 2278 ὅ(
823 2237 1030 2277 Politianum
1048 2238 1232 2276 Miscellan.

208 2300 286 2338 cap.
297 2303 337 2327 xx
351 2304 362 2327 1
375 2305 404 2329 ι.
430 2294 486 2328 De
496 2291 588 2328 Diali
600 2305 737 2343 quoque
757 2291 925 2329 Flaminio
942 2289 1040 2327 idem
1056 2291 1155 2327 Dion
1172 2290 1230 2328 lib.

211 2349 232 2376 1-
242 2352 294 2378 IV.

263 2391 374 2427 Ludos
384 2394 565 2431 saculares.
582 2394 596 2440 ]
629 2397 708 2432 Hos
725 2392 911 2431 celebravit
928 2392 1098 2442 Augustus
1123 2393 1169 2430 A.
1190 2396 1234 2430 U.

209 2450 414 2482 Bccxxxvr.
439 2447 480 2483 C,
495 2447 620 2484 Furnio
639 2449 676 2482 δε
697 2446 738 2481 C.
749 2445 853 2489 junio
870 2443 986 2481 Silano
1004 2456 1090 2481 coss.
1148 2445 1234 2494 Qro

647 2507 808 2545 tempore
835 2497 960 2533 Horat.
995 2507 1107 2531 annos
1137 2507 1237 2532 natus

645 2558 733 2584 xLV1
747 2560 759 2582 1
771 2560 799 2582 1.
819 2558 964 2582 carmen
974 2545 1067 2596 quod
1077 2545 1236 2582 Seculare

647 2595 838 2632 inscribitur
848 2624 861 2640 ,
889 2597 926 2632 in
940 2596 1080 2644 Augusti
1091 2597 1237 2645 gratiam

647 2644 738 2682 fecit.
757 2645 894 2682 Exstant
903 2647 1009 2683 etiarn
1019 2659 1058 2682 ea
1068 2645 1112 2682 de
1123 2659 1158 2682 re
1170 2648 1240 2683 Au-

651 2695 736 2746 gusti
752 2698 891 2732 nummi
909 2696 1123 2747 complures,
1152 2697 1240 2734 inter

648 2746 742 2796 quod
755 2759 838 2783 unus
849 2760 929 2783 cum
939 2747 1001 2783 hac
1010 2747 1239 2798 inscriptione:

647 2809 731 2835 1MP.
763 2808 853 2833 σᾶς.
894 2809 986 2835 AUG.
1025 2810 1114 2835 tuo.
1145 2811 1235 2836 SAEC.

649 2862 704 2887 xv.
737 2862 769 2885 3.
796 2859 830 2885 F.
857 2847 971 2893 idest,
995 2850 1120 2889 xv-viri
1137 2848 1236 2887 sacris

648 2898 826 2936 faciundis.

255 2952 458 3002 Compitales
475 2950 604 3001 lam]
635 2951 688 2989 Sic
707 2950 808 2994 dicti,
837 2948 931 3000 quod
959 2950 974 3000 (
993 2962 1031 2989 ut
1047 2950 1154 2991 ovid.
1176 2965 1232 2990 ce—

199 3003 305 3052 cinit)

528 3098 544 3105 -
567 3099 581 3105 -
606 3073 771 3122 -compita
782 3072 948 3122 servant,

339 3128 384 3161 Ei
401 3125 550 3174 vigilant
566 3125 674 3174 nostru
685 3126 814 3175 semper
831 3127 871 3164 in
887 3127 948 3164 ade
966 3129 1081 3166 Lares.

1312 833 1575 895 Compitales
1596 839 1718 881 Lares
1738 852 1882 882 ornare
1910 837 1973 882 bis
1999 855 2112 883 anno
2128 837 2333 897 instituit,

2190 907 2328 951 vernis

1300 971 1499 1008 Ter-tullian.
1520 970 1563 1007 de
1581 973 1788 1021 Spectaculis
1809 989 1818 1011 t
1847 981 1927 1011 Ara
1938 973 2055 1023 Confi,
2074 978 2133 1025 qui
2151 983 2327 1026 Neptunus

1298 1019 1360 1075 est,
1372 1022 1409 1058 in
1420 1023 1517 1059 Circo
1535 1023 1654 1071 desti-(fis
1671 1023 1712 1070 est
1722 1024 1784 1072 sith
1804 1034 1896 1061 terra
1915 1027 1962 1061 nd
1970 1027 2100 1074 primas
2118 1038 2240 1072 metas,
2252 1043 2329 1065 cam

1298 1071 1508 1121 inscriptione
1526 1072 1715 1121 hujttjinodi
1737 1090 1746 1110 :
1777 1077 1904 1124 Corq‘m
1921 1076 2068 1126 confilio,
2092 1082 2193 1113 ,Mars
2209 1079 2328 1123 duello,

1298 1124 1399 1158 Lares
1418 1125 1549 1160 comitio
1561 1132 1719 1172 potentes.
1779 1127 1865 1173 Quo
1891 1126 1973 1164 loco
1991 1128 2085 1170 sunt,
2114 1129 2171 1178 qui
2190 1132 2327 1178 compito

1297 1183 1360 1220 pro
1376 1175 1506 1210 comitio
1524 1174 1712 1224 legendum
1733 1189 1860 1226 putent.
1895 1182 1928 1214 V
1932 1192 2030 1214 erum
2041 1190 2076 1214 ut
2087 1179 2250 1226 compita,
2282 1179 2326 1217 sic

1296 1224 1432 1259 comitia
1442 1254 1452 1267 ,
1481 1225 1575 1275 quod
1588 1225 1695 1274 plures
1705 1228 1739 1262 in
1750 1241 1858 1265 unum
1868 1229 1931 1265 viae
1944 1228 2141 1272 confluant,
2156 1229 2328 1279 appellan-

1294 1283 1358 1311 tur.
1393 1275 1484 1312 Vide
1495 1276 1717 1313 Macrobium
1730 1277 1786 1316 lib.
1805 1294 1831 1316 ι.
1854 1291 1978 1329 capvt
1992 1295 2019 1318 1.
2043 1283 2245 1317 Varronem
2267 1281 2323 1319 lib.

1300 1337 1350 1361 1v.
1364 1326 1464 1375 Ling.
1481 1330 1556 1364 Lat.
1569 1327 1703 1364 Festum
1713 1329 1747 1364 in
1757 1330 1963 1376 Compitalia
1973 1360 1984 1374 ,
1996 1331 2078 1367 &in
2090 1335 2200 1367 Laneae
2209 1360 2221 1374 ‚
2243 1333 2327 1369 item

1295 1376 1440 1431 Maniae3
1470 1377 1617 1414 Plinium
1638 1386 1794 1416 extremo
1813 1380 1869 1418 lib.
1882 1394 2005 1421 xxxv1.
2032 1380 2247 1430 Dionysium
2257 1383 2328 1420 An·

1293 1427 1400 1475 nquit.
1413 1430 1569 1466 Roman.
1597 1428 1654 1466 lib.
1675 1443 1726 1469 1v.

1612 1532 2008 1569 CAsAuBON.

1347 1602 1387 1634 In
1403 1611 1497 1648 cnjus
1511 1601 1722 1638 ordinatione
1732 1600 1891 1639 Sextilem
1909 1600 2083 1651 menfiem]
2097 1598 2301 1638 Censorinus
2313 1612 2325 1641 ς

1292 1647 1367 1695 Qi
1377 1659 1492 1686 nutem
1502 1651 1554 1686 ita
1563 1652 1668 1688 sextil
1672 1653 1697 1688 is
1703 1653 1846 1699 fuerat,
1868 1656 1908 1689 C.
1922 1653 2055 1689 Martio
2069 1651 2246 1700 Censorino
2255 1678 2268 1694 ,
2280 1653 2322 1687 C.

1293 1697 1412 1746 Asinio
1423 1700 1521 1737 Gallo
1535 1715 1610 1739 coss.
1627 1703 1665 1738 in
1676 1703 1820 1752 Augusti
1836 1702 1994 1741 honorem
2012 1703 2124 1740 difflua
2142 1701 2184 1750 est
2201 1706 2325 1749 Augu-

1283 1748 1357 1795 βίω
1369 1779 1379 1793 ,
1408 1764 1498 1788 anno
1508 1752 1736 1801 Augustorum
1755 1751 1920 1801 vicesima.

1345 1804 1459 1850 Magos
1480 1816 1586 1853 quam
1604 1803 1846 1852 Septembrem,
1864 1818 1927 1853 quo
1944 1813 2019 1840 erat
2034 1803 2182 1850 natum]
2227 1800 2323 1839 Soliti

1289 1861 1420 1905 veteres
1432 1866 1512 1890 eum
1522 1853 1638 1898 diem,
1668 1855 1724 1905 qui
1744 1852 1806 1891 fibi
1823 1853 1867 1891 ad
1884 1855 2034 1892 honores
2051 1855 2185 1891 aditum
2196 1851 2325 1904 patefe-

1291 1900 1399 1946 cisset,
1425 1918 1500 1941 non
1513 1906 1650 1941 minore
1661 1917 1717 1941 aut
1727 1906 1833 1941 etiam
1851 1908 1990 1952 majore
2008 1904 2121 1942 colere
2140 1904 2319 1954 religione,

1290 1964 1397 2000 quam
1415 1954 1511 1992 illum
1523 1985 1535 2000 ,
1565 1969 1638 2006 quo
1654 1955 1765 1993 solem
1786 1957 1939 2006 primum
1954 1955 2121 1993 viderant.
2149 1958 2198 1992 Ea
2208 1951 2320 1991 caussa

1290 2002 1413 2046 est,cur
1424 2007 1586 2044 Sextilem
1596 2006 1756 2044 mensem
1768 2006 1924 2058 praeierat
1932 2007 2102 2044 OEtavius
2112 2004 2322 2057 Septembris

1288 2054 1341 2090 Sic
1351 2055 1474 2094 Cicero
1493 2057 1587 2094 diem
1602 2071 1673 2108 quo
1690 2058 1837 2095 redierat
1847 2058 1891 2095 ab
1911 2058 2011 2095 exilio
2025 2060 2060 2094 ἃ
2073 2056 2241 2109 prioribus
2257 2055 2319 2093 ho-

1287 2105 1428 2144 noribus
1450 2107 1561 2146 fuerat
1579 2108 1767 2153 restitutus,
1783 2108 1895 2146 modo
1922 2108 2205 2152 oroczayfflseveo-c'oca⁴
2222 2106 2318 2143 suam

1287 2167 1416 2202 vocat,
1442 2170 1478 2196 ut
1494 2159 1539 2197 ad
1558 2161 1710 2197 Atticum
1728 2174 1788 2199 v1.
1815 2160 1908 2211 epist.
1928 2173 1987 2199 vi.
2024 2158 2137 2197 modo
2163 2157 2318 2196 natalem

1286 2206 1418 2246 reditun
1430 2209 1488 2257 fici
1503 2239 1515 2254 ,
1534 2223 1583 2251 ‚ut
1599 2211 1656 2248 lib.
1675 2225 1711 2248 11
1724 2226 1751 2249 1.
1773 2212 1868 2262 epist.
1880 2225 1936 2248 xx.

1342 2264 1384 2295 In
1400 2261 1575 2297 demortua
1586 2261 1692 2298 locum
1712 2261 1822 2299 aliam
1842 2263 1914 2309 capi
1930 2258 2124 2310 oporteret.]
2157 2267 2317 2305 Κοριολα-

1287 2309 1356 2350 Ύίσι
1366 2339 1378 2354 ,
1395 2323 1431 2348 ut
1448 2324 1490 2349 ex
1509 2313 1550 2350 A.
1564 2312 1676 2349 Gellio
1687 2316 1724 2349 ὃ(
1737 2312 1808 2349 aliis
1817 2324 1953 2349 notum.
1975 2309 2021 2348 fic
2029 2312 2137 2347 ditius
2148 2313 2294 2347 dic-{ator
2305 2339 2319 2356 ‚

1279 2357 1413 2408 flamen
1425 2362 1581 2410 proditus
1595 2362 1749 2400 dicuntur
1768 2365 1905 2413 proprie
1915 2392 1926 2407 ,
1941 2375 1977 2399 ut
1995 2372 2093 2398 notat
2103 2362 2224 2399 Curius
2235 2363 2317 2398 For-

1290 2413 1482 2450 tunatianus
1498 2412 1555 2451 lib.
1575 2428 1586 2451 ι
1600 2428 1611 2450 1
1625 2428 1652 2450 ι,
1669 2412 1730 2450 etsi
1742 2414 1808 2450 hoc
1817 2427 1890 2451 non
1902 2425 2120 2464 perpetuum.
2141 2416 2184 2450 In
2199 2410 2317 2462 gloffit

1289 2462 1449 2514 scriptum
1469 2465 1516 2501 est
1534 2478 1545 2501 ς
1572 2468 1742 2512 Captum,
1760 2462 1815 2504 τῆν
1834 2465 1905 2501 ἀπὶ
1924 2463 2090 2512 προγόνων
2108 2462 2227 2500 οἰκίαιν.
2246 2464 2316 2499 mi-

1286 2526 1365 2550 mm
1382 2515 1737 2565 interpretamentum.
1767 2514 1857 2559 scio,
1875 2515 1956 2563 quid
1975 2513 2014 2550 fit
2031 2515 2065 2551 in
2081 2513 2199 2552 ritibus
2214 2513 2320 2552 sacris

1288 2573 1402 2613 captus
1415 2566 1501 2603 locus
1530 2582 1540 2601 :
1572 2566 1627 2602 hic
1644 2564 1806 2615 magister
1821 2566 1901 2615 quid
1912 2564 1974 2601 sibi
1984 2564 2130 2602 voluerit
2141 2592 2153 2606 ,
2184 2564 2312 2602 nescio.

1287 2616 1376 2652 Puto
1390 2627 1511 2653 tamen
1529 2615 1694 2666 scriptum
1711 2615 1756 2652 ab
1777 2628 1820 2653 eo
1839 2629 1914 2652 non
1930 2614 2058 2657 ἐικίοιν,
2095 2614 2153 2651 sed
2172 2614 2312 2653 ὄικειάν.

1291 2666 1493 2705 existimavit
1505 2679 1642 2718 captam
1654 2666 1720 2702 dici
1731 2677 1833 2709 eam,
1863 2679 1939 2715 quae
1962 2678 2024 2714 per
2044 2676 2202 2715 parentes
2220 2666 2256 2702 in
2271 2677 2312 2702 ea

1290 2715 1399 2753 cauffa
1416 2716 1477 2761 fit,
1493 2729 1529 2755 ut
1549 2719 1623 2769 capi
1640 2716 1797 2753 sacerdos
1810 2716 1918 2766 possit.
1953 2719 2089 2753 Verum
2099 2715 2162 2752 alia
2173 2729 2313 2766 quoque

1289 2767 1397 2804 multa
1426 2768 1579 2818 spectata
1610 2766 1705 2804 fuisse
1731 2769 1765 2803 in
1801 2766 1947 2817 legenda
1988 2767 2119 2816 virgine
2162 2766 2311 2810 Vestali,

1288 2818 1401 2868 liquet.
1455 2818 1544 2857 Vide
1569 2818 1661 2869 apud
1692 2817 1841 2855 Gellium
1868 2818 1926 2855 lib.
1952 2832 1979 2854 1.
2008 2829 2083 2867 cap.
2110 2831 2161 2854 12.
2222 2820 2312 2854 Non

1285 2870 1385 2921 igitur
1409 2881 1484 2908 tam
1509 2869 1603 2907 male
1637 2881 1744 2921 quam
1775 2880 1900 2919 parum
1926 2868 2045 2905 dixerit
2084 2870 2221 2906 Graecus
2256 2867 2310 2904 ille

1284 2920 1457 2970 magister.

1336 2971 1463 3008 Salutis
1483 2968 1703 3020 augurium]
1733 2966 1968 3007 Intermissum
1981 2983 2040 3020 per
2050 2981 2161 3005 annos
2181 2980 2271 3005 κων
2287 2980 2308 3004 a

1282 3022 1657 3060 Ciceronis&Antonii
1677 3021 1870 3063 consulatu,
1902 3020 1945 3057 ad
1964 3032 1984 3058 v
2004 3019 2181 3057 consulem
2192 3020 2308 3067 Augu-

1279 3071 1368 3110 stum
1379 3072 1415 3110 ὅ(
1428 3077 1458 3111 S.
1471 3072 1668 3124 Apuleium.
1691 3074 1822 3110 Auctor-
1831 3073 1903 3108 Dio
1915 3100 1926 3115 ,
1949 3069 2088 3121 quisine
2104 3071 2258 3112 ratione,
2272 3080 2308 3105 ut

1277 3124 1450 3170 ai'bitt'or,
1488 3128 1526 3166 ὃς
1552 3124 1772 3166 lib-mvn.
1810 3126 1848 3159 ὅ(
1868 3134 1926 3161 Lx.
1970 3121 2123 3166 Ὑγιείας
2148 3120 2308 3207 irogus-[ux

1730 3177 1762 3212 X
1791 3187 1814 3213 a
2225 3180 2312 3206 falce
