2504 3425
259 137 328 212 96
699 123 1179 187 PEAEFATio
1234 122 1880 179 A.P01„1-1-1AN1

255 229 455 286 veritati
478 227 532 281 in
558 225 733 300 primis
758 223 997 276 servitum
1031 216 1101 269 est
1125 255 1142 275 ‚
1197 228 1256 268 ut
1297 212 1448 286 plane
1470 226 1711 285 appareat
1752 217 1817 269 ad
1844 230 2142 291 perpetuam
2166 221 2328 297 magi—s

255 303 611 379 poss‘essionem
650 303 678 368 ζ
692 310 748 349 ut
762 290 1104 364 Thucydides
1118 287 1233 359 ait)
1276 305 1432 358 quam
1449 288 1512 341 ad
1529 287 1774 339 intuitum
1790 288 1891 342 hoc
1904 309 2035 363 opus
2046 333 2059 355 ,
2076 314 2327 371 pugnam-

256 399 361 452 que
377 375 666 451 praesentem
687 379 1039 437 comparatum
1053 361 1143 414 est.
1222 359 1275 413 N
1284 378 1365 412 am
1380 360 1471 431 qui
1490 374 1577 413 aut
1590 358 1750 413 foedis
1763 358 2175 422 assentationibus
2186 411 2198 431 ,
2241 385 2330 424 aut

257 451 495 515 malignis
518 437 991 498 obtreetatiunculis
1023 475 1037 499 ‚
1090 434 1235 506 supra
1260 451 1416 504 quam
1446 450 1518 486 res
1545 432 1652 505 ipsa
1686 431 1942 505 postulet,
1981 439 2120 506 quasi
2142 441 2328 498 servire

257 508 517 579 histoiiam
548 528 744 587 cogunt
762 551 778 576 ,
816 512 852 564 ii
876 509 1003 563 mihi
1029 509 1164 562 haud
1190 508 1355 559 minus
1380 525 1491 560 eam
1518 506 1846 560 dehonestare
1871 507 2142 575 videntur,
2178 529 2334 586 atque

257 599 297 649 ii
315 635 330 659 ,
369 594 461 665 qui
491 589 772 643 Herculem
792 583 959 657 ipsum
977 582 1263 655 depingant
1276 618 1291 643 ‚
1334 580 1514 652 Lydiae
1531 580 1810 651 Omphalae
1825 581 1878 633 in
1893 580 2134 636 muliebri
2153 590 2204 637 ὃς
2220 606 2331 641 cro-

257 671 372 721 cina
394 663 624 720 tunicula
653 660 986 714 famulantem
1006 695 1021 719 ,
1060 655 1423 724 sedentemque
1455 671 1573 706 cum
1601 653 1714 706 lana
1751 658 1803 706 &
1843 655 1962 707 colu
1978 655 2334 712 interancillu-

258 743 328 794 las
344 779 360 804 ,
398 755 517 793 cum
546 735 753 788 interim
780 732 994 785 domina
1018 729 1177 781 leonis
1204 727 1383 779 induta
1400 724 1650 798 spolium,
1690 726 1889 781 clavam
1908 728 2047 780 illius
2063 747 2219 783 manu
2239 729 2336 784 sus.

256 816 417 867 tineat
434 850 449 875 ,
463 829 521 863 ac
536 807 870 881 supplicantis
884 804 1048 857 herois
1064 814 1219 872 caput
1235 799 1458 853 sandalio
1473 818 1590 853 com
1599 800 1819 872 mitiget.
1842 803 2016 872 Quam
2030 803 2099 855 ob
2112 821 2215 856 rem
2233 804 2341 857 lau-

257 887 456 940 dandus
485 885 539 936 in
566 882 745 955 primis
774 877 1002 933 Macedo
1019 873 1336 936 Alexander,
1376 874 1470 944 qui
1490 872 1787 926 Aristobulo
1800 873 2063 928 historiam
2079 875 2145 929 de
2158 875 2254 930 suis
2266 895 2340 931 re-

257 962 352 1014 bus
379 957 529 1032 gestis
555 959 684 1009 inter
708 951 1056 1024 navigandum
1083 948 1348 1010 recitanti,
1387 947 1478 998 ubi
1500 945 1662 999 homo
1676 947 1909 1001 adulator
1923 948 2085 1001 multa
2097 947 2150 1001 su
2192 969 2341 1004 rave.

260 1035 462 1086 ritatem
487 1029 750 1082 affinxerat
767 1065 782 1089 ,
821 1038 1052 1096 ereptum
1081 1020 1321 1101 manibus
1327 1019 1515 1074 librum
1531 1019 1584 1071 in
1602 1018 1883 1091 Hydaspen
1900 1021 2124 1074 fluvium
2174 1041 2339 1077 emet-

260 1105 320 1159 sit
347 1127 357 1157 ε
401 1105 470 1157 Et
498 1118 553 1156 tu
569 1141 585 1165 ,
624 1101 888 1171 inquienS,
929 1115 963 1147 o
993 1093 1315 1153 Aristobule,
1353 1092 1537 1144 eodem
1554 1089 1716 1144 fueras
1731 1092 1884 1163 pasto
1902 1095 2341 1166 praecipitandus,

262 1181 356 1250 qui
372 1177 468 1229 isto
487 1175 646 1228 modo
659 1172 793 1224 solus
810 1189 904 1240 pro
920 1186 1003 1220 me
1017 1169 1284 1237 depugnas
1300 1203 1316 1223 ‚
1338 1165 1539 1234 quique
1555 1164 1637 1216 vel
1645 1164 1819 1234 jaculo
1833 1165 1946 1236 ipso
1961 1166 2229 1222 interficias
2243 1169 2343 1223 ele-

262 1252 495 1324 phantos
574 1246 643 1298 Et
658 1247 769 1316 jure
796 1243 853 1295 id
868 1241 1082 1313 quidem
1113 1259 1122 1291 :
1166 1255 1239 1290 res
1253 1237 1389 1289 enim
1401 1238 1463 1289 ab
1475 1237 1582 1289 aliis
1597 1237 1825 1309 accipere
1838 1239 2133 1312 scriptorem
2161 1242 2344 1310 decet,

263 1324 430 1395 ipsum
470 1322 631 1373 domo
669 1316 993 1389 prudentiam
1021 1351 1036 1376 ‚
1086 1311 1542 1382 eloquentiamque
1568 1307 1758 1363 afferre.
1838 1312 1983 1366 Nam
2009 1328 2067 1366 ut
2094 1314 2302 1368 Phidias
2324 1355 2342 1381 ‚

265 1394 570 1456 P1·a>titele3‚
611 1393 938 1452 Alcamene3‚
980 1386 1173 1456 aliique
1199 1382 1412 1454 insignes
1439 1382 1662 1436 statuarii
1691 1401 1796 1436 non
1811 1383 1906 1456 ipsi
1921 1404 2128 1450 aurum,
2168 1407 2343 1459 argen-

263 1485 375 1522 tum
390 1511 404 1531 ‚
445 1468 598 1528 ebur,
637 1465 884 1536 reliquam
900 1461 1156 1514 materiam
1175 1456 1520 1509 conficiebant
1533 1494 1549 1519 ,
1587 1454 1672 1508 sed
1686 1457 1748 1509 ab
1764 1455 1902 1510 Eleis
1917 1472 2043 1530 puta
2059 1495 2075 1521 ,
2105 1459 2313 1533 Argivis
2327 1499 2345 1527 ,

266 1539 654 1597 Atheniensibus
681 1550 944 1608 acceptam
972 1531 1328 1606 perpoliebant
1345 1568 1361 1592 ,
1400 1528 1729 1592 desecabant,
1767 1531 2186 1603 componebant,
2225 1552 2345 1586 coa-

266 1614 596 1689 gmentabant
614 1650 628 1673 ‚
668 1610 956 1664 formabant
975 1645 991 1670 ‚
1029 1622 1259 1675 auroque
1272 1602 1623 1675 inspergebant
1637 1644 1652 1666 ,
1680 1604 1856 1674 itaque
1868 1604 1914 1657 se
1928 1605 2166 1677 praeclare
2180 1604 2346 1659 artifi-

268 1692 350 1742 cio
368 1687 456 1739 suo
471 1683 756 1738 satisfecisse
770 1680 1125 1736 existimabant
1143 1699 1152 1730 :
1182 1676 1247 1728 fic
1261 1695 1378 1728 eum
1395 1675 1633 1748 profesto
1648 1714 1664 1740 ‚
1689 1678 1785 1748 qui
1800 1676 1859 1730 s1t
1871 1696 1944 1731 res
1959 1677 2117 1751 gestas
2131 1678 2347 1751 posteri-

269 1762 361 1814 tati
378 1758 828 1813 commendaturus
841 1798 856 1819 ‚
899 1754 1124 1825 redigere
1141 1748 1280 1821 quasi
1297 1751 1351 1802 in
1366 1749 1610 1821 quadram
1627 1787 1644 1813 ,
1682 1768 1799 1821 quae
1812 1749 1946 1805 fasta
1961 1751 2055 1804 sint
2065 1790 2081 1815 ,
2121 1765 2278 1822 atque
2290 1753 2347 1806 in

271 1834 501 1887 ordinem
519 1845 729 1903 oportet
743 1869 758 1893 ,
796 1847 957 1899 eaque
973 1844 1127 1897 quam
1143 1823 1367 1876 maxime
1382 1837 1553 1895 aperte
1571 1861 1586 1885 ‚
1607 1823 1867 1876 evidenter
1879 1823 2165 1896 disponere,
2181 1824 2318 1878 ficut
2331 1863 2348 1889 ,

273 1907 368 1977 qui
398 1905 571 1957 audiat
587 1942 603 1966 ,
643 1922 747 1956 non
762 1917 866 1955 tam
881 1902 1115 1971 excipere
1129 1896 1219 1949 fibi
1233 1897 1434 1950 auribus
1448 1938 1463 1959 ,
1505 1914 1658 1966 quam
1672 1895 1907 1969 usurpare
1918 1897 2083 1951 oculis
2096 1898 2348 1952 videatur.

273 1982 450 2049 Atque
464 1978 595 2029 hanc
610 1977 658 2028 in
675 1976 850 2046 primis
864 1989 1064 2045 captare
1077 1970 1346 2023 historicus
1358 1968 1562 2022 laudem
1576 1969 1804 2032 debet‚ut
1816 1970 2046 2023 libertate
2059 1969 2171 2023 usus
2187 1966 2346 2023 maxi-

273 2071 355 2104 ma
387 2053 437 2103 in
453 2050 718 2102 scribendo
737 2087 750 2110 ,
766 2063 822 2099 ut
838 2065 1002 2116 neque
1016 2044 1339 2097 assentationi
1356 2041 1495 2114 quasi
1507 2042 1784 2105 obnoxius,
1801 2062 1967 2115 neque
1983 2044 2347 2097 obtrestationi

276 2123 415 2194 quasi
440 2121 660 2176 offensus
676 2160 689 2184 ‚
728 2120 810 2173 sed
838 2119 960 2171 fidei
976 2116 1170 2171 servisse
1183 2115 1657 2186 atqtieincorrtiptae
1675 2116 1874 2168 veritati
1889 2115 2205 2169 existimetur
2220 2154 2237 2180 ‚
2276 2135 2341 2169 ne

275 2197 406 2267 quid
424 2197 473 2247 in
490 2215 552 2247 eo
568 2194 759 2256 servile,
772 2211 897 2245 neve
910 2191 1040 2262 quid
1057 2190 1327 2262 malignius
1339 2187 1764 2260 deprehendatur,
1774 2187 1838 2240 sic
1854 2202 1910 2239 ut
1925 2206 2015 2240 nec
2031 2189 2145 2241 ullis
2160 2189 2342 2241 condi-

275 2269 502 2321 tionibus
517 2267 836 2328 sollicitatUS,
852 2282 1017 2334 neque
1034 2263 1320 2315 mercedula
1334 2263 1577 2331 cuiquam
1595 2261 1898 2323 aristorattis,
1913 2260 1997 2314 sed
2011 2260 2084 2313 sui
2097 2261 2350 2334 homoju-

275 2343 339 2394 ris
357 2384 369 2404 ‚
407 2341 590 2403 τείως,
604 2356 757 2410 atque
771 2338 1050 2409 intrepidus
1065 2350 1291 2388 neutram
1305 2338 1355 2387 in
1373 2348 1566 2406 partem
1581 2334 1953 2404 praeponderet.
1997 2333 2194 2405 Neque
2208 2337 2346 2387 enim

277 2416 428 2467 debet
441 2415 586 2483 hujus
600 2414 768 2484 operis
784 2412 1043 2471 conditor,
1057 2412 1225 2461 inanes
1240 2408 1354 2461 illos
1371 2406 1690 2479 praesentium
1704 2405 2015 2459 rumusculos
2029 2405 2194 2460 statim
2207 2406 2349 2480 quasi

277 2506 428 2541 manu
455 2489 675 2558 pretium
692 2485 964 2558 aucupari,
1002 2482 1085 2535 sed
1098 2481 1316 2535 solidum
1330 2478 2208 2552 posteritatisexspefi’carejudicium.
2284 2479 2350 2533 Id

279 2561 427 2630 quod
456 2558 628 2612 fecisse
657 2560 909 2612 Cnidium
938 2555 1199 2628 quendam
1222 2555 1554 2608 architestum
1577 2553 1790 2616 dicunt,
1830 2554 1924 2624 qui
1955 2551 2226 2606 fabricatus
2242 2553 2350 2625 regi

281 2635 555 2685 maximam
574 2633 729 2694 illam,
749 2630 1249 2703 pulcherrimamque
1265 2629 1317 2680 in
1334 2627 1501 2680 Pharo
1516 2626 1743 2698 AEgypti
1770 2628 1947 2678 turrim
1966 2664 1981 2688 ,
2019 2627 2156 2678 unde
2170 2625 2350 2678 videli-

278 2721 359 2757 cet
375 2707 535 2757 nautis
551 2706 795 2759 noriturna
811 2705 1005 2757 lumina
1018 2701 1400 2754 ostenderentur
1414 2743 1427 2763 ‚
1450 2699 1593 2752 suum
1609 2700 1823 2769 quidem
1853 2717 2043 2751 nomen
2070 2699 2124 2750 in
2151 2699 2280 2751 muri
2306 2698 2348 2748 i-

281 2777 412 2847 psius
426 2779 597 2849 lapide
613 2779 742 2831 clam
758 2776 1159 2840 incidit,calcem
1173 2774 1358 2827 deinde
1372 2772 1765 2845 superinducens
1780 2791 1965 2825 nomen
1981 2770 2228 2842 inscripsit
2241 2771 2348 2822 Re-

283 2850 360 2918 gis
379 2887 392 2910 ,
431 2850 539 2902 fore
554 2852 607 2903 id
630 2890 643 2912 ‚
683 2851 827 2922 quod
841 2850 1028 2904 accidit
1045 2887 1060 2912 ,
1098 2862 1365 2920 auguratus
1379 2885 1394 2910 ,
1409 2861 1466 2900 ut
1481 2846 1616 2898 haud
1634 2846 1800 2898 multo
1815 2844 1930 2916 post
1944 2846 2097 2898 literae
2109 2844 2207 2896 illae
2222 2858 2341 2892 cum

282 2921 440 2973 lorica
466 2922 547 2973 sua
572 2924 852 2976 defluerent
877 2966 887 2984 ‚
929 2938 1084 2994 atque
1112 2921 1424 2992 insculptum
1449 2919 1568 2972 saxo
1595 2932 1887 2990 appareret,
1927 2918 2166 2988 Sqft‘ratus
2186 2913 2345 2966 Dexi-

277 2993 448 3067 plaam's
487 2994 684 3047 Cnidius
721 2996 812 3050 diis
831 2995 1132 3071 salutaribus
1162 2994 1215 3050 ob
1240 2997 1537 3067 navigantes.
1616 2994 1750 3046 Non
1777 2991 1941 3065 igitur
1968 2988 2119 3043 seculi
2144 2997 2344 3107 tantusm

2293 3074 2344 3108 ui
