2504 3425
549 121 1980 185 T.FLAv1usDoM11·1ANus.
2229 138 2335 212 695

241 217 467 283 Principum
498 215 758 276 mift'errimum
791 216 923 274 ajebat
936 254 948 274 ,
983 217 1114 280 quibus
1145 219 1196 264 de
1227 222 1486 282 conjuratione
1517 237 1706 290 compertu
1738 242 1813 270 non
1836 226 2074 283 crederetur,
2108 229 2180 292 nist
2199 235 2338 293 occisis.

234 282 416 341 Qtoties
448 280 583 325 otium
620 276 741 334 esset,
775 282 859 326 alea
892 283 930 325 se
966 284 1222 340 oblecftabat,
1256 287 1378 330 etiam
1415 285 1605 347 profestis
1640 288 1786 334 dicbus
1807 325 1821 346 ,
1868 290 2162 354 matutinisque
2196 292 2333 342 horis:

234 360 279 387 ac
312 342 471 389 lavabat
503 343 555 388 de
588 341 678 399 die,
713 344 1024 408 prandebatque
1058 349 1106 392 ad
1143 347 1404 395 satietatem:
1440 366 1483 396 ut
1518 368 1604 396 non
1641 367 1798 399 temere
1837 351 1955 418 super
1991 373 2157 402 coe-nam
2192 372 2336 420 praeter

231 407 469 453 Matianum
505 408 686 463 malum,
721 413 766 453 δέ
802 410 1011 456 modicam
1046 413 1087 456 in
1124 415 1303 475 ampulla
1336 416 1624 476 potiunculam
1651 415 1846 464 sumeret.
1911 420 2229 467 convivabatur
2249 421 2339 468 fre-

232 487 412 532 quenter
443 488 488 517 ac
522 473 633 534 large
659 507 672 527 ‚
706 469 774 517 sed
807 490 923 535 paene
957 477 1102 536 raptim
1130 495 1140 520 ε
1195 492 1304 522 certe
1337 495 1425 524 non
1459 481 1559 524 ultra
1595 479 1688 526 solis
1720 483 1910 528 occasum
1938 519 1950 539 ‚
2006 501 2082 530 nec
2117 500 2162 531 ut
2195 485 2333 548 postea

230 536 519 581 comiffiretur.
588 538 704 583 Nam
738 535 787 581 ad
821 537 965 583 horam
1000 538 1135 584 somni
1170 540 1275 585 nihil
1309 542 1419 588 aliud
1441 579 1455 598 ,
1500 561 1625 606 quam
1668 547 1823 593 secreto
1866 546 1974 592 solus
2025 548 2328 597 deambulabat.

146 607 200 640 22
230 599 440 646 Libidinis
475 597 638 655 nimiae,
671 598 942 646 assiduitatem
977 603 1224 648 concubitus
1259 605 1369 649 velut
1403 610 1706 654 exercitationis
1740 627 1873 672 genus
1895 646 1907 666 ‚
1941 612 2175 674 clinopalen
2201 631 2330 662 voca-

230 662 312 709 bat.
372 665 561 728 Eratque
596 663 739 720 fama,
783 664 896 727 quali
930 667 1184 711 concubinas
1218 666 1303 728 ipse
1338 668 1584 726 divelleret,
1620 687 1853 738 nataretque
1890 678 1998 722 inter
2031 677 2325 740 vulgatiffimas

229 731 478 775 meretrices.
545 729 693 774 Fratris
725 726 854 773 filiam
888 728 1019 774 adhuc
1055 731 1262 793 virginem
1294 731 1474 777 oblatam
1509 735 1552 778 in
1586 738 1901 785 matrimonium
1933 739 2032 797 fibi,
2061 758 2159 789 cum
2175 742 2328 789 devin-

224 792 315 837 &tus
347 794 552 839 Domitiae
586 792 742 852 nuptiis
773 793 1090 853 pertinacissime
1124 792 1360 852 recuiaffet‚
1395 812 1483 841 non
1518 800 1652 844 multo
1684 800 1775 862 post
1808 805 1877 848 alii
1909 806 2178 865 collocatam,
2215 809 2324 855 ultro

219 859 430 920 corrupit,
467 863 510 903 &
547 857 717 918 quidem
751 857 851 901 vivo
884 857 1007 901 etiam
1040 870 1131 901 tum
1165 859 1300 904 Tito:
1337 876 1434 904 mox
1469 875 1579 923 patre
1614 877 1658 907 ac
1691 865 1782 911 viro
1801 866 2008 924 orbatam,
2041 870 2318 918 ardentiffime

220 923 438 984 palamque
474 921 649 974 dilexit,
692 931 738 962 ut
770 920 894 964 etiam
920 920 1048 964 caussa
1080 923 1226 967 mortis
1259 921 1492 981 exstiterit,
1539 927 1688 974 coac0cae
1721 944 1974 991 conceptum
2009 949 2030 975 a
2065 934 2102 977 se
2136 935 2317 997 abigere.

138 1003 190 1049 23
223 985 426 1031 Occisum
449 1001 571 1039 eum,
607 981 786 1043 populus
809 981 1117 1040 indifferenter,
1152 988 1270 1032 miles
1292 987 1524 1050 gravissime
1545 993 1664 1048 tulit,
1698 990 1919 1055 statimque
1943 1011 2040 1040 eum
2066 997 2229 1043 Divum
2243 1017 2318 1059 ap-

217 1051 370 1111 pellare
395 1060 566 1093 conatus
584 1045 643 1092 est
667 1064 678 1090 τ
714 1061 875 1107 paratus
895 1052 940 1092 δε
966 1047 1127 1103 ulcisci,
1163 1052 1236 1098 nifi
1262 1052 1387 1097 duces
1407 1052 1641 1102 defuisient.
1673 1057 1790 1119 quod
1802 1057 1974 1122 quidem
1997 1061 2136 1121 paullo
2150 1061 2241 1123 post
2253 1062 2319 1108 fe-

218 1115 301 1170 cit,
334 1112 599 1174 expostulatis
622 1108 671 1155 ad
694 1126 864 1172 poenam
879 1113 1195 1173 pertinacissime
1208 1116 1326 1162 caedis
1341 1118 1588 1166 auetoribus.
1655 1121 1843 1179 Contra,
1878 1121 2036 1169 senatus
2050 1125 2318 1174 adeolaeratus

216 1176 302 1233 est,
338 1191 384 1222 ut
413 1178 565 1240 repleta
588 1175 773 1222 certatim
798 1176 928 1222 Curia
948 1194 1035 1222 non
1056 1192 1300 1242 temperaret
1320 1216 1332 1236 ‚
1368 1184 1473 1244 quin
1510 1199 1721 1231 mortuum
1745 1188 2164 1235 contumeliofiffimo
2187 1204 2320 1253 atque·

216 1239 476 1289 acerbiffimo
500 1240 844 1288 acclamationum
867 1258 1022 1306 genere
1042 1242 1257 1293 laceraret:
1294 1245 1413 1294 scalas
1436 1249 1562 1295 etiam
1585 1248 1754 1309 inferri,
1787 1250 2093 1316 clypeosque&
2110 1256 2317 1318 imagines

2229 1324 2322 1380 ejus>

1338 1385 1651 1440 ‘zi-‚clinopalenff
1686 1390 1739 1426 Sic
1751 1391 1874 1428 Viuor
1885 1403 2044 1443 quoque,
2064 1398 2211 1437 Furens,
2234 1393 2311 1441 (in-

1288 1436 1593 1522 ‹Ztglctazajibidinffi
1633 1440 1700 1489 ejus
1719 1442 1861 1487 ftedum
1885 1443 2087 1481 exercitium
2103 1447 2315 1488 κλινοποὶλῃν

1344 1537 1490 1576 Concub.
1516 1539 1579 1588 ipse
1593 1542 1815 1591 divellerent]
1849 1545 1917 1582 Pro
1935 1546 2089 1584 velleret,-

213 1392 263 1417 κα
281 1409 294 1426 ,
318 1381 409 1419 alica
425 1395 501 1420 cum
518 1381 623 1430 mulsi)
647 1380 702 1425 Εἴ
722 1383 814 1419 m‘ve.
872 1386 968 1418 Nam
996 1381 1084 1418 hanc
1110 1393 1237 1431 quoque

211 1433 440 1480 computabis,
470 1437 537 1472 imo
555 1434 644 1471 hanc
658 1432 847 1481 inprimis,
876 1433 1035 1482 quaeperit
1051 1433 1087 1468 in
1088 1433 1230 1478 ferculo.

215 1483 462 1523 Brizoatnns.
670 1500 678 1504 “

485 1549 487 1551 ’
529 1537 564 1572 Τ
592 1549 616 1573 0
646 1548 666 1571 R
703 1547 725 1571 tt
756 1545 778 1570 Ε
809 1545 834 1571 N
865 1546 902 1570 T.

269 1596 328 1623 21.
355 1586 474 1624 Etiam
484 1585 635 1635 profestis
650 1583 799 1633 diebus]
830 1584 883 1622 Sic
899 1582 1012 1621 ferme
1022 1583 1065 1621 de
1080 1584 1235 1635 Augusto

211 1645 287 1685 cap.
302 1647 404 1674 Lxxi.

266 1687 528 1737 Prandebatque
557 1687 606 1722 ad
622 1685 866 1736 fhtietatem.]
926 1689 1004 1737 Sup.
1043 1688 1131 1738 Aug.
1159 1699 1231 1739 cap.

210 1744 303 1775 xxxv
311 1750 323 1773 1
335 1751 347 1774 1
360 1752 388 1774 1.

266 1790 368 1833 Super
387 1785 554 1834 mnam]
599 1787 751 1837 Accipiet
778 1786 857 1823 hinc
882 1786 996 1824 lucem
1019 1816 1032 1831 ‚
1066 1788 1161 1836 quod
1189 1788 1232 1825 de

208 1832 356 1873 Priscilla
374 1837 569 1875 Abascantii
587 1836 690 1873 refert
713 1838 834 1874 Statius
850 1837 929 1875 Silv.
948 1851 983 1875 v.
1040 1839 1111 1885 Ipsa
1132 1839 1232 1887 dapes

206 1887 358 1923 modicas
372 1915 385 1931 ,
413 1886 466 1931 [5
479 1886 592 1935 sbbriu
601 1887 722 1936 pocula
741 1887 875 1930 tradit,
903 1888 1168 1938 Exemplumque
1181 1891 1229 1925 ud

206 1932 312 1974 herile
329 1949 462 1983 monet,
487 1942 555 1976 ἃς.
594 1950 680 1977 nam
700 1936 806 1975 herile
829 1937 1016 1987 exemplum
1035 1940 1230 1977 Domitiani

207 1983 282 2024 hen·
299 1989 464 2041 intelligit.

256 2041 462 2077 Matianum
478 2039 623 2078 malum.
639 2040 654 2088 ]
682 2041 734 2078 Sic
748 2039 854 2078 nostri
870 2051 1011 2090 quoque
1023 2053 1103 2078 mss.
1129 2041 1199 2080 duo
1212 2073 1224 2088 ,

204 2100 279 2128 non
300 2092 546 2135 Martiarum,
568 2103 604 2129 ut
623 2091 763 2141 vulgati.
792 2092 918 2129 Similis
934 2104 1028 2128 error
1046 2093 1132 2130 Caes.
1152 2107 1226 2145 cap.

206 2151 250 2178 1.1
263 2155 289 2180 1.
320 2143 378 2181 ubi
398 2143 627 2181 C.Martium
644 2155 710 2192 pro
729 2146 771 2180 C.
782 2145 937 2179 Matium
948 2141 1080 2192 legitur.
1114 2146 1226 2195 Aquo

209 2190 272 2236 (ut
292 2193 460 2241 arbitror)
500 2206 611 2243 pomo
632 2207 776 2232 nomen.
807 2205 892 2230 nam
907 2194 934 2230 is
951 2195 995 2230 C.
1014 2195 1137 2232 Matius
1160 2197 1226 2244 pri-

206 2253 287 2278 mus
306 2257 452 2282 nemora
470 2243 605 2280 tonfilia
624 2245 766 2283 invenit.
823 2245 954 2281 Auctor
971 2243 1055 2281 Plin.
1075 2245 1132 2283 lib.
1144 2260 1182 2283 xx
1198 2262 1224 2284 1.

207 2303 282 2342 cap.
300 2308 352 2332 11.
379 2295 438 2332 ubi
461 2307 581 2331 tamen
597 2297 664 2331 Cn.
687 2306 799 2332 vocat.
827 2298 884 2331 De
904 2308 1014 2345 pomo
1032 2295 1126 2333 idem
1137 2297 1222 2336 Plin.

207 2342 265 2380 lib.
280 2358 336 2382 xv.
359 2358 433 2397 cap.
453 2358 532 2382 x1v.
568 2348 606 2381 ὃ(
630 2345 827 2383 Columella
849 2346 907 2383 lib.
921 2359 952 2382 v,
973 2358 1047 2396 cap.
1066 2361 1098 2383 x.
1147 2351 1222 2385 Ma-

206 2394 304 2431 crob.
325 2396 383 2434 lib.
404 2410 478 2433 111.
511 2395 674 2432 Saturnal.
693 2408 860 2446 cap.x1x.
882 2409 1080 2447 quanquam
1097 2398 1221 2437 isMat-

205 2444 337 2483 tianum
355 2458 475 2490 vocat,
513 2443 571 2484 sed
592 2457 719 2484 errore.

261 2503 302 2534 In
315 2502 464 2546 ampulla
479 2496 721 2545 potiunculam.
741 2499 756 2544 ]
790 2498 955 2544 Ampulla
967 2499 1139 2538 vasculum
1149 2514 1219 2538 erat

205 2548 410 2588 ventrosum
428 2579 441 2594 ,
471 2549 539 2584 oris
558 2546 701 2595 angusti.
759 2548 867 2591 Cujus
885 2550 1070 2597 praecipuus
1092 2563 1164 2587 erat
1183 2553 1216 2588 in

204 2600 336 2638 balneis
346 2601 429 2638 usus.
461 2598 563 2636 Unde
581 2599 729 2646 ampulla
755 2597 881 2632 olearia
902 2600 992 2646 apud
1011 2599 1217 2650 Apuleium,

202 2655 241 2690 δ(
268 2654 473 2700 ampuHuriae
501 2649 667 2686 uni‘i‘iones
701 2647 790 2698 apud
826 2646 992 2685 Plautum.
1060 2652 1127 2686 Am
1135 2651 1220 2699 pulla

202 2715 364 2754 quoque,
393 2707 429 2740 S<
446 2699 576 2749 strigilis
594 2699 683 2749 apud
701 2698 852 2735 eundem
873 2699 993 2741 Persa,
1022 2703 1058 2736 ὅ(
1078 2703 1220 2739 Cicero„

202 2766 290 2791 nem
307 2767 358 2794 1v.
387 2757 443 2790 De
467 2750 592 2788 finibus
610 2779 622 2793 ‚
659 2751 781 2799 Cynici
795 2747 952 2798 supellex.
1009 2750 1130 2788 Sed&
1147 2754 1217 2790 via-

203 2815 320 2844 torem
341 2804 476 2842 Plautus
492 2801 697 2851 chlamyde,
727 2811 834 2842 zona,
866 2800 1060 2844 machaera,
1081 2803 1217 2851 petaso,

204 2868 309 2908 atque
330 2856 481 2907 ampulla
500 2853 631 2890 instruit
645 2881 657 2896 ,
682 2864 806 2890 verum
829 2850 998 2888 vinariam
1017 2854 1127 2902 potius
1158 2855 1217 2902 (ut

203 2907 372 2955 arbitror)
401 2919 506 2958 quam
530 2904 696 2942 oleariam
715 2901 916 2951 intelligens.
938 2913 1021 2938 nam
1040 2906 1075 2938 ὅ(
1092 2907 1219 2951 potoria

203 2961 353 3008 ampulla
378 2959 414 2996 in
430 2954 559 2994 mensis
575 2954 662 2992 usus.
722 2955 781 2990 De
797 2963 864 3002 qua
881 2954 1041 2990 Martialis
1060 2953 1117 2991 lib.
1136 2969 1216 2994 xlv.

202 3011 384 3060 Epigncx.
406 3013 442 3046 ὃ(
460 3007 640 3046 Suetonius
656 3006 719 3043 hic.

205 3092 209 3094 ,
256 3055 534 3109 (ῗοῃῖίῃὲανεηινΛ
568 3055 748 3106 Comeffizri
762 3057 873 3109 potius
891 3056 1222 3103 scribendumvicleri

204 3109 418 3150 ostendimus
435 3114 468 3155 V
472 3109 550 3151 itelL
563 3120 637 3160 cap.
648 3123 686 3150 xi
701 3124 710 3150 1
726 3122 752 3148 ι.

1264 3059 1381 3106 statua
1407 3060 1649 3100 detrahantur.

1346 1587 1627 1638 Vulguttffimus.]
1667 1593 1810 1632 Mallem
1836 1594 2103 1644 vulgariffimas,
2139 1606 2179 1633 ut
2198 1592 2233 1633 in
2249 1607 2310 1636 ve-

1288 1637 1348 1673 teri
1368 1639 1445 1676 cod.
1472 1641 1525 1677 Sic
1544 1642 1683 1679 muliere
1702 1644 1844 1692 vulgari
1850 1672 1863 1687 ,
1892 1647 2007 1684 Vitell.
2020 1659 2094 1697 cap.
2112 1660 2164 1683 11.

1339 1688 1419 1724 Alli
1432 1691 1656 1741 collocatam]
1687 1697 1865 1732 Generum
1883 1697 1972 1740 Titi,
2001 1697 2057 1734 sed
2073 1696 2144 1734 fine
2163 1696 2309 1733 nomine

1284 1749 1546 1778 commemorat
1581 1745 1719 1782 Sueton.
1765 1745 1838 1795 sup.
1872 1760 1946 1797 cap.
1974 1762 2014 1784 xi
2028 1763 2057 1786 1.
2115 1752 2157 1784 Et
2183 1746 2306 1783 Philo-

1283 1787 1402 1826 stratus
1429 1791 1571 1841 quidem
1596 1794 1712 1832 Flavio
1742 1796 1875 1834 Sabino
1893 1826 1905 1841 ,
1939 1811 2045 1847 quem
2079 1798 2304 1835 Domitianus

1281 1839 1425 1884 occidit,
1458 1854 1602 1889 nuptam
1616 1842 1710 1881 fuiffe
1734 1845 1866 1891 scribit,
1895 1847 1952 1884 sed
1969 1850 2148 1886 Suetonius
2177 1860 2304 1884 necem

1282 1901 1422 1929 narrans
1445 1895 1594 1945 conjugii
1617 1908 1689 1932 non
1708 1899 1901 1941 meminit,
1927 1910 1999 1948 cap.
2011 1913 2043 1936 x.

1338 1946 1463 1980 Consta
1481 1957 1567 1982 conc.
1597 1958 1619 1981 a
1636 1946 1675 1993 st:
1701 1945 1870 1997 abigere]
1923 1953 2113 2000 Tanquam
2133 1963 2175 1987 ex
2199 1950 2312 2001 priori-

1281 1994 1409 2030 marito
1427 1995 1643 2047 concepisset.
1700 1996 1806 2034 Aliter
1824 1999 1980 2042 Juvenal.
2011 2004 2079 2037 Sat.
2097 2015 2127 2038 1.

1390 2048 1481 2131 Cum
1500 2055 1547 2082 tot
1566 2046 1733 2084 abortivis
1738 2048 1928 2095 secundam
1945 2050 2055 2097 :Jahn
2069 2051 2221 2091 vulvam

1391 2100 1429 2131 Se
1445 2107 1550 2136 veret.

1591 2184 1984 2225 Casaunou.

1331 2261 1385 2293 23.
1399 2251 1513 2287 Scalas
1529 2252 1635 2288 etiam
1653 2253 1774 2299 inferri
1793 2254 1975 2304 clypeosqM
1992 2253 2045 2298 ἰδ’
2059 2255 2220 2304 {imagines
2231 2255 2296 2302 ejus

1277 2312 1386 2335 corum
1404 2301 1576 2349 detrahi]
1603 2303 1698 2350 Quid
1717 2302 1740 2339 si
1759 2308 1894 2353 potius?
1922 2305 2025 2342 Scalis
2042 2306 2146 2342 etiam
2156 2306 2296 2351 infern,

1274 2351 1354 2398 clyp.
1382 2364 1466 2389 nam
1491 2353 1606 2389 Scalas
1640 2353 1704 2389 dici
1740 2355 1891 2392 absolute
1935 2355 2047 2393 Scalas
2079 2357 2293 2396 Gemonias,

1274 2415 1345 2452 quo
1363 2402 1457 2438 solita
1480 2403 1581 2448 abjici
1609 2415 1665 2440 aut
1694 2405 1779 2442 trahi
1800 2405 1964 2456 supplicio
1983 2405 2190 2443 affeROrum
2216 2419 2293 2441 cor-

1271 2465 1373 2502 pora,
1403 2467 1477 2490 non
1494 2456 1632 2491 mirum.
1665 2456 1773 2492 Graeci
1788 2470 1926 2506 quoque
1948 2455 2150 2499 οὶνοιὲοιθμές
2165 2456 2294 2494 oin->2315

1271 2503 1358 2551 saepe
1377 2516 1503 2540 vocant
1516 2533 1526 2548 ‚
1553 2516 1587 2541 ut
1605 2506 1676 2540 Dio
1695 2504 1782 2542 libro
1803 2518 1865 2544 tvi
1881 2506 1962 2543 1.de
1973 2507 2039 2542 hoc
2050 2518 2167 2543 autem
2189 2519 2299 2543 more·

1270 2554 1347 2591 vide
1367 2553 1456 2589 libro
1475 2569 1552 2591 111.
1583 2566 1659 2605 cap.
1680 2555 1813 2593 ultimo.
1843 2557 2029 2606 Vulgatam
2044 2569 2163 2594 tamen
2175 2557 2292 2593 lectio-

1273 2617 1355 2639 nem
1371 2608 1452 2639 'non
1472 2604 1605 2641 damno
1627 2620 1636 2642 :
1662 2608 1829 2655 quoniam
1849 2604 1957 2643 simile
1976 2608 2024 2643 est
2047 2621 2132 2645 vero
2150 2636 2162 2651 ,
2197 2607 2289 2643 scalis

1274 2667 1360 2704 opus
1378 2651 1471 2689 fuiffe
1489 2654 1532 2690 ad
1551 2655 1782 2693 detrahendos
1800 2657 1940 2707 clypeos
1958 2660 1995 2693 ὅ(
2013 2659 2146 2707 tyranni
2167 2659 2291 2706 imagi-

1274 2717 1356 2746 nes,
1383 2717 1460 2752 quae
1476 2706 1510 2741 in
1529 2706 1642 2742 Curia.
1678 2707 1867 2743 Detrahere
1879 2736 1889 2750 ‚
1924 2708 1970 2744 est
1987 2707 2030 2744 de
2045 2708 2125 2745 loco
2142 2707 2290 2757 ssiperio-

1271 2768 1308 2791 re
1317 2755 1463 2800 dejicere
1482 2767 1538 2792 aut
1554 2768 1732 2795 amovere.
1789 2758 1911 2807 Clypei
1926 2759 2144 2808 &imagines
2157 2758 2299 2795 dedicas

1273 2806 1396 2843 bantur
1417 2805 1599 2851 sublimes,
1628 2819 1663 2844 ut
1682 2808 1818 2845 cuilibet
1842 2808 1890 2844 est
1912 2821 2150 2858 compertum.
2181 2822 2286 2859 quare

1272 2857 1307 2892 in
1322 2870 1357 2893 re
1377 2855 1478 2893 simili
1498 2858 1642 2896 verbum
1668 2858 1811 2895 detraho
1829 2858 1879 2895 est
1898 2858 2162 2910 ulitatiffinmm.
2191 2859 2290 2904 justi-

1271 2921 1332 2944 nus
1350 2907 1438 2944 libro
1451 2921 1556 2947 xxxvi
1571 2923 1581 2945 1
1596 2923 1622 2947 ι.
1640 2914 1672 2944 T
1668 2923 1731 2947 unc
1734 2909 1871 2958 populus
1884 2909 2144 2946 Alexandrinus
2162 2910 2295 2949 flamm

1271 2956 1324 3000 Εἴ
1343 2959 1504 3006 imagines
1520 2960 1589 3006 ejus
1610 2960 1773 2996 detrahit.
1810 2964 1847 2997 ὅ(
1866 2961 1952 2996 inter
1970 2960 2102 2997 senatus
2121 2961 2290 2997 acclama-

1270 3011 1384 3045 tiones
1401 3007 1567 3047 exstincto
1594 3009 1803 3047 Commodo
1823 3040 1834 3054 ,
1860 3009 1922 3047 fuit
1941 3011 2014 3048 liaec
2037 3027 2046 3049 ε
2080 3011 2288 3047 Glasliasor's

1702 3060 1802 3112 Apud
1827 3062 2036 3105 ,Iuvenalem
2052 3061 2174 3100 staums
2197 3061 2288 3097 male

1272 3112 1534 3162 interpretantur
1551 3112 1614 3152 isto
1632 3113 1714 3151 loco
1737 3116 1862 3200 Satsyrce
1882 3126 1922 3152 vl
1937 3126 1963 3150 1.

1705 3163 1759 3202 Ss
1766 3163 1785 3201 s
1831 3179 1847 3208 3

2117 3184 2158 3192 --—
2188 3171 2303 3210 rumpe
