2504 3425
481 164 556 226 D.
607 169 947 225 OcTAv.
1013 169 1332 225 CAEsAR
1395 168 1916 226 AUGusTus;

637 263 775 326 Impia
793 261 889 305 dnm
912 258 1046 306 Phoebi
1066 260 1188 321 Caefizr
1209 259 1419 304 mendacia
1440 259 1570 317 ludit,

684 328 798 370 Dum
820 341 926 369 nova
946 325 1128 370 divorum
1150 336 1271 369 coenat
1290 323 1483 369 adulteria
1496 341 1510 369 :

642 388 798 434 Omnia
809 389 853 450 se
877 405 903 432 a
922 392 1034 434 terris
1056 402 1145 433 tunc
1167 390 1353 433 Numina
1375 387 1646 434 declinarunt:

678 457 796 517 Fugit
820 462 882 498 (φ
897 466 1049 497 auratos
1065 453 1251 518 Juppiter
1273 453 1346 516 ipse
1365 450 1529 498 thronos.

157 517 293 564 Auxit
317 532 445 566 coenae
470 533 681 564 rumorem
706 517 863 562 iumma
885 530 985 561 tunc
1003 515 1047 561 in
1073 517 1236 561 civitate
1273 515 1444 575 penuria
1476 531 1521 560 ac
1557 512 1703 560 fames,
1769 513 2145 578 Acclamatumque
2179 516 2238 562 est

155 581 348 645 postridie
361 618 374 639 ,
397 585 643 645 frumentum
665 598 774 626 omne
792 581 884 626 deos
903 580 1097 639 comediffb
1111 595 1125 624 .·
1160 582 1203 623 δι
1224 579 1407 637 Caefhrem
1428 580 1492 638 eff}
1505 581 1627 645 plane
1646 579 1903 645 Apollinem,
1928 580 2002 641 fid
2023 581 2237 627 Tortorem.

156 663 245 709 quo
280 647 538 709 cognomine
560 647 594 690 is
616 648 737 691 Deus
754 643 932 707 quadam
956 646 1003 688 in
1026 656 1135 705 parte
1159 639 1273 686 urbis
1297 639 1521 688 colebatur.
1588 644 1774 687 Notatus
1807 641 1866 688 est
1902 648 1945 689 δε
1976 658 2022 689 ut
2055 644 2238 706 pretiosae

107 737 111 740 ·
154 711 415 773 lupellectilis
448 707 858 769 Corinthiorumque
893 705 1170 769 praempidus,
1209 707 1254 748 &
1275 704 1370 750 aleae
1405 704 1640 768 indulgens.
1706 708 1821 752 Nam
1853 712 1896 753 &
1930 706 2244 771 proscriptionis

2127 189 2237 243 229

156 788 346 836 tempore
378 773 428 819 ad
460 771 631 818 statuam
665 775 752 829 ejus
783 771 1033 832 adscriptum
1066 767 1147 814 est:

632 839 752 880 Pater
774 837 1040 899 argentarius,
1073 850 1140 896 ego
1170 830 1478 878 Corinthiarius:
2110 877 2120 886 ,

153 918 251 947 cum
273 898 590 954 existimaretur,
624 896 824 961 quosdam
848 910 1016 960 propter
1036 904 1125 942 vala
1146 894 1372 943 Corinthia
1394 897 1502 943 inter
1524 895 1772 960 proscriptos
1796 897 1945 945 curaffe
1971 897 2229 946 referendos.

152 965 208 1010 Et
231 964 381 1011 deinde
404 962 517 1010 bello
541 960 742 1011 Sicilienfi
760 962 1014 1025 epigramma
1034 961 1250 1023 vulgatum
1271 957 1356 1019 est,

149 1100 193 1140 Id
212 1101 258 1140 est
276 1131 288 1146 ‚
316 1101 374 1140 ubi
391 1102 542 1153 primum
561 1103 648 1154 pasti
660 1102 734 1140 sunt
751 1101 802 1140 isti
817 1114 899 1139 cum
917 1100 1093 1151 chorago,
1119 1099 1162 1137 de

147 1154 361 1190 ornamentis
380 1153 572 1202 praebendis
591 1154 634 1190 ad
651 1165 794 1190 coenam
802 1150 1025 1190 ὃωὸεκοὲθεον.
1056 1156 1098 1188 In
1116 1151 1165 1188 hi-

147 1202 258 1241 storiis
274 1206 477 1241 Graecorum
493 1204 638 1252 χορηγὸς
660 1202 933 1241 honestiffimum
950 1214 1086 1239 nomen
1095 1201 1164 1245 est,

150 1253 246 1303 quod
256 1254 299 1290 de
309 1267 353 1291 eo
368 1254 510 1298 dicitur,
526 1256 582 1304 qui
601 1254 751 1305 sumptus
773 1253 816 1290 de
834 1252 893 1290 suo
911 1253 1041 1303 praebet
1057 1252 1100 1288 ad
1117 1252 1165 1289 lu-

149 1305 214 1341 dos
229 1303 351 1342 sacros.
410 1304 529 1341 Plauto
545 1303 680 1355 aliisque
698 1304 826 1342 Latinis
859 1302 1016 1352 choragros
1034 1304 1060 1339 is
1085 1302 1165 1338 dici-

149 1365 223 1399 tur,
248 1355 306 1405 qui
320 1354 456 1392 scenicis
473 1354 690 1393 histrionibus
707 1354 800 1391 locat
817 1364 1023 1391 ornamenta
1041 1352 1164 1390 fabulae

150 1404 320 1442 docendae
343 1402 535 1442 necessaria.
594 1405 682 1443 Inde
707 1405 796 1456 apud
825 1405 1057 1447 Ciceronem,
1092 1403 1165 1439 cho-

153 1456 287 1503 ragium
304 1453 394 1491 falsae
422 1454 538 1504 gloriae
556 1483 567 1498 ,
605 1454 752 1505 supellex
779 1458 816 1492 δε
844 1454 1011 1503 reliquum
1049 1453 1165 1490 instru-

150 1516 311 1541 mentum
328 1505 372 1541 ad
396 1517 569 1555 pompam
583 1505 717 1542 solitum
734 1506 936 1554 comparari.
994 1507 1046 1540 Ita
1063 1505 1163 1554 igitur

151 1554 208 1591 hic
226 1568 364 1605 quoque
383 1554 619 1604 accipiendum
639 1570 650 1592 ε
687 1568 727 1592 ac
757 1551 891 1592 fortasse
916 1555 1020 1591 etiam
1047 1555 1163 1591 chora-

144 1606 243 1652 glum
255 1604 351 1641 scribi
361 1605 502 1648 melius,
526 1617 562 1641 ut
580 1605 621 1642 fit
643 1607 677 1642 in
698 1605 874 1656 postremo
884 1604 969 1654 pede
979 1603 1160 1654 σ-υνίζησ-ις.

149 1666 235 1690 nam
251 1655 345 1704 quod
364 1653 601 1692 eruditiffimus
623 1657 822 1692 Torrentius
850 1655 1041 1704 choragum
1060 1658 1159 1692 inter-

147 1715 297 1753 pretatur
315 1703 503 1752 Augustum
513 1732 526 1747 ,
556 1716 630 1741 tam
639 1706 686 1742 est
695 1707 853 1742 aratione
867 1705 1017 1741 alienum
1028 1734 1039 1749 ,
1051 1719 1157 1756 quam

146 1766 270 1804 parum
289 1766 374 1790 meo
398 1754 520 1798 iudicio
538 1767 660 1791 verum
681 1755 774 1805 quod
792 1755 887 1792 idem
908 1757 974 1799 ait,
1002 1758 1081 1806 quia
1097 1755 1157 1792 de-

146 1803 188 1840 sit
206 1804 328 1855 aliquid
345 1804 442 1840 initio
463 1804 588 1840 horum
608 1805 787 1848 versuum,
818 1817 999 1856 propterea
1008 1807 1064 1844 vix
1083 1806 1156 1856 poll

147 1854 180 1890 se
199 1867 320 1892 eorum
342 1866 500 1890 mentem
518 1856 654 1905 percipi.
690 1856 843 1892 Malliam
862 1857 896 1891 in
914 1856 1063 1893 secundo
1081 1870 1157 1895 ver-

146 1904 181 1941 su
198 1917 301 1941 unam
319 1918 337 1941 e
355 1904 409 1940 sex
428 1905 489 1941 illis
506 1904 661 1942 foeminis
677 1903 770 1942 fuiffe
788 1935 801 1949 ,
845 1919 920 1956 quae
938 1906 1082 1944 dearum
1098 1907 1158 1943 ha-

146 1954 216 1992 bitu
235 1956 397 1993 convivio
415 1953 637 1991 interfuerunt
653 1985 664 1998 ‚
706 1969 818 2006 neque
838 1958 895 2002 ajo
913 1970 1023 2006 neque
1041 1971 1158 2007 nego:

143 2016 264 2043 tamen
281 2007 361 2056 quin
381 2018 443 2055 pro
461 2017 567 2042 uxore
586 2006 727 2056 choragi
743 2017 844 2056 queat
864 2008 989 2057 accipi,
1016 2021 1088 2044 non
1098 2008 1157 2044 du-

145 2055 228 2094 bito.
255 2055 439 2093 Beroaldus
457 2055 671 2104 Capitolium
682 2068 722 2092 ea
740 2069 827 2092 voce
841 2067 932 2106 putat
951 2055 1158 2105 fignificari,

143 2106 200 2143 sed
219 2118 254 2144 ut
270 2109 301 2150 J.
315 2109 356 2143 C.
374 2105 530 2156 {inelege
545 2134 557 2150 ,
585 2106 630 2142 ita
651 2119 716 2144 nos
728 2103 798 2142 fine
818 2107 1020 2144 auctoritate
1033 2109 1156 2146 erube-

86 2154 88 2157 ’
143 2156 268 2195 scimus
280 2157 383 2207 loqui.

497 2261 799 2298 VAn1on.

202 2364 258 2401 69.
284 2356 428 2394 silviam
443 2363 475 2394 T
472 2358 699 2407 insaniam]
730 2358 869 2396 Palatini
887 2370 976 2403 tres,
1004 2359 1063 2398 sed
1080 2361 1158 2399 ase-

148 2408 258 2444 cunda
276 2419 382 2447 manu
398 2409 544 2458 primus:
575 2409 785 2458 Titiseniam.
815 2413 1041 2450 Gaufrmzus.

464 2512 822 2549 TORRENT.

197 2608 268 2657 Effe
285 2609 475 2657 Apollinem
491 2638 501 2652 ,
521 2610 584 2657 sed
602 2615 780 2649 Tortorem.
796 2611 811 2661 ]
845 2615 954 2649 Vetus
964 2610 1041 2649 cod.
1054 2612 1158 2659 Casto-

142 2672 213 2695 rem
231 2660 286 2707 effe
296 2660 397 2707 plane
421 2661 632 2708 Apollinem,
661 2661 715 2706 fed
733 2668 914 2698 Tortorem.
944 2663 1087 2711 optime.
1100 2676 1156 2712 pe-

141 2711 186 2745 rit
203 2710 297 2746 enim
311 2710 392 2746 diesi
408 2711 515 2759 gratia
531 2722 663 2746 retento
673 2709 736 2752 Εἴ.
768 2713 882 2759 Apollo
899 2723 1016 2748 autem
1027 2717 1155 2756 Tortor,

143 2771 178 2795 ut
199 2761 316 2807 Apollo
330 2760 566 2796 Sandaliarius
586 2789 597 2803 ,
637 2765 675 2797 δ(
690 2761 828 2808 Jupiter
845 2762 1024 2809 Tragoedus
1045 2791 1056 2804 ,
1092 2762 1151 2800 sub

141 2822 215 2859 cap.
236 2822 298 2848 Lvl
312 2824 339 2848 1.
365 2811 579 2860 cognomine
595 2823 615 2847 a
632 2811 838 2849 vicis-indito.
867 2811 1013 2849 Martial.
1025 2812 1082 2850 lib.
1099 2828 1151 2852 11.

142 2861 254 2910 Epigr.
265 2874 309 2899 xv
319 2875 330 2897 1
343 2875 371 2898 1.

242 2911 392 2957 Tonstrix
409 2910 558 2948 suburra
566 2911 725 2958 saucibus
735 2911 829 2960 sedet
838 2912 981 2959 primis,

241 2965 394 2997 Cruenta
407 2962 554 3009 pendent
571 2960 784 3011 quaflngella
803 2973 977 3001 tortorum.

139 3013 192 3048 Eo
218 3023 332 3048 autem
350 3011 479 3048 dierum
498 3010 577 3048 illud
593 3012 746 3049 acerbius
764 3040 775 3055 ,
813 3012 906 3062 quod
934 3013 1146 3053 divinitatem
1199 3010 1269 3048 duo
1295 3012 1389 3049 Palat
1415 3027 1424 3050 ε

1197 3062 1241 3098 At
1260 3073 1335 3100 tert.
1364 3077 1436 3101 non
1452 3062 1557 3102 habet
1574 3062 1738 3102 voculam
1755 3072 1802 3099 nt.
1840 3076 1912 3101 non
1935 3061 2038 3100 male.

1198 3122 1359 3152 TERUS·

137 3060 322 3098 fibicaesar
340 3061 532 3111 arrogabat.
560 3065 616 3099 De
640 3076 710 3115 quo
727 3062 784 3101 inlj
806 3075 881 3112 cap.
895 3075 1001 3105 xciv.

188 3112 378 3149 alebatur,
394 3110 407 3161 ]
436 3112 540 3151 Liber
558 3125 645 3152 unus
665 3114 858 3152 tetelmus.

2126 1032 2182 1072 Po
2176 1029 2239 1090 st·-

1529 1151 1928 1189 CASAUBON.

1232 1258 1236 1261 '
1268 1253 1394 1287 Coenat
1410 1249 1616 1298 adulterim]
1644 1249 1830 1288 Coenando
1842 1251 2044 1302 exprimit&
2055 1253 2241 1304 repraesen-

1216 1312 1285 1344 tat,
1313 1312 1417 1350 atque
1437 1299 1526 1337 adeo
1537 1302 1699 1339 imitatur.
1725 1305 1808 1339 Vox
1818 1314 2021 1351 praegnans,
2043 1315 2077 1340 ut
2087 1305 2236 1355 loquun-

1218 1363 1270 1388 tur
1285 1352 1539 1400 ’γραμματικῶν
1556 1350 1691 1392 παῖδες.
1728 1355 1816 1388 Non
1834 1351 1992 1389 dissimile
2011 1352 2081 1397 est,
2106 1355 2235 1403 epulari

1220 1401 1443 1450 iniquitatem
1463 1399 1554 1451 apud
1577 1400 1814 1439 beatiffimum
1831 1403 2058 1452 Augustinum
2080 1406 2113 1441 in
2143 1406 2235 1444 libris

1216 1450 1481 1488 Confeffionum
1492 1479 1506 1494 ,
1523 1455 1561 1488 &
1581 1464 1707 1501 magna
1724 1453 1844 1489 vivere
1866 1453 1955 1503 apud
1973 1455 2159 1493 Minutium
2176 1459 2237 1492 Fe-

1215 1501 1340 1539 licem:
1369 1507 1439 1538 Nos
1460 1515 1524 1538 non
1541 1502 1711 1551 loquimur
1723 1515 1871 1551 magna,
1890 1504 1955 1551 sed
1972 1504 2141 1544 vivimus.
2182 1508 2236 1544 Sic

1213 1549 1329 1602 πηέςῖν
1345 1551 1497 1596 novembr
1515 1552 1604 1602 apud
1613 1551 1805 1597 Justinum,
1829 1552 1872 1589 de
1888 1552 2018 1591 Achille
2035 1583 2049 1598 ,
2076 1557 2134 1606 qui
2151 1556 2234 1594 saltu

1210 1602 1473 1641 vehementiore
1489 1614 1618 1652 aquam
1637 1602 1814 1640 salientem
1833 1616 1853 1639 e
1873 1614 1965 1641 terra
1984 1605 2149 1656 expreffit.
2177 1610 2232 1646 Ita

1211 1654 1316 1690 etiam
1326 1653 1455 1690 dicatur
1464 1655 1583 1691 Servio
1593 1653 1755 1690 Heliades
1768 1651 1889 1702 flevisse
1897 1655 2048 1701 fitccina,

1266 1706 1366 1752 Fugit
1384 1701 1437 1746 Εἴ
1456 1714 1596 1739 auratos
1613 1704 1773 1752 Juppiter
1789 1703 1851 1752 ipse
1868 1703 2039 1753 thronos.]
2096 1709 2140 1743 In
2158 1719 2230 1746 Mss.

1212 1764 1394 1804 utrumque
1411 1754 1609 1791 invenimus
1631 1758 1669 1791 ὅ(
1690 1757 1819 1790 toros&
1834 1753 1966 1790 thronos
1985 1771 1995 1790 .-
2026 1769 2105 1805 quae
2119 1757 2235 1806 poste-

1210 1804 1282 1841 rior
1293 1805 1398 1841 leffio
1425 1804 1572 1854 plurium
1589 1803 1753 1841 consensu
1770 1807 1807 1840 &
1822 1804 1856 1839 in
1866 1803 1917 1840 his
1935 1807 2234 1844 Memmianicon—

1210 1851 1348 1892 firmata
1358 1856 1429 1902 jure
1449 1854 1584 1904 placuit.
1615 1858 1657 1891 In
1682 1853 1854 1904 Pei-vigilii
1878 1856 2025 1892 Veneris
2039 1870 2050 1892 z

1321 1928 1408 1961 Cras
1427 1924 1538 1961 Dione
1549 1925 1634 1974 jura
1652 1925 1740 1961 dicet
1750 1923 1852 1970 fulta
1860 1924 2003 1972 sublimi
2017 1924 2148 1962 throno.

1211 1992 1270 2029 etfi
1289 1993 1413 2030 malim
1435 1994 1481 2031 ibi
1502 2003 1583 2032 toro.
1641 1996 1686 2032 At
1703 1993 1767 2031 isto
1787 1993 1867 2031 loco
1885 1996 1942 2045 qui
1963 1995 2054 2032 thori
2075 1995 2130 2031 vel
2142 1994 2231 2032 tholi

1210 2042 1279 2093 legi
1294 2043 1421 2080 debere
1441 2044 1653 2082 contendunt
1670 2074 1683 2089 ‚
1714 2044 1806 2082 unde
1825 2045 1970 2082 obsecro
1989 2046 2117 2083 habent
2133 2043 2229 2082 fuisse

1212 2104 1287 2130 tum
1306 2095 1341 2130 in
1359 2095 1533 2145 Capitolio
1552 2094 1795 2133 lectisternium
1815 2122 1831 2139 ,
1866 2095 2004 2147 quando
2033 2096 2106 2133 haec
2128 2108 2229 2134 coena

1210 2148 1373 2183 coenata?

1263 2200 1329 2242 Ego
1347 2193 1641 2243 Corinthiarius]
1672 2196 1739 2232 Hic
1758 2208 1892 2232 nomen
1903 2195 1949 2233 est
1964 2195 2114 2239 artificii,
2137 2195 2229 2246 post-

1210 2256 1250 2280 ea
1266 2243 1328 2283 fuit
1349 2245 1529 2283 ministerii
1556 2247 1592 2282 in
1616 2245 1745 2283 familia
1763 2246 1971 2296 Principum.
2028 2250 2138 2286 Vetus
2157 2250 2225 2286 La-

1209 2296 1283 2345 pis:

1322 2368 1635 2396 cAttercun
1665 2360 1815 2397 zoIL1.

1322 2420 1774 2446 cort1NT.AGR11>1³.

1260 2457 1347 2505 Vasa
1354 2457 1572 2505 Cormthia.]
1602 2459 1809 2495 Criticorum
1821 2469 1978 2495 veterum
1990 2456 2151 2509 placitum
2162 2457 2226 2502 est,

1208 2518 1245 2542 ut
1254 2508 1474 2545 Corinthiam
1483 2510 1588 2557 vaslo,
1601 2522 1673 2544 non
1682 2508 1862 2544 Corinthia
1873 2509 2021 2545 dicatur:
2039 2510 2094 2545 cui
2110 2508 2227 2545 obser-

1208 2558 1338 2596 vationi
1357 2572 1431 2596 Mss.
1449 2558 1527 2596 libri
1548 2559 1738 2596 multorum
1754 2557 1956 2609 scriptorum
1981 2572 2053 2596 non
2080 2558 2223 2596 consen-

1207 2619 1303 2645 nunt.

1555 2712 1849 2747 VAxxott.

1258 2824 1314 2856 70.
1345 2811 1502 2861 Juppiter
1519 2809 1581 2860 ipse
1597 2809 1772 2855 thronem]
1824 2810 1876 2846 Sic
1899 2807 1968 2845 duo
1992 2809 2144 2850 Palatini.
2176 2813 2220 2850 At

1204 2861 1331 2909 primus
1347 2865 1474 2899 retinet
1488 2860 1607 2898 thoros.
1637 2860 1857 2912 quibonitate
1869 2859 1994 2910 alioqui
2016 2861 2118 2899 binos
2135 2863 2219 2903 alios

1203 2911 1386 2949 antecellit.
1409 2916 1623 2950 Gtzurfirtus.

1255 2968 1405 2998 Notatus
1455 2962 1526 3009 est,
1575 2971 1615 2998 ut
1644 2960 1788 3010 pretirfie
1821 2960 2067 3010 siqvelleflills]
2133 2966 2214 3002 Mss.

1461 3019 1609 3050 Notatus
1638 3012 1681 3059 est*
1709 3011 1761 3054 ξδ’
1789 3021 1826 3048 ut
1844 3011 2216 3060 pretiofiszsupellcolills.

2097 3066 2214 3101 Gitu-

1617 3162 1705 3208 ff3
2052 3165 2203 3200 Tor.-
