2504 3425
611 173 1121 229 GCAESAR
1198 175 1804 230 CALIGULA.
2140 189 2240 246 391

156 272 290 317 donec
312 281 524 323 exorsum,
559 280 603 313 ut
627 266 815 323 ferebat,
849 273 891 313 &
913 269 956 312 in
983 267 1307 314 contubernium
1333 271 1443 316 ultro
1476 270 1671 315 invitatus
1696 303 1708 323 ,
1756 268 1876 328 super
1896 266 2099 327 templum
2139 267 2245 312 Divi

158 332 336 397 Augusti
361 347 488 394 ponte
512 331 763 386 transmisso,
800 334 1002 378 Palatium
1028 333 1373 396 Capitoliumque
1397 335 1630 390 conjunxit.
1694 333 1799 378 Mox
1823 347 1909 393 quo
1933 332 2101 393 propior
2124 329 2219 375 esset
2232 364 2247 386 ,

81 421 128 468 23
159 400 202 444 in
225 414 310 442 area
338 397 577 459 Capitolina
600 413 718 443 novae
740 396 888 441 domus
920 393 1192 442 fundamenta
1223 398 1331 454 jecit.
1397 399 1597 461 Agrippae
1633 396 1669 442 se
1705 410 1901 458 nepotem
1937 411 2071 456 neque
2107 393 2241 449 credi,

154 478 291 523 neque
315 461 395 507 dici
415 461 475 506 ob
501 460 809 524 ignobilitatem
834 465 918 519 ejus
939 460 1137 506 volebat:
1185 459 1533 523 succensebatque
1554 497 1566 517 ‚
1603 460 1631 506 si
1654 463 1725 523 qui
1750 462 1815 505 vel
1840 460 2027 504 oratione
2052 457 2115 502 vel
2152 474 2241 502 cat-

153 528 267 571 mine
303 526 555 587 imaginibus
573 543 670 571 eum
693 523 899 571 Caesarum
933 522 1167 570 insererent.
1238 525 1485 570 Praedicabat
1507 541 1644 571 autem
1669 540 1839 569 matrem
1861 522 1972 568 suam
1986 539 2035 568 ex
2056 521 2241 578 incesto,

149 590 262 652 quod
287 588 501 652 Augustus
526 607 620 634 cum
645 589 755 651 julia
772 587 855 634 filia
880 589 1164 644 commisisset,
1200 604 1466 648 procreatam.
1535 595 1599 634 Ac
1624 606 1708 634 non
1732 602 1952 633 contentus
1969 585 2043 632 hac
2055 587 2241 649 Augusti

152 654 422 698 iniee‘tatione
438 688 449 706 ,
479 654 669 698 Affiacas
693 651 928 715 Siculasque
946 653 1157 706 necmias,
1193 666 1237 697 ut
1250 650 1431 696 funestas
1457 655 1697 715 pop.Rom.
1722 658 1763 697 &
1790 650 2069 707 calamitosas,
2108 654 2240 699 vetuit

148 715 389 762 solennibus
424 716 535 762 feriis
568 716 775 761 celebrari.
842 717 1004 760 Liviam
1038 713 1272 778 Augustam
1308 718 1518 776 proaviam
1543 753 1555 773 ,
1598 719 1667 782 Uly
1693 735 1753 760 em
1786 717 1973 777 stolatum
2006 715 2235 764 identidem

151 782 383 843 appellan8‚
418 783 540 826 etiam
567 779 838 842 ignobilitatis
857 779 1033 841 quadam
1054 778 1104 824 ad
1126 788 1307 823 lenatum
1330 778 1501 840 epistola
1525 796 1695 842 arguere
1711 780 1825 824 ausus
1839 778 1923 835 est,
1958 780 2240 841 quasimater-

152 861 212 890 no
244 862 322 891 avo
357 846 599 890 Decurione
633 843 836 887 Fundano
869 856 1027 887 ortam:
1078 858 1174 888 cum
1209 840 1387 903 publicis
1420 844 1707 889 monumentis
1740 857 1899 887 certum
1933 843 1981 888 sit
2012 843 2237 892 Aufidium

150 911 384 953 Lurconem
406 909 552 952 Romae
579 905 810 951 honoribus
836 906 1042 950 fanetum.
1109 906 1229 951 Aviae
1253 908 1455 952 Antoniae
1482 906 1684 952 secretum
1708 906 1867 968 petenti
1884 904 2124 967 denegavit,
2160 910 2236 956 nisi

148 987 193 1017 ut
218 973 484 1018 interveniret
510 972 654 1016 Macro
674 969 902 1032 praefecius.
969 972 1036 1014 Ac
1060 986 1132 1030 per
1157 966 1386 1015 istiusmodi
1412 970 1678 1034 indignitates
1697 974 1740 1015 &
1765 968 1904 1023 taedia,
1939 966 2069 1014 causta
2086 969 2238 1017 exstitit

149 1037 323 1081 mortis:
358 1034 453 1080 dato
472 1049 636 1091 tamenn,
670 1049 715 1078 ut
739 1034 909 1095 quidem
929 1046 1096 1094 putant,
1133 1038 1174 1077 &
1201 1050 1380 1078 veneno.
1447 1037 1545 1081 Nec
1564 1033 1770 1080 defunelae
1797 1033 1927 1078 ullum
1946 1031 2237 1081 honoremlia<

146 1099 258 1144 buit:
297 1096 585 1162 prospexitque
607 1099 827 1145 etriclinio
841 1097 1051 1143 ardentem
1071 1113 1232 1159 rogum.
1300 1100 1481 1145 Fratrem
1494 1098 2037 1160 Tibernminopinantem‚
2070 1113 2241 1160 repente

149 1162 328 1209 immisso
353 1163 523 1217 tribuno
547 1165 752 1219 militum,
788 1163 1013 1208 interemit.
1060 1162 1245 1208 Silanum
1264 1162 1365 1208 item
1386 1161 1574 1210 socerum
1600 1163 1649 1211 ad
1660 1178 1829 1221 necem,
1863 1159 2134 1224 secandasque
2156 1179 2240 1208 no-

2096 1228 2242 1276 vacula

147 1316 222 1349 cas,
255 1301 302 1341 fic
326 1314 362 1340 ut
382 1302 516 1340 eaedem
543 1301 719 1342 videantur
753 1300 849 1339 effe:
885 1304 922 1338 δ(
952 1301 1052 1352 plane
1078 1299 1161 1337 sunt.
1211 1314 1249 1338 us
1267 1313 1447 1347 materna,
1478 1303 1545 1341 hoc
1557 1304 1625 1348 est,
1654 1303 1903 1343 Liviaemater,
1932 1299 2097 1338 'Fundana
2116 1300 2237 1344 fuerit,

148 1356 183 1391 τὶ
203 1354 358 1392 ποικίλον
378 1354 439 1391 illis
455 1353 569 1390 tribuit
595 1355 698 1403 nigris
730 1353 879 1403 albisque
908 1352 1031 1402 plumis
1065 1351 1161 1388 alter-

148 1418 291 1449 natum,
319 1407 363 1441 ita
387 1416 421 1441 ut
442 1404 595 1441 rotundis
613 1403 756 1440 maculis
783 1404 868 1440 albis
888 1431 900 1446 ,
945 1401 1087 1439 rhombi
1114 1403 1162 1438 ni-

144 1458 196 1505 gri
213 1455 356 1493 distineri
375 1454 448 1491 sint.
509 1453 625 1490 Multae
652 1453 786 1504 gallinae
805 1453 928 1489 nostrae
951 1452 1078 1489 Indicae
1097 1451 1163 1488 hoc

145 1506 259 1544 modo
280 1506 389 1542 varias
409 1503 536 1541 habent
557 1504 708 1553 plumas,
735 1503 894 1552 quaedam
912 1516 953 1538 ex
971 1503 1011 1539 iis
1037 1500 1164 1551 absque

148 1556 290 1594 notabili
319 1555 480 1594 varietate
504 1565 585 1590 totae
615 1556 720 1605 nigrae
737 1553 820 1590 sunt.
876 1552 1021 1603 Reliqua
1046 1551 1165 1589 descri-

147 1607 272 1658 ptionis
300 1604 411 1642 ferme
434 1605 643 1643 conveniunt
715 1604 846 1639 Indicus
869 1603 968 1653 igitur
984 1614 1162 1646 vocamus,

148 1671 221 1695 non
247 1656 338 1707 quod
357 1670 397 1693 ex
420 1656 517 1692 india
536 1656 685 1704 primum
706 1653 860 1691 advenae
887 1651 951 1689 iint
992 1657 1102 1701 (nam
1130 1654 1163 1689 in

149 1708 284 1745 Boeotia
301 1710 336 1742 ὃ(
354 1708 484 1742 Graecia
508 1703 629 1754 pallini
650 1703 851 1751 nascuntur)
880 1703 936 1740 sed
947 1705 1047 1753 quia,
1068 1703 1164 1753 quid-

147 1757 228 1807 quid
245 1755 287 1792 ad
308 1768 372 1792 nos
390 1755 655 1792 transmarinum
672 1753 845 1798 adfertur,
873 1754 1028 1791 Indicum
1053 1753 1162 1803 vulgo

143 1806 364 1859 appellamus.
394 1816 505 1843 roEM.
576 1807 582 1810 ”

199 1859 266 1896 Ἐις
285 1859 391 1898 ’γαῖαν
411 1856 550 1891 Δαναῶν
576 1851 692 1900 reposce
712 1855 792 1901 σε.]
828 1857 879 1891 Ita
898 1855 1048 1891 omnino
1067 1853 1163 1890 Pala-

144 1909 232 1945 tinus
259 1907 373 1943 tem‘us
392 1934 403 1948 ,
447 1905 502 1942 sed
523 1916 667 1955 quatuor
692 1905 806 1942 litteris
834 1906 947 1942 minus
973 1904 1049 1941 οιῖοιν
1078 1910 1159 1940 Am.

144 1971 179 1994 at
196 1958 289 1997 enim
311 1958 439 2006 primus
455 1968 495 1993 ac
511 1955 673 1992 secundus
691 1955 847 1993 videntur
866 1957 979 2002 magis
997 1955 1161 1992 accedere

148 2009 192 2046 ad
210 2009 405 2059 scripturam
419 2035 431 2050 ,
459 2019 564 2056 quam
581 2019 600 2041 e
611 2006 728 2042 Dione
751 2004 894 2055 promsit
914 2007 1064 2056 optimus
1076 2010 1164 2042 Tur-

145 2060 273 2097 nebus:
304 2057 377 2102 ἦρί
393 2058 517 2105 ἀνάειρ’
534 2056 551 2097 ἦ
574 2056 641 2098 ἐγώ
663 2073 712 2092 σε.
742 2057 819 2092 satis
832 2057 925 2092 enim
936 2068 1053 2106 aperte
1065 2069 1162 2092 com-

144 2121 264 2161 parent
273 2110 392 2146 omnia
412 2120 532 2144 earum
554 2107 738 2143 litterarum
760 2106 907 2155 vestigia.
928 2105 1161 2155 expresserunt

144 2163 238 2198 enim
261 2172 425 2210 tanquam
458 2157 581 2209 duplex
607 2159 679 2193 AA.
725 2156 872 2193 litteram
900 2159 948 2193 M.
977 2169 1011 2194 ut
1038 2156 1160 2206 liqueat

1214 1351 1343 1389 Aufidii
1362 1355 1528 1404 Lingonis
1544 1383 1555 1398 ,
1594 1367 1630 1392 ut
1645 1368 1685 1391 ex
1708 1354 1774 1390 boc
1794 1352 1874 1389 loco
1896 1351 2110 1400 colligimus,
2150 1350 2233 1390 filia.

1212 1405 1252 1438 Et
1270 1402 1348 1440 sane
1366 1417 1509 1453 gentem
1521 1404 1698 1442 Aufidiam
1711 1402 1912 1441 Fundanam
1930 1399 2023 1440 fuiss'e
2031 1430 2046 1447 ,
2061 1400 2164 1440 docet
2173 1414 2239 1442 nos

1212 1453 1267 1488 ille
1286 1456 1425 1491 Horatii
1443 1469 1484 1492 ex
1502 1460 1570 1493 Sat.
1585 1471 1618 1495 v.
1633 1456 1692 1492 lib.
1708 1470 1737 1492 ι.
1752 1453 1892 1493 versus:

1328 1506 1460 1541 Fundos
1482 1506 1624 1554 Aufidio
1650 1505 1751 1555 Lusco
1765 1513 1898 1553 pretore
1915 1502 2058 1541 libenter

1324 1555 1518 1604 Liqulnzm.

1269 1604 1453 1652 Aufidium
1472 1603 1687 1653 Lingonem.]
1716 1605 1769 1641 Sic
1791 1603 1933 1655 Gryphii
1953 1603 2078 1648 editio,
2104 1607 2230 1644 &Mss-

1217 1651 1297 1690 duo.
1337 1655 1494 1692 Frobenii
1512 1668 1596 1693 vero
1616 1683 1627 1698 ,
1663 1658 1700 1691 &
1731 1654 1893 1692 meliores
1929 1666 2007 1691 uss,
2034 1659 2229 1693 Lurconem.

1217 1705 1409 1755 Utrumque
1427 1717 1542 1742 autem
1555 1703 1773 1742 Aufidiorum
1784 1718 1827 1741 co
1854 1717 1987 1741 nomen
1994 1703 2075 1748 fuit,
2095 1707 2211 1742 Lurco
2222 1733 2237 1749 ,

1216 1755 1252 1787 ὅ(
1272 1755 1407 1805 Lingo,
1435 1758 1480 1794 uti
1498 1759 1535 1792 ὅ(
1556 1755 1713 1798 Orestes,
1746 1757 1815 1802 (Fa
1846 1754 2050 1802 iCapitolin.
2094 1758 2236 1793 &Var-

1217 1815 1255 1838 ro
1274 1804 1331 1841 lib.
1351 1820 1427 1843 ιιι.
1460 1807 1502 1843 de
1526 1809 1580 1844 Re
1601 1805 1760 1852 Rustica)
1798 1809 1834 1841 δε
1854 1805 1982 1842 Luscus
2009 1804 2099 1854 apud
2119 1808 2236 1842 Hora-

1214 1854 1322 1898 tium,
1350 1854 1411 1893 niss
1429 1870 1530 1894 more
1544 1856 1609 1893 suo
1632 1869 1715 1893 eum
1733 1855 1844 1893 ridens
1860 1853 1906 1891 fic
1924 1855 2118 1898 vocaverit,
2150 1868 2234 1893 cum

1215 1916 1296 1941 vere
1316 1906 1423 1944 luscus
1444 1906 1533 1944 effer.

1268 1959 1435 1993 Secretum
1440 1957 1566 2006 petenti
1571 1987 1579 1995 .
1591 1955 1608 2004 ]
1656 1956 1707 1992 Sic
1718 1955 1801 1994 Tib.
1811 1967 1848 1991 ca
1854 1968 1885 2004 p.
1895 1968 1972 1995 xxv.
1983 1958 2020 1992 &
2030 1954 2115 1992 Plin.
2126 1955 2183 1993 lib.
2201 1970 2213 1992 r
2221 1986 2230 1994 .

1215 2006 1358 2055 Epist.v.
1388 2009 1457 2044 Illic
1483 2021 1536 2044 me
1560 2006 1748 2055 persecutas
1767 2008 1933 2056 secretum
1946 2006 2046 2054 petit.
2104 2009 2230 2045 Horat.

1213 2055 1269 2092 lio.
1289 2070 1338 2094 ιι.
1373 2061 1437 2095 Sat.
1456 2072 1482 2095 1.

1281 2106 1377 2156 Qin
1390 2107 1448 2143 ubi
1455 2108 1493 2156 se
1512 2118 1536 2142 a
1550 2105 1669 2155 vulga,
1680 2104 1733 2150 Εἴ
1733 2105 1835 2155 scena
1843 2106 1881 2143 in
1881 2103 2013 2153 secreta
2021 2117 2204 2145 remorant.

1214 2161 1319 2199 Paulo
1337 2157 1431 2194 aliter
1446 2162 1585 2195 Sueton.
1626 2158 1746 2194 Claud.
1767 2169 1841 2213 cap.
1863 2170 1895 2194 x.
1912 2158 2074 2204 secretum
2098 2170 2133 2194 eo
2149 2156 2230 2207 defi-

143 2211 238 2249 suiffe
257 2209 481 2255 majusculam
500 2213 550 2245 M.
565 2207 753 2258 scriptaque
772 2208 894 2243 omnia
909 2206 967 2243 tali
985 2209 1162 2245 characte-
1210 2211 1372 2251 derante,
1401 2222 1479 2245 cum
1499 2209 1648 2245 omnino
1667 2208 1755 2245 solus
1771 2208 1836 2244 esse
1853 2207 1967 2246 vellet.

144 2275 222 2300 rum
237 2274 376 2313 genere.
421 2263 603 2297 Gauri-ziz.

484 2343 846 2377 TonRENT.

1266 2268 1419 2299 Fratrem
1442 2259 1618 2295 Tiberium.
1635 2272 1643 2306 j
1677 2258 1766 2295 Vide
1782 2257 1854 2307 sup.
1866 2269 1988 2307 cap.xr
2002 2271 2013 2293 1
2026 2270 2054 2293 1.

1260 2314 1416 2349 Silanum
1433 2311 1515 2345 item
1525 2309 1715 2356 fixeram]
1751 2311 1805 2343 De
1817 2308 1931 2344 Silano
1949 2308 2054 2344 etiam
2065 2307 2136 2357 sup.
2150 2320 2225 2359 cap.

1205 2377 1244 2399 xi
1261 2378 1286 2401 1.
1315 2359 1380 2398 Sed
1401 2360 1495 2410 plura
1512 2361 1618 2398 Dion.
1661 2363 1766 2408 CaJus
1785 2371 1866 2395 eum
1884 2358 2055 2409 pecudem
2082 2370 2226 2397 auream

202 2425 221 2447 2
227 2427 256 2456 3.
270 2416 321 2447 Ex
329 2408 443 2456 incesto
452 2407 540 2458 quod
549 2413 639 2457 Aug.
652 2407 667 2456 ]
682 2408 733 2445 An
746 2421 831 2459 ergo
847 2421 888 2445 ea
899 2408 1002 2446 exsilii
1013 2409 1160 2447 Nasonis
1209 2414 1370 2453 vocabat.

146 2462 264 2500 causa?
293 2465 365 2496 Cur
393 2458 526 2508 aliquid
542 2459 619 2495 vidi
642 2469 656 2496 ἒ
700 2472 758 2495 cur
785 2460 887 2496 noxia
908 2460 1042 2496 lumina
1065 2461 1160 2507 feci?

147 2512 307 2559 Incestum
325 2521 443 2546 autem
475 2510 535 2556 (ut
554 2521 625 2545 non
639 2509 732 2545 male
752 2508 900 2547 Isidorus
916 2510 929 2556 )
967 2522 1108 2560 propter
1124 2510 1162 2546 il-

145 2563 272 2600 licitam
293 2560 575 2607 coniunstionem
593 2571 756 2602 vocatur,
779 2558 873 2609 quasi
882 2561 1160 2608 lncthtum,cum
1179 2586 1184 2612 Ι

148 2626 188 2650 ea
207 2626 314 2664 quani
332 2612 405 2661 quis
432 2612 501 2656 jure
520 2608 643 2645 ducere
666 2610 876 2658 prohibetur.

200 2664 363 2699 Adimam
379 2657 634 2710 fingulasqua]
675 2659 781 2696 Facile
809 2659 979 2697 Beroaldo
1004 2660 1162 2699 astentior

148 2713 334 2763 Siculasque
358 2711 497 2761 legenti.

201 2763 336 2812 Ulyslem
351 2758 550 2809 stammana]

1540 2491 1931 2527 CAsAunoN.

1269 2572 1324 2603 23.
1366 2560 1503 2597 Liviam
1525 2558 1713 2607 Augustam
1734 2557 1960 2608 proaviam]
2018 2553 2164 2596 Fortasse
2183 2565 2228 2591 an

1213 2608 1279 2653 Jxae
1297 2623 1353 2645 em
1374 2611 1561 2658 Augustum
1576 2619 1697 2657 [ποιεῖν.
1730 2609 1808 2646 vide
1824 2608 1866 2645 ad
1876 2609 1951 2646 libri
1968 2608 2148 2657 superioris
2171 2617 2225 2640 ca-

1214 2672 1271 2707 put
1291 2660 1465 2696 ultimum.
1502 2660 1599 2697 Philo
1620 2659 1750 2696 Ἰελίοιν
1772 2657 1927 2699 &Gau-viv
1946 2658 2167 2707 προμάμμην.

1266 2709 1448 2756 Aufidium
1467 2709 1681 2758 Lingonemff
1712 2710 1876 2746 Omnino
1886 2713 2067 2745 Lurconem
2078 2707 2225 2743 scriben-

589 2757 696 2807 Qod
722 2759 879 2796 muliebri
897 2760 1004 2810 specie
1021 2761 1157 2806 virum,
1210 2757 1320 2796 dum:
1345 2761 1481 2796 namin
1505 2759 1729 2803 viterbienii,
1754 2758 2117 2800 Pithoei&Gr-ossotii,
2141 2762 2225 2804 Lyr-

149 2817 186 2851 &
205 2814 344 2863 quidem
367 2809 603 2849 astutiffimum
628 2823 667 2845 ac
691 2808 941 2847 fallaciffimum
963 2839 975 2853 ,
1015 2822 1158 2860 tegeret.
1202 2822 1321 2858 genem
1339 2808 1484 2847 offendi.

150 2863 235 2900 stola
254 2865 347 2900 enim
359 2874 597 2899 matronarum
607 2860 665 2896 est.
703 2863 789 2897 Non
806 2859 983 2904 absimile,
1011 2862 1105 2911 quod
1116 2863 1159 2900 de

150 2918 294 2951 Zenone
309 2915 477 2963 Epicureo
495 2911 605 2948 scribit
621 2912 760 2948 Cic.lib.
790 2927 816 2949 1.
838 2912 881 2949 de
892 2914 974 2948 Nat.
989 2915 1162 2958 Deorum,

152 2968 315 3001 Socratem
330 2964 455 3012 ipsum,
475 2972 650 3011 parentem
665 2961 868 3011 philofhphiae
887 2991 900 3006 ,
928 2963 1049 2999 Latino
1062 2964 1161 3000 verbo

153 3024 268 3058 utens,
289 3015 444 3062 scurram
463 3014 622 3050 Atticam
634 3012 734 3060 fixisse
751 3014 892 3050 dicebat.

210 3066 391 3101 Decurione
407 3060 609 3109 Fundan1..]
640 3066 777 3100 Sueton.
799 3064 879 3100 Tib.
891 3075 964 3113 cap.
978 3077 1012 3102 v.
1038 3076 1159 3102 natum

158 3125 238 3152 eum
247 3114 366 3152 Fundis
379 3114 504 3152 multos
523 3112 695 3151 credidiffe
711 3113 844 3159 scribit,
878 3113 972 3165 quod
989 3116 1062 3156 avia
1085 3114 1162 3166 ipsi-

1260 2865 1400 2908 Repente
1416 2858 1556 2907 immzffiv
1566 2859 1700 2896 tribuno
1710 2858 1861 2896 milfmm
1868 2858 2082 2906 interemit]
2105 2861 2230 2908 Longe
2255 2897 2259 2900 ,

1211 2910 1304 2947 aliter
1323 2910 1444 2953 Philo,
1473 2912 1568 2956 cujus
1586 2911 1734 2946 narratio
1759 2910 1858 2960 plane
1884 2909 2096 2947 miserabilis.
2125 2921 2226 2946 man-

1211 2960 1292 2997 datu
1310 2962 1388 3007 Caii
1406 2960 1561 2997 tribunos
1580 2963 1617 2997 ὅ(
1637 2962 1852 2999 centuriones
1861 2960 2030 3016 quosdam
2044 2958 2169 2999 veniffe
2179 2959 2224 2996 ad

1212 3010 1502 3048 adolescentulum
1522 3010 1705 3048 Tiberium
1727 3025 1737 3048 ε
1776 3010 1895 3057 jusfisse
1914 3039 1928 3054 ,
1971 3023 2007 3048 ut
2032 3010 2148 3060 seipse
2175 3012 2226 3047 in-

1211 3060 1402 3099 terficeret:
1431 3075 1542 3113 neque
1561 3062 1656 3098 enim
1676 3060 1727 3098 fiis
1736 3059 1800 3099 effe
1818 3090 1830 3106 ‚
1859 3073 1894 3098 ut
1911 3060 2046 3098 soboles
2067 3065 2224 3111 Impera-

1209 3113 1295 3150 toria
1311 3126 1371 3164 per
1386 3112 1491 3151 alium
1509 3112 1692 3152 tolleretur.
1720 3112 1815 3150 illum
1826 3141 1839 3157 ,
1858 3109 2103 3163 q‘iiineminem
2114 3111 2226 3197 ειάιῃέξ

1658 3166 1689 3201 C
1704 3177 1721 3201 c
1732 3176 1748 3200 c
1781 3178 1797 3208 3
2110 3173 2185 3200 occi
