2504 3425
188 206 297 262 680

184 292 393 341 absimilis
415 289 609 356 magistro
637 285 874 336 videbatur,
908 274 1072 323 occidit.

512 199 578 256 C.
631 199 882 254 Sue-r.
947 176 1982 246 TRANQ01n21L12,V111.

1142 276 1249 317 Item
1272 271 1595 331 Hermogenem
1618 268 1892 328 Tarsensem,
1927 269 2295 337 propterquasdam

201 360 247 406 in
270 356 437 404 historia
456 358 604 417 figuras
627 386 639 404 ‚
670 347 844 393 librariis
866 343 991 387 etiam
1014 338 1088 400 qui
1110 351 1201 381 eam
1228 331 1551 395 descripserant,
1584 333 1694 378 cruci
1720 331 1861 379 affixis.
1930 336 2298 393 Patremfamilias‚

201 421 318 484 quod
337 420 528 467 Thracem
548 412 779 459 mirmilloni
793 423 932 473 parem
946 439 959 459 ‚
989 403 1206 448 munerario
1231 402 1424 464 imparem
1447 397 1627 452 dixerat,
1664 394 1891 442 detraetum
1905 395 2141 458 speetaculis
2155 404 2196 446 in
2212 418 2301 447 are-

203 502 301 532 nam
316 520 328 541 ,
363 480 531 527 canibus
548 477 727 536 objecit,
761 487 857 517 cnm
881 469 962 515 hoc
984 466 1108 512 titulo
1129 483 1139 511 z

206 622 346 672 galtium
368 629 445 667 pag.
467 629 547 661 299·
603 611 784 660 Subfi’civa
804 607 888 657 sunt
901 604 1030 655 proprie
1046 633 1057 648 ,
1086 616 1152 653 qua
1167 601 1226 658 fi‘·

207 670 258 707 tor
279 671 320 704 de
338 667 484 703 masei-ia
502 665 676 714 precidem
689 691 700 706 ‚
730 659 823 710 quasi
843 662 1059 708 supervacua
1083 654 1222 703 abjicit:

207 722 286 756 inde
307 716 358 761 Εἴ
372 716 539 766 subsecivi
563 714 658 763 agri,
695 725 773 761 quos
792 711 828 747 in
845 710 977 760 pertica
993 705 1118 752 divisos
1136 717 1226 740 recu-

199 770 305 819 sant,
336 767 432 816 quasi
437 765 565 813 steriles
582 774 645 801 aut
661 761 832 812 palustres.
889 762 1004 796 Item:
1023 754 1220 811 subse—riva,

208 826 273 870 qim
289 821 327 853 in
346 817 504 865 divisura
522 819 599 865 agri
617 827 683 851 non
703 812 848 861 efficiunt
866 809 1055 846 centuriam
1067 835 1079 850 ,
1112 805 1149 840 τά
1167 805 1226 852 est,

202 871 323 919 jugera
342 869 500 906 ducenta.
549 867 616 903 hoc
642 864 722 901 loco
736 861 915 912 subsiciva
937 858 1012 896 suut
1031 857 1104 906 agri
1123 884 1132 898 ‚
1172 858 1231 906 qui

211 919 286 976 post
315 917 523 960 divisionem
549 913 791 967 superfuerant.
838 909 931 950 Cod.
979 906 1084 947 Salm.
1125 905 1232 956 subst-

214 982 308 1009 ava.

543 1092 910 1126 Tonans-r.

273 1201 454 1249 Quafiiam
474 1200 511 1234 in
527 1195 664 1242 historia
674 1190 840 1243 figuras.]
870 1191 923 1228 Sic
939 1186 1182 1235 caufidicorum
1191 1183 1237 1233 fi-

212 1265 316 1301 garns
337 1252 416 1288 dixit
436 1247 576 1298 Vespas.
592 1257 783 1296 cap.x111.
981 1289 988 1295 ·

271 1300 438 1338 Librariis
457 1299 572 1336 etiam.
589 1298 604 1345 ]
657 1308 738 1332 mss.
760 1293 832 1331 duo
850 1291 1021 1328 Librarzos
1037 1290 1144 1325 etiam
1162 1299 1195 1336 q.
1208 1300 1235 1324 e.

220 1351 286 1392 defi
307 1355 396 1389 cruci
414 1349 538 1398 affixit.
880 1355 884 1359 '

273 1403 439 1439 Thracem
459 1397 658 1437 mirmilloni
671 1403 805 1444 parem.
826 1394 844 1441 ]
879 1394 960 1429 Hoc
987 1403 1124 1442 quoque
1141 1418 1153 1432 ,
1183 1386 1239 1424 seu

217 1450 377 1490 scomma
399 1453 455 1490 seu
472 1449 643 1499 figuram,
673 1446 717 1483 ad
735 1445 769 1482 se
788 1445 888 1482 traxit
904 1444 1139 1481 Domitianus.
1156 1451 1239 1476 nam

220 1515 302 1539 eum
327 1503 530 1555 gladiatorio
557 1511 702 1537 munere
730 1494 971 1547 paterfamilias
990 1493 1134 1545 quidam
1169 1504 1241 1528 non

221 1552 386 1592 infacetus
404 1555 580 1591 Thracem
607 1549 832 1592 mirmilloni,
854 1559 935 1583 cum
958 1559 1028 1595 quo
1044 1544 1241 1581 committe-

223 1603 323 1641 batur
341 1635 351 1649 ‚
383 1617 501 1656 parem
522 1601 663 1654 quidem
681 1599 746 1636 effe
768 1599 894 1635 diceret
913 1626 924 1640 ,
961 1596 1017 1633 sed
1042 1594 1242 1632 munerario

221 1654 394 1705 imparem
412 1685 423 1700 ‚
471 1654 565 1706 quod
589 1664 716 1702 nempe
738 1650 959 1686 Domitianus
977 1676 989 1691 ,
1035 1648 1094 1696 qui
1119 1658 1244 1682 munus

222 1703 347 1744 edebat
367 1737 378 1751 ‚
432 1719 489 1744 aut
520 1708 579 1755 (ut
604 1703 694 1754 apud
720 1705 921 1738 Homerum
940 1696 1086 1734 Achilles
1103 1726 1115 1741 ‚
1153 1695 1241 1746 apud

222 1757 408 1806 Virgilium
437 1756 583 1802 AEneas)
615 1753 750 1791 muneri
762 1751 852 1788 forte
872 1747 1096 1801 praefidebat,
1127 1746 1243 1784 obad-

222 1808 328 1845 versae
353 1807 512 1846 factionis
534 1807 697 1843 favorem
723 1816 805 1840 eum
834 1811 1007 1852 premeret
1025 1827 1037 1842 ,
1077 1797 1111 1834 id
1139 1797 1242 1835 saevus

225 1859 449 1908 Imperator,
494 1870 529 1894 ut
555 1858 590 1893 in
616 1855 648 1891 se
678 1853 809 1891 dietum
827 1880 837 1896 ,
881 1862 996 1889 morte
1015 1849 1131 1900 puniit.
1191 1849 1242 1884 Sic

226 1906 325 1956 igitur
343 1909 530 1945 munerarii
544 1905 754 1945 vocabulum
770 1904 902 1952 accipio
922 1931 932 1945 ,
962 1900 1159 1950 usurpatum
1179 1900 1241 1949 pri-

224 1969 290 1994 mo
324 1958 369 1996 ab
402 1958 567 2008 Augusto.
627 1957 757 1992 Auctor
786 1953 1007 2003 Qinetilian.
1048 1951 1106 1987 lib.
1134 1962 1242 1987 νιιι.

228 2020 304 2060 cap.
332 2024 408 2048 ιιι.
467 2008 582 2045 Florus
612 2006 669 2043 lib.
705 2018 781 2043 ιιι.
813 2016 887 2053 cap.
907 2017 961 2040 xx.
995 2010 1242 2038 muneratorem

227 2073 331 2098 vocat
355 2062 508 2098 muneris
525 2059 714 2098 editorem,
743 2054 800 2090 seu
825 2054 894 2090 ludi
923 2052 1122 2090 dominum.
1178 2055 1243 2086 Pa-

227 2121 315 2147 trem
338 2124 477 2162 quoque
485 2109 645 2155 familias
665 2106 747 2143 dixit
772 2118 834 2155 pro
852 2103 1026 2154 quendam
1051 2116 1069 2138 e
1093 2100 1244 2152 populo,

229 2173 265 2199 ut
284 2161 353 2212 sup.
378 2163 489 2212 Calig.
520 2173 596 2210 cap.
615 2171 718 2196 xxvi.
741 2153 1011 2203 patresfamilias
1034 2162 1144 2194 notos,
1174 2155 1243 2188 ἀς.

229 2212 482 2250 Mirmillonum
519 2223 638 2247 autem
672 2207 815 2244 fae‘tioni
847 2204 900 2242 vel
929 2205 963 2240 in
988 2201 1099 2239 fratris
1124 2202 1244 2239 odium

229 2263 369 2301 favebat
390 2263 622 2301 Domitianus.
666 2259 766 2295 Titus
783 2257 879 2295 enim
895 2253 1045 2292 studium
1063 2264 1246 2290 armaturae

230 2314 409 2352 Thi-acum
431 2327 501 2364 prae
519 2312 552 2349 se
573 2311 655 2349 tulit.

289 2366 390 2412 lmpie
415 2364 540 2400 locutus
559 2358 831 2411 parmularius.]
884 2361 966 2395 Sunt
1001 2356 1058 2406 qui
1078 2353 1248 2402 palmula-

230 2416 301 2452 rius
319 2416 452 2468 legant,
481 2413 537 2452 sed
562 2413 663 2450 male.
693 2422 779 2447 nam
796 2409 971 2450 Thraces,
997 2419 1016 2443 a
1033 2418 1181 2458 quorum
1202 2417 1251 2439 ar-

233 2479 369 2504 matura
401 2467 505 2503 altera
529 2463 760 2514 gladiatorum
792 2459 898 2496 factio
927 2471 1061 2495 nomen
1097 2457 1249 2505 accepit,

235 2531 354 2568 parma
375 2519 421 2554 uti
447 2515 560 2553 solitos
573 2544 585 2558 ,
603 2516 760 2551 auetores
776 2511 972 2548 ostendunt.
1007 2509 1135 2558 Argute
1155 2507 1254 2556 igitur

234 2568 378 2605 Martial.
408 2572 446 2605 ὃ(
465 2566 606 2617 quidem
622 2567 657 2602 in
672 2563 867 2601 Domitiani
886 2560 1056 2611 gratiam,
1087 2558 1146 2594 lib.
1166 2570 1249 2594 x1v.

235 2620 452 2670 Epigr.ccx1
467 2632 476 2655 1
492 2633 518 2656 ι.

346 2677 435 2713 Haec,
467 2682 534 2717 qux
544 2667 622 2714 fiepe
631 2665 716 2714 fhlet
734 2663 830 2700 vinci
843 2693 854 2707 ,
882 2675 948 2712 qua
966 2661 1099 2696 vincere
1118 2671 1194 2695 raro
1206 2686 1219 2702 ,

404 2725 533 2755 Parma
555 2717 616 2753 tibi
626 2717 762 2764 scutum
773 2713 967 2762 pumitzonis
983 2712 1057 2747 erit.

238 2770 339 2815 Impie
355 2782 444 2804 vero
467 2770 611 2805 locutum
628 2767 780 2815 intellige
799 2794 811 2808 ,
848 2766 904 2813 qui
922 2760 1117 2799 Domitiani
1135 2759 1253 2796 scilicet

240 2821 384 2853 Numen
418 2819 509 2855 dicto
546 2817 684 2854 laeserat.
742 2815 824 2852 laesae
854 2816 948 2850 enim
979 2810 1162 2857 majestatis
1191 2812 1251 2846 cri-

240 2881 324 2904 men
348 2869 451 2903 etiarn
474 2870 622 2915 impietas
642 2866 849 2908 vocabatur,
876 2877 911 2901 ut
929 2862 1051 2915 pallini
1079 2862 1114 2896 in
1141 2862 1252 2897 Taciti

240 2918 375 2955 historia
400 2917 446 2953 est
471 2930 620 2955 cernere.
677 2917 858 2966 Eleganter
884 2915 927 2952 ad
956 2915 1021 2950 hoc
1043 2911 1152 2963 ipsum
1177 2915 1253 2947 Do-

239 2970 370 3006 mitiani
402 2968 531 3004 {astum
571 2967 747 3015 respiciens
774 2967 856 3003 Plin.
887 2969 1053 3013 Panegyr.
1112 2964 1253 2997 Nemini

241 3018 395 3069 (inquit)
424 3019 574 3065 impietas
608 3018 672 3062 (ut
682 3016 836 3062 fhlebat)
867 3015 1010 3063 objecta,
1037 3013 1124 3062 qnod
1141 3012 1251 3058 odtffi¹t

1184 466 1310 529 lmpie
1342 464 1484 507 locutus
1507 461 1787 529 parmularius.

1857 461 2109 524 Complures
2140 465 2302 512 senato-

2239 545 2301 576 res

1587 601 1980 637 cisiuzou.

1338 681 1542 714 1<›.Patrem
1557 674 1760 723 familias.]
1805 676 1885 710 Hoc
1903 673 1971 716 est,
2001 672 2051 710 τὶν
2069 671 2164 712 δεῖνα
2189 678 2301 718 civem

1280 730 1489 765 Romanum
1508 755 1520 771 ‚
1566 737 1600 763 ut
1620 727 1886 778 interpretamur
1901 724 1945 761 ad
1973 722 2100 762 librum
2134 740 2185 766 lv.
2226 742 2299 782 cap.

1279 791 1385 816 xxvi„

1337 830 1438 878 Impie
1455 829 1581 866 locutus
1591 826 1866 878 parmulariu5.]
1897 829 1983 865 Non
2001 828 2109 867 solum
2123 830 2158 866 in
2180 830 2307 881 spesta-

1284 878 1365 916 culis
1385 880 1570 929 periculum
1590 879 1651 916 fiiit
1672 878 1731 915 sub
1752 878 1903 930 tyrannis
1928 877 2047 917 favere
2071 880 2168 916 alicui
2187 893 2307 919 contra

1283 930 1429 967 studium
1451 932 1613 980 Principis
1637 945 1646 966 :
1684 929 1739 966 sed
1766 931 1872 967 etiam
1890 928 1990 966 domi
2009 932 2044 968 in
2067 932 2150 969 vino
2168 935 2205 969 ὃ(
2225 946 2307 969 con-

1286 981 1382 1019 viviis
1398 980 1544 1018 liberam
1560 994 1688 1017 vocem
1708 980 1751 1017 de
1782 980 1834 1017 his
1863 982 1961 1030 nugis
1984 979 2109 1019 misisse
2128 983 2214 1020 verti
2236 982 2309 1020 soli-

1285 1043 1361 1067 tum
1378 1033 1414 1068 in
1435 1030 1660 1069 occasionem
1679 1030 1879 1074 calumniae,
1903 1032 2138 1081 &impietatis
2155 1034 2286 1070 crimen
2298 1063 2310 1078 ‚

1288 1094 1322 1118 nt
1338 1082 1570 1132 appell-ibant.
1632 1080 1752 1119 Allusit
1769 1081 1828 1120 suo
1846 1095 1947 1119 more
1966 1082 2009 1118 ad
2025 1082 2114 1120 hanc
2134 1083 2309 1122 historiam

1290 1132 1415 1187 Plinius
1442 1134 1477 1168 in
1498 1134 1712 1181 Panegyrico
1734 1146 1744 1168 :
1780 1131 1875 1179 Jam
1899 1144 2004 1181 quam
2034 1133 2143 1170 libera
2160 1136 2312 1182 spefft'un-

1290 1191 1379 1217 tium
1397 1181 1517 1227 studia
1534 1210 1545 1224 ,
1575 1193 1681 1230 quam
1705 1181 1843 1227 securus
1850 1182 1960 1226 favor
1980 1193 1995 1221 ,e
2041 1184 2183 1221 Nemini
2197 1185 2312 1233 impie-

1288 1241 1365 1274 tau,
1393 1242 1434 1267 ut
1453 1231 1598 1280 fidebat.
1628 1231 1752 1278 obsecra
1769 1258 1781 1273 ,
1814 1232 1901 1278 quod
1923 1232 2035 1281 odisset
2055 1233 2283 1281 gladiatorem
2298 1251 2309 1272 .-

1288 1294 1382 1317 nemo
1432 1284 1555 1318 efflator
1564 1280 1792 1330 speclaculum
1801 1280 1922 1327 saclus
1933 1309 1945 1324 ‚
1970 1282 2106 1326 miseras
2124 1284 2314 1333 voluptates

1290 1345 1371 1368 unco
1481 1331 1611 1380 ignibus
1641 1331 1808 1379 expiavit.
1866 1331 1991 1369 Similis
2024 1331 2159 1372 saevitiae
2192 1348 2311 1372 exem.

1290 1381 1386 1441 plum
1406 1385 1441 1420 in
1457 1382 1635 1433 Caligula,
1663 1394 1738 1434 cap.
1758 1394 1858 1423 xxxv.
1907 1383 2072 1421 Martialis
2090 1383 2134 1422 de
2153 1383 2214 1423 suo
2231 1399 2315 1425 con-

1288 1447 1404 1474 Vivio:

1403 1490 1458 1522 De
1475 1483 1614 1534 Prasino
1631 1497 1785 1522 conviva
1803 1498 1895 1523 meus
1913 1490 2096 1536 Venetoque
2108 1485 2288 1536 loquatur,

1463 1541 1534 1572 Nec
1537 1536 1671 1582 facient
1685 1549 1896 1585 quemquam
1905 1536 2026 1584 pocula
2045 1537 2154 1585 nostra
2169 1551 2275 1576 reum.

1291 1587 1401 1624 Porro
1420 1586 1647 1638 parmularius
1660 1615 1673 1630 ,
1702 1585 1784 1630 vel,
1803 1599 1838 1624 ut
1856 1588 1966 1624 Graeci
1977 1586 2127 1625 scribunt
2147 1587 2235 1625 hanc
2252 1601 2316 1626 vo-

1292 1651 1391 1680 cem,
1419 1638 1676 1686 ποιλμελοιρίες
1693 1637 1939 1689 appellabant,
1966 1639 2025 1688 qui
2052 1639 2247 1676 Thracibus
2279 1641 2319 1677 in

1292 1701 1396 1725 arena
1413 1687 1580 1727 favebant
1598 1717 1610 1732 ‚
1643 1701 1794 1739 quorum
1822 1701 1894 1726 erat
1922 1702 1984 1738 pro
2010 1690 2056 1725 ria
2073 1701 2203 1739 parma.
2262 1689 2317 1727 Ab

1293 1740 1427 1777 eadem·
1439 1737 1548 1776 cauffa
1565 1739 1647 1776 dicti
1667 1737 1819 1778 Prafiani
1838 1739 1893 1780 vel
1910 1742 1974 1777 Pra
1992 1741 2120 1784 miani,
2154 1742 2322 1779 Venetia-

1292 1792 1324 1827 ni
1342 1819 1353 1834 ,
1383 1794 1420 1827 &
1435 1791 1657 1829 Secutoriani.

1343 1840 1534 1888 Complures
1549 1838 1739 1885 senatores,
1767 1843 1804 1876 in
1824 1840 1876 1876 his
1893 1840 2025 1889 aliquot
2043 1839 2248 1888 consulares,
2265 1843 2317 1877 in-

1292 1891 1437 1929 teremit.
1452 1889 1466 1937 ]
1482 1890 1579 1927 Adde
1598 1891 1702 1931 etiam
1724 1890 1854 1940 aliquot
1871 1889 2094 1939 triumphales
2111 1918 2122 1931 ,
2152 1890 2206 1927 vel
2225 1903 2316 1929 certe

1294 1941 1554 1992 triumphalibus
1587 1942 1803 1978 ornamentis
1834 1941 1993 1977 donatos.
2041 1941 2076 1976 in
2101 1940 2151 1977 his
2185 1941 2315 1985 julium

1295 1993 1492 2044 Agricolam
1511 1992 1622 2028 Taciti
1640 1991 1809 2028 socerum.
1870 1991 1972 2028 Libet
2001 1990 2030 2026 ἐν
2059 1989 2202 2039 παρόδῳ
2226 1994 2315 2029 Dio-

1294 2058 1378 2080 nem
1403 2045 1438 2080 in
1467 2042 1530 2079 hac
1556 2043 1750 2079 narratione
1776 2041 1964 2078 emendare
1983 2069 1995 2084 ‚
2033 2044 2069 2077 δε
2108 2054 2230 2078 veram
2268 2041 2314 2081 illi

1297 2095 1497 2132 sententiam
1515 2093 1655 2130 reddere
1667 2121 1679 2137 ,
1708 2091 1807 2129 simul
1822 2096 1858 2128 ὃ(
1870 2093 1997 2128 Tacito
2010 2091 2199 2130 conciliare.
2230 2094 2318 2130 Scri·

1299 2158 1394 2195 ptum
1413 2147 1447 2182 in
1465 2144 1677 2194 compendio
1692 2143 1817 2179 Dionis
1834 2142 1877 2179 de
1901 2143 2059 2192 Agricola
2077 2171 2088 2186 ,
2126 2143 2188 2180 nai
2219 2144 2316 2185 τέλος

1300 2197 1438 2240 ἐσφάγη
1461 2194 1521 2232 ἔιοὲ
1536 2198 1647 2230 ταῦτα
1667 2195 1730 2230 ὀπὶ
1748 2195 1961 2237 Amantiam,
1980 2194 2108 2241 καίπες
2127 2192 2188 2233 ταὶς
2214 2194 2318 2231 ἐπινι-

1299 2249 1376 2287 κιές
1397 2245 1498 2290 τιμὰς
1513 2251 1611 2293 πικραὶ
1631 2245 1679 2282 ‘tie‘
1695 2243 1787 2281 Τίτε
1805 2241 1931 2281 λοιςών.
1991 2244 2047 2280 Ait
2066 2243 2218 2281 occisum
2232 2258 2316 2283 eum

1299 2310 1318 2334 a
1345 2297 1550 2333 Domitiano
1575 2324 1586 2339 ,
1626 2294 1702 2331 licet
1718 2307 1738 2331 a
1757 2295 1841 2330 Tito
1860 2294 2074 2330 ornamentis
2103 2295 2316 2345 triumphali-

1303 2349 1365 2385 bus
1385 2347 1492 2384 fuisset
1513 2347 1669 2384 domtus.
1729 2345 1909 2387 Primum,
1939 2358 2011 2381 non
2029 2344 2103 2381 satis
2113 2345 2239 2389 video,
2258 2360 2314 2384 cur

1306 2398 1349 2435 lic
1376 2398 1532 2448 loquatur
1555 2426 1567 2442 ,
1612 2400 1648 2433 ὅ(
1668 2407 1773 2445 quam
1803 2396 1876 2433 vim
1899 2395 2025 2432 habeat
2055 2394 2133 2431 illud
2166 2397 2313 2446 κοιίπες.

1302 2449 1425 2486 deinde
1442 2447 1584 2492 falsum,
1610 2446 1705 2498 quod
1730 2447 1776 2482 ait
1797 2445 1839 2482 de
1858 2446 1955 2483 Tito:
1993 2459 2076 2482 nam
2094 2447 2319 2485 Domitianus

1301 2499 1362 2538 fuit
1375 2530 1387 2544 ‚
1415 2502 1474 2549 qni
1491 2513 1534 2536 eo
1553 2500 1686 2536 honore
1706 2496 1906 2548 Agricolam
1923 2497 2023 2534 auxit.
2054 2496 2149 2546 quod
2166 2497 2317 2547 gravissi·

1304 2565 1365 2588 mo
1385 2551 1457 2588 testi
1470 2580 1479 2594 ,
1507 2553 1543 2587 ὃ(
1562 2562 1693 2599 genero
1712 2547 1859 2598 amplius
1875 2548 2099 2584 accredamus
2114 2545 2245 2584 neceffe
2257 2547 2313 2585 est.

1303 2603 1490 2639 Enimvero
1504 2597 1662 2652 scripsisse
1681 2602 1838 2636 Dionem
1858 2600 1916 2644 ajo
1932 2626 1945 2642 ,
1973 2596 2105 2645 καίοι-εξ
2130 2596 2190 2638 τὰς
2217 2598 2314 2633 ἐπινι-

1302 2655 1379 2692 κὶες
1399 2652 1501 2697 τιμάς
1519 2652 1604 2702 meg’
1623 2652 1718 2689 σἰυτέ
1744 2647 1837 2687 τέτε
1867 2646 1991 2687 >lugdu
2051 2648 2149 2698 plane
2178 2647 2315 2696 elegans

1304 2704 1514 2742 emendatio.

1653 2806 1951 2841 Vinion.

1361 2922 1414 2946 ιο.
1443 2906 1643 2943 Munerario
1659 2907 1823 2951 imparem
1842 2897 2019 2947 dixeram]
2053 2899 2095 2934 In
2114 2900 2160 2935 V.
2183 2899 2223 2936 C.
2243 2898 2311 2944 est,

1304 2960 1468 3001 Retiario,
1499 2970 1561 3007 pro
1578 2953 1787 2990 Munerario.
1819 2954 1855 2987 ὃ(
1876 2950 1972 2999 post:
2000 2948 2154 2985 Acilium
2166 2948 2317 2986 Glal-rio-

1303 3023 1378 3045 nem
1396 3011 1433 3045 in
1453 3008 1584 3055 exsilio,
1615 3008 1684 3041 ἀς.
1705 3015 1792 3038 nam
1811 3002 1847 3037 in
1864 2999 2008 3050 vulgatis
2025 2997 2118 3036 deest
2139 2998 2174 3036 in
2185 3013 2317 3051 praepo-

232 3071 459 3120 gladiatorem
484 3095 496 3111 ,
530 3069 567 3103 ὅ(
612 3078 687 3115 quae
712 3065 891 3116 sequuntur
916 3092 928 3108 ‚
977 3064 1068 3101 lectu
1101 3060 1249 3110 digniffi-
1303 3058 1390 3097 sitio.
1448 3061 1610 3096 Fuivius
1632 3058 1820 3092 Unsxuus.

239 3133 312 3159 nia.

2164 3152 2320 3187 Tou..
