2504 3425
91 423 145 483 38

519 112 1365 174 D.Oc·rAv'.CAEsAR
1429 112 1954 168 AUGUSTUS.
2175 129 2277 184 179

176 213 315 264 scendi
337 225 490 260 turmas
514 211 734 275 equitum,
769 207 1118 273 quotiescumque
1141 224 1248 272 opus
1270 206 1379 255 effet.
1449 205 1657 253 Censores
1682 207 1808 251 creari
1833 204 1981 252 desitos
2003 206 2136 269 longo
2156 206 2289 250 inter-

173 281 284 326 vallo
302 279 481 333 creavit,
517 292 738 322 numerum
756 289 977 336 praetorum
995 277 1119 320 auxit.
1186 275 1340 335 Exegit
1361 273 1485 318 etiam
1500 308 1512 328 ‚
1548 285 1592 316 ut
1624 273 1790 334 quotics
1815 272 2045 314 consulatus
2064 270 2139 316 fibi
2164 270 2284 315 darc-

172 359 260 401 tur,
296 343 419 389 binos
432 358 507 405 pro
521 338 1070 405 finguliscollegashaberet
1104 356 1114 384 2
1152 355 1229 383 nec
1248 338 1456 393 obtinuit,
1490 333 1807 382 reclamantibus
1828 335 2012 389 cunctis,
2048 332 2282 391 satismaje-

171 407 313 454 statem
335 412 422 468 ejus
443 406 667 461 imminui,
701 403 816 468 quod
838 403 1045 448 honorem
1063 420 1162 449 eum
1176 419 1263 448 non
1283 400 1391 446 solus
1405 437 1417 458 ‚
1434 400 1500 447 sed
1514 416 1610 446 cum
1623 401 1751 445 altero
1764 412 1937 462 gereret.
2003 399 2100 443 Nec
2124 400 2283 459 parcior

169 474 213 517 in
237 473 383 518 bellica
403 473 552 518 virtute
577 467 844 524 honoranda,
882 468 999 530 super
1022 485 1101 513 xxx
1135 466 1310 512 ducibus
1341 464 1467 523 justos
1499 463 1756 525 triumphos,
1790 467 1834 508 δε
1856 464 2070 526 aliquanto
2092 462 2282 523 pluribus

171 536 434 599 triumphalia
476 547 720 581 ornamenta
758 532 1018 579 decernenda
1063 533 1231 578 curavit.
1297 529 1464 575 Liberis
1509 528 1743 573 senatorum
1769 563 1781 583 ,
1827 544 1915 590 quo
1948 527 2121 571 celerius
2150 527 2279 587 Reip.

169 600 455 648 adluel'cerent
465 635 481 658 ‚
517 600 704 662 protinus
717 597 879 645 virilem
894 611 1057 660 togam,
1092 598 1222 642 latum
1242 594 1407 639 clavum
1427 593 1598 639 induere
1613 628 1626 649 ,
1662 596 1705 637 &
1719 595 1840 639 curiae
1865 589 2052 637 interesse
2069 588 2277 652 permisit:

2156 654 2278 699 mili-

167 745 361 789 Utrumque
378 749 505 775 munus
515 735 600 772 olim
612 733 818 771 censorium.
833 735 976 770 Tacitus
987 732 1030 769 de
1045 731 1194 771 Volusio
1255 730 1311 778 qui
1323 731 1537 782 triumphum
1557 744 1601 768 eo
1620 731 1725 788 spatio
1742 733 1881 781 egerint.
1912 735 1952 768 Et
1969 743 2088 768 tamen
2109 729 2174 773 ait,
2203 740 2277 766 non

167 791 290 830 Annal.
311 790 367 827 lib.
387 800 440 826 ιν.
463 785 623 833 Censoria
642 785 747 821 etiam
757 783 916 832 potestate
933 783 1076 832 legendis
1103 785 1195 832 equs-

165 853 241 881 tum
259 840 402 879 decuriis
406 837 552 882 funcim
571 834 625 881 est.

523 918 821 954 VARIOR.

218 1004 273 1038 37.
293 989 403 1027 Alvei
412 988 547 1026 Tiberis.
559 986 574 1036 ]
588 985 825 1036 Repurgandi,
837 988 874 1022 &
885 983 1185 1022 laxiorisfaciendi.

162 1041 262 1078 Prisci
277 1040 390 1077 locare
413 1039 568 1077 solebant
590 1037 736 1074 flumina
760 1037 930 1080 retanda,
980 1038 993 1084 (
1011 1036 1077 1072 boc
1097 1038 1192 1072 enim

160 1092 308 1130 verbum
327 1091 445 1141 legitur
467 1093 501 1127 in
522 1088 638 1125 edicio
667 1087 877 1138 praetorum)
909 1086 1004 1137 quod
1022 1085 1193 1136 fignificat

161 1140 348 1192 purganda.
376 1147 474 1178 Retm·
485 1142 580 1177 enim
589 1140 730 1176 arbores
738 1149 971 1182 vocaverunt,
990 1151 1065 1188 quae
1076 1150 1133 1174 aut
1150 1151 1192 1175 ex

159 1194 241 1243 ripis
253 1191 407 1229 fluminis
425 1202 622 1229 corruerent
631 1219 642 1235 ,
653 1201 709 1226 aut
720 1190 755 1225 in
765 1189 869 1228 alveis
878 1201 1001 1225 eorum
1011 1188 1189 1226 exstarent.

159 1245 191 1281 A
205 1244 333 1281 retibus
350 1254 470 1279 autem
486 1242 663 1285 dicuntur,
708 1239 802 1291 quod
823 1251 1064 1290 praetereuntes
1085 1252 1190 1278 naves

157 1294 384 1345 impedirent,
413 1297 451 1331 δε
466 1293 565 1331 instar
580 1294 706 1330 retium
717 1292 924 1334 retinerent,
942 1302 978 1327 ut
989 1290 1188 1328 docetGell.

158 1359 218 1384 xx.
238 1359 271 1384 2.
301 1348 497 1384 BEROALD,

489 1429 789 1472 TouREN
825 1438 861 1463 T.

215 1499 308 1534 Cum
321 1494 426 1532 altero
441 1492 607 1544 gereret]
663 1496 749 1531 Duo
770 1506 845 1532 mss.
874 1501 995 1542 ageret.
1016 1491 1192 1530 honorem

162 1544 294 1583 scilicet.

219 1611 233 1640 3
243 1603 274 1633 8.
301 1595 439 1633 Virilem
454 1606 576 1645 togam.
588 1595 605 1642 ]
634 1596 719 1632 Duo
728 1593 907 1645 pervetusti
924 1593 1060 1632 codices
1072 1623 1084 1638 ‚
1095 1594 1195 1631 virili

159 1656 233 1694 toga
251 1647 313 1683 lat.
326 1647 390 1682 cla.
402 1647 569 1683 inducere.
590 1659 698 1696 quam
718 1646 908 1683 lectionem
925 1646 1030 1682 etiam
1040 1645 1189 1682 Hubert.

160 1694 316 1734 Gifanius
333 1695 507 1741 affirmat,
520 1710 584 1733 nec
593 1697 679 1733 mihi
689 1696 850 1748 displicet.
880 1699 964 1733 Sunt
982 1697 1038 1746 qui
1055 1711 1079 1733 a
1092 1696 1193 1732 virili

158 1756 235 1795 toga
244 1746 358 1784 latum
376 1747 517 1783 clavum
527 1748 666 1783 induere
681 1747 818 1797 legant,
836 1746 894 1784 sed
905 1748 996 1797 prior
1006 1747 1107 1784 lestio
1118 1759 1194 1784 ma-

159 1799 211 1847 gis
222 1797 373 1835 Suetonii
384 1796 577 1834 dictionem
592 1796 688 1849 sapit.
720 1797 860 1848 Vespas.
876 1810 950 1848 cap,
969 1812 979 1834 1
993 1812 1021 1835 1.
1052 1802 1193 1846 Sumpta

158 1847 260 1884 virili
275 1858 354 1897 toga
371 1847 485 1885 latum
511 1847 673 1891 clavum,
702 1861 904 1899 quanquam
912 1849 1029 1894 fratre
1049 1849 1189 1897 adepto,

156 1897 219 1934 diu
235 1898 416 1948 averflttm
430 1898 481 1946 est.
504 1902 542 1935 ὃ(
560 1899 706 1949 apertius
717 1900 804 1950 Aug,
828 1912 901 1949 cap.
914 1910 1014 1937 xc1v.
1041 1900 1195 1936 Sumenti

158 1947 299 1986 virilem
308 1959 421 1998 togam
432 1949 550 1985 tunica
565 1949 630 1985 lati
646 1948 744 1986 clavi
758 1949 871 1999 resuta
881 1962 921 1986 ex
942 1958 1193 1999 utraquepurte

158 2000 209 2036 ad
217 2001 314 2048 pedes
325 2000 463 2036 decidit.
496 1999 682 2049 Distinguit
694 2012 814 2038 autem
834 2000 945 2036 tunica
963 1999 1020 2035 lati
1038 2000 1124 2039 clavi
1144 1999 1194 2036 se-

158 2061 278 2088 natum
289 2050 333 2087 ab
344 2051 479 2100 equite,
500 2061 537 2087 ut
553 2050 668 2087 annuli
685 2051 879 2101 equestrem
898 2049 1062 2089 ordinem
1080 2063 1100 2088 a
1121 2050 1191 2102 ple-

161 2101 227 2148 be,
258 2101 511 2140 Plin.lib⁴xx.r1
525 2116 536 2138 ι
551 2115 578 2139 1.
600 2114 675 2153 cap.
692 2116 704 2139 1
717 2116 745 2139 1.

464 2186 876 2221 CASAUBON.

210 2258 265 2298 38.
294 2257 366 2291 Nec
373 2254 507 2303 parcior
522 2254 560 2290 in
580 2252 695 2290 bellica
713 2253 845 2289 virtute
861 2249 1098 2298 honoranda]
1132 2253 1198 2288 Iti-³

162 2302 261 2354 signe
274 2307 323 2345 est
342 2307 378 2343 in
394 2304 461 2342 hoc
476 2317 605 2355 genere
616 2332 628 2347 ,
657 2301 753 2353 quod
763 2302 805 2339 de
819 2305 861 2340 L.
872 2303 980 2340 Tario
996 2300 1107 2339 Ruffo
1125 2315 1189 2339 no-

164 2366 214 2392 tat
231 2355 346 2395 Plinus
361 2355 419 2393 lib.
430 2369 494 2394 xvi
509 2370 559 2392 11.
571 2367 647 2404 cap.
660 2366 718 2392 v1.

218 2409 318 2455 Super
334 2406 475 2454 triginta
491 2406 632 2443 ducibus
641 2404 743 2453 justos
760 2402 984 2452 triumphos.]
1048 2403 1168 2441 Velim
1178 2433 1190 2448 ,

164 2467 289 2495 notent
308 2456 485 2506 diligenter
501 2457 592 2493 hunc
616 2455 736 2493 locum
755 2456 930 2492 Romanae
956 2454 1101 2491 historice
1124 2455 1192 2491 stu-

165 2505 266 2544 diosi.
322 2507 379 2545 Est
400 2509 493 2544 enim
507 2520 561 2545 res
577 2506 765 2557 quaestione
789 2505 916 2555 digna,
940 2505 1125 2556 quomodo
1145 2505 1190 2542 ab

167 2571 214 2594 eo
232 2570 391 2609 tempore
403 2588 415 2603 ‚
430 2571 632 2608 quorerum
649 2558 773 2607 potitus
792 2556 871 2594 estA
883 2559 1042 2607 ugustns,
1070 2555 1114 2592 ad
1131 2568 1192 2592 an-

165 2622 255 2646 num
282 2622 420 2647 DCCXL.
453 2609 531 2657 <eo
558 2605 689 2645 deflere
722 2606 904 2658 triumphi;
929 2619 1068 2656 coepere
1088 2619 1192 2643 orna-

167 2671 290 2697 menta
316 2658 535 2710 triumphalia
577 2657 714 2694 decerni
732 2656 746 2703 )
791 2658 926 2707 triginta
958 2658 1123 2707 triumphi
1156 2658 1192 2694 in

168 2710 266 2749 Urbe
282 2713 349 2749 ῑιξὶί
374 2709 449 2749 fint.
509 2713 550 2746 Et
570 2706 726 2760 profesto
745 2716 814 2743 'aut
840 2707 940 2750 valde
978 2706 1193 2757 negligenter

167 2760 298 2813 scriptae
318 2776 440 2799 eorum
466 2772 666 2809 temporum
697 2770 750 2793 res
777 2757 821 2793 ad
845 2771 909 2794 nos
936 2770 1192 2807 pervenerunt,

167 2822 224 2849 aut
242 2813 296 2850 hic
320 2813 445 2863 aliquid
471 2811 592 2848 mendi
610 2810 690 2845 latet
721 2822 730 2845 :
760 2806 830 2846 five
855 2808 934 2845 alibi
952 2820 1112 2845 mentem
1132 2809 1191 2845 ha-

168 2861 446 2907 buitSuetonius‚
471 2875 579 2913 quum
596 2860 668 2897 baec
685 2857 864 2902 scriberet,
893 2872 1004 2908 eoque
1022 2857 1192 2903 offendit,

165 2914 261 2963 quod
280 2928 353 2952 non
369 2913 469 2951 facile
486 2926 605 2964 putem
619 2939 631 2955 ‚
665 2909 708 2946 de
731 2920 804 2946 tam
816 2920 987 2946 'accuratae
1008 2909 1192 2959 diligentiae

166 2965 242 3002 viro
273 2980 283 3003 :
309 2964 380 3006 sive
405 2965 459 3002 hic
491 2964 609 3014 aliquis
635 2960 823 3010 descriptor
840 2961 1030 3011 cespitavit,
1056 2961 1100 2997 de
1121 2975 1192 3011 quo

166 3014 249 3052 nihil
293 3017 465 3053 ronuntio.
509 3018 595 3052 Sane
614 3026 697 3050 cum
717 3024 842 3048 omnes
856 3023 987 3050 veteres
1004 3013 1194 3050 memorias

166 3029 359 3113 excuIiieris,
390 3067 447 3107 vix
468 3067 614 3117 reperias
633 3062 677 3101 ad
703 3061 889 3102 dimidium
913 3063 1050 3102 numeri
1073 3062 1193 3112 hujus,

1252 779 1418 826 triginta,
1447 781 1503 818 sed
1516 785 1614 830 super
1632 777 1776 831 triginti}
1803 782 1964 826 ducibuss3
1992 796 2056 818 nec
2077 780 2276 831 simpliciter

1251 830 1460 878 triumphos,
1490 831 1546 868 sed
1559 831 1659 880 justos
1686 848 1696 866 :
1724 846 1798 881 quae
1823 844 1896 868 tam
1916 831 2058 883 diligens
2076 829 2278 869 assevcratio

1251 892 1341 928 :egre
1358 881 1511 931 permisit
1531 882 1652 925 nobis,
1682 894 1717 918 ut
1736 882 1930 918 deminutis
1941 883 2145 931 quibusdam
2155 882 2278 917 trium-

1243 938 1321 976 μω
1338 933 1426 968 nunc
1446 932 1561 969 locum
1579 945 1814 982 exponamus,
1841 945 1926 981 quos
1944 933 2034 981 slepe
2056 936 2094 968 δ(
2112 931 2209 967 facile
2231 931 2277 968 ab

1251 981 1403 1030 Augusto
1421 983 1535 1020 solitos
1562 983 1730 1026 concedi,
1754 983 1853 1020 variis
1880 982 1963 1020 locis
1991 982 2101 1018 scribit
2125 983 2198 1018 Dio
2218 980 2274 1018 lib.

1252 1043 1331 1069 [ιν.
1360 1033 1404 1069 de
1429 1035 1589 1084 Agrippae
1617 1033 1860 1070 moderatione
1894 1032 2038 1083 loquens
2063 1034 2098 1069 in
2119 1030 2276 1082 petendis

1252 1081 1440 1121 honoribus
1471 1100 1480 1122 ς
1509 1086 1583 1121 Τῶν
1610 1082 1647 1119 <5¹5
1673 1083 1715 1124 cin*
1734 1084 1847 1120 ἄλλων
1870 1084 1949 1122 τινὲς
1966 1083 2023 1130 ἐχ
2050 1083 2100 1118 ὅτι
2120 1082 2165 1118 τοὶ
2183 1077 2276 1118 cibe&

1249 1131 1321 1169 ἕτω
1344 1136 1551 1184 fedo-forise
1570 1164 1582 1179 ,
1612 1135 1694 1170 ἀλλ’
1724 1134 1755 1170 οἱ
1793 1133 1850 1178 μὲν
1879 1133 1989 1182 >sps-025
2022 1131 2279 1177 συλλαμςάνον-

1250 1199 1300 1223 τες
1319 1214 1332 1228 ,
1373 1185 1402 1221 οἱ
1422 1185 1458 1223 δε
1477 1188 1595 1226 πόλεις
1621 1183 2197 1234 ςασιαιζέσοις;καιτοιλλιὲστονἹες,
2216 1182 2276 1217 καὶ

1251 1232 1457 1284 ἕπωρέγονῖο
1492 1238 1553 1273 τῶν
1588 1237 1805 1285 νικητηρίων,
1844 1234 1904 1271 καὶ
1936 1234 2090 1279 ’ἔπεμπον
2117 1234 2224 1271 ἀυτοί·
2259 1232 2280 1267 α’

1248 1285 1321 1334 γιὲξ
1347 1286 1530 1331 ’‘Avqgfog
1575 1287 1635 1323 noel
1678 1288 1791 1323 τεόῦτοι
1829 1283 1984 1330 ἀφθόνως
2023 1285 2092 1321 τισὶ
2131 1283 2186 1323 τήν
2229 1298 2274 1326 γε

1248 1334 1383 1383 πξώτην
1425 1338 1623 1388 ἐχαρίζετο.
1689 1341 1738 1374 Ex
1778 1335 1907 1373 eodem
1940 1337 2078 1386 optimo
2113 1334 2277 1386 scriptore

1249 1385 1435 1432 discimus,
1477 1387 1571 1439 quod
1597 1388 1684 1425 olim
1726 1388 1762 1424 in
1792 1387 1882 1431 Julio
1909 1387 2044 1423 Caesare
2068 1386 2179 1425 visum
2208 1385 2281 1422 fue-

1249 1449 1300 1473 rat
1317 1467 1328 1481 ,
1357 1453 1440 1476 cuni
1460 1437 1692 1490 Hispaniensis
1712 1438 1876 1487 triumphi
1893 1438 2068 1475 honorem
2095 1435 2279 1473 ambitiose

1248 1487 1367 1538 legatis
1395 1490 1481 1534 suis,
1517 1491 1574 1541 qui
1611 1490 1754 1539 propriis
1789 1488 1941 1539 auspiciis
1987 1488 2070 1524 nibil
2114 1485 2279 1538 egissent,

1249 1542 1522 1580 communicavit
1553 1556 1562 1578 :
1599 1541 1633 1576 id
1661 1538 1852 1589 Augustum
1875 1538 2050 1577 interdum
2075 1535 2140 1574 effe
2166 1539 2281 1575 imita-

1249 1600 1323 1627 tum
1348 1620 1360 1634 ‚
1404 1604 1439 1629 ut
1475 1592 1517 1629 de
1554 1592 1714 1627 Carinate
1742 1602 1895 1627 narratur
1931 1589 1988 1626 lib.
2019 1601 2076 1626 LI.
2113 1602 2181 1639 qua
2210 1588 2279 1627 for-

1249 1638 1328 1677 taffe
1348 1644 1481 1680 mione
1509 1640 1647 1679 defendi
1667 1641 1764 1690 hujus
1786 1639 1855 1678 loci
1872 1641 2032 1691 scriptura
2055 1651 2095 1676 ac
2111 1640 2280 1679 sententia

1249 1690 1365 1740 possit.

1303 1742 1428 1780 Liberis
1440 1741 1636 1790 senatorum
1657 1771 1668 1785 ‚
1705 1755 1768 1791 quo
1787 1740 1923 1778 celerius
1959 1739 2096 1788 reipubl.
2128 1739 2281 1789 assuesce-

1249 1803 1343 1837 rent,
1353 1795 1509 1842 pretinm
1526 1793 1664 1830 virilem
1681 1803 1814 1841 togam,
1840 1792 1952 1828 latum
1969 1790 2108 1827 clavum
2124 1792 2278 1835 induere,

1249 1841 1301 1886 Εἴ
1319 1845 1411 1880 curiae
1431 1844 1580 1893 intereffe
1593 1843 1784 1892 permista]
1817 1844 1878 1887 Jus
1896 1841 2058 1880 veniendi
2075 1842 2110 1877 in
2119 1840 2279 1881 senatum

1250 1893 1426 1931 habebant
1442 1893 1550 1938 olim,
1582 1895 1736 1944 primum
1764 1894 1785 1929 ii
1814 1905 1902 1942 quos
1927 1890 2081 1942 legerant
2099 1891 2280 1936 censores,

1236 1944 1375 1982 'deinde
1392 1947 1434 1989 ii,
1463 1946 1520 1994 qui
1547 1944 1734 1981 mandatos
1772 1942 1835 1980 fibi
1867 1955 1886 1978 a
1916 1942 2047 1991 populo
2077 1943 2195 1991 (cujus
2217 1941 2282 1980 fuit

1250 1998 1428 2046 proprium
1448 1997 1498 2039 jus
1518 1993 1786 2045 suffiagiorum)
1816 1993 2029 2043 magistratus
2048 1993 2177 2029 curules
2190 1993 2282 2030 obti-

1251 2046 1380 2083 nebant
1397 2075 1408 2090 ,
1443 2045 1625 2095 postremo
1654 2045 1841 2095 praetextati
1866 2044 2062 2081 senatorum
2090 2041 2160 2080 filii.
2190 2043 2283 2082 licuit

1253 2098 1347 2133 enim
1368 2098 1517 2149 patribus
1528 2098 1663 2147 quoties
1678 2097 1714 2132 in
1730 2097 1861 2132 curiam
1872 2096 2048 2138 venirent,
2077 2093 2153 2131 suos
2163 2093 2280 2134 secum

1250 2146 1339 2185 filios
1350 2148 1531 2184 adducere.
1571 2144 1732 2184 Cauffam
1751 2148 1824 2192 ejus
1843 2147 1950 2182 moris
1968 2146 2079 2195 aperit
2087 2146 2279 2183 Suetonius.

1247 2197 1375 2236 Mansit
1405 2211 1444 2235 ea
1473 2196 1684 2235 consuetudo
1718 2196 1821 2247 usque
1854 2196 1898 2232 ad
1938 2208 2099 2246 tempora
2144 2197 2280 2246 Papyrii

1234 2251 1434 2300 *pret-textati
1446 2278 1459 2292 ‚
1488 2251 1584 2295 cujus
1602 2260 1685 2285 nota
1698 2247 1845 2284 historia.
1874 2245 1926 2282 Ab
1940 2260 1983 2283 eo
1997 2259 2156 2297 tempore
2175 2247 2278 2282 inter-

1248 2299 1363 2338 missus
1380 2314 1460 2338 mos
1471 2299 1578 2349 longo
1592 2297 1771 2338 intervallo
1787 2298 1830 2334 ab
1841 2297 1994 2347 Augusto
2013 2297 2201 2334 restituitur.
2215 2295 2277 2334 etsi

1249 2352 1416 2400 Augustus
1435 2364 1508 2388 non
1524 2362 1598 2386 tam
1615 2351 1768 2400 priorem
1794 2361 1934 2384 morem
1952 2346 2144 2391 revocasse,
2170 2360 2278 2397 quam

1248 2403 1441 2439 imitatione
1463 2404 1641 2447 majorum
1661 2412 1799 2437 novum
1818 2401 1867 2445 jus
1886 2396 2045 2435 invexisse
2056 2400 2090 2435 in
2102 2399 2279 2436 civitatem

1249 2453 1382 2491 videtur
1412 2468 1421 2490 ε
1452 2465 1562 2502 neque
1593 2452 1688 2487 enim
1717 2451 1815 2485 curia:
1847 2449 1978 2485 aditum
2004 2460 2138 2487 tantum
2163 2449 2280 2486 liberis

1248 2504 1445 2541 senatorum
1473 2503 1623 2553 aperuit,
1658 2499 1714 2537 sed
1738 2501 1844 2536 etiam
1867 2498 2064 2537 senatorum
2089 2499 2280 2548 insignibus

1249 2554 1451 2598 decoravit,
1482 2566 1522 2589 ac
1543 2550 1813 2603 quodammodo
1830 2551 1866 2586 in
1882 2550 2090 2587 senatorium
2113 2551 2277 2588 ordinem

1250 2605 1375 2656 allegit.
1436 2605 1555 2642 Veteri
1574 2606 1645 2650 jure
1662 2613 1795 2637 tantum
1823 2601 1951 2651 equites
1975 2613 2097 2637 erant:
2125 2600 2277 2638 Isidorus

1248 2656 1269 2692 l.
1288 2671 1336 2693 1x.
1357 2670 1386 2692 c.
1400 2671 1432 2700 4.
1460 2655 1636 2703 Qumvis
1645 2651 1818 2702 senatoria
1837 2653 1911 2701 quis
1928 2651 2052 2699 origine
2066 2650 2160 2700 effet,
2177 2653 2278 2701 usque

1247 2708 1295 2742 ad
1309 2707 1469 2755 legitimos
1493 2711 1597 2741 dnnos
1624 2717 1717 2754 eques
1735 2706 1908 2738 Romanus
1939 2711 2013 2736 erat
2041 2716 2051 2738 ε
2079 2702 2200 2737 deinde
2222 2714 2279 2738 ac-

1249 2758 1388 2805 cipiebat
1406 2756 1562 2792 honorem
1573 2753 1744 2803 senatoria:
1771 2751 1957 2800 dlgnitatis.
2017 2751 2176 2802 Appellat
2198 2751 2277 2801 legi„

1250 2809 1348 2844 timos
1364 2820 1467 2843 annos
1488 2817 1627 2842 anatem
1644 2804 1873 2845 senatorium,
1904 2814 2011 2852 quam
2030 2804 2091 2839 illis
2110 2804 2277 2852 tempori-

1253 2859 1317 2896 bus
1338 2855 1431 2894 fuiffe
1458 2870 1522 2895 xxv
1555 2869 1686 2892 annum
1703 2883 1714 2898 ,
1757 2867 1798 2890 cx
1828 2854 1946 2890 Dione
1974 2853 2109 2902 pridem
2137 2852 2273 2892 scimus.

1255 2913 1343 2947 Non
1368 2910 1469 2958 igitur
1493 2919 1650 2958 poterant
1685 2906 1885 2943 senatorum
1912 2903 2008 2940 liberi
2041 2905 2192 2941 tunicam
2217 2904 2276 2941 lati

1251 2960 1337 2999 clavi
1354 2959 1494 2996 induere
1522 2973 1532 2995 ι
1556 2958 1590 2994 id
1608 2959 1704 2994 enim
1723 2968 1794 2992 erat
1813 2955 1970 2992 senatorii
1988 2954 2116 2991 ordinis
2132 2953 2276 3003 infigne.

1251 3016 1299 3048 Ex
1318 3011 1383 3049 hoc
1400 3023 1486 3050 vero
1511 3008 1652 3059 Augusti
1683 3007 1832 3044 instituto
1857 3006 1972 3042 tunica
1999 3005 2165 3042 laticlavia
2193 3018 2274 3041 cum

1224 3063 1228 3095 1
1251 3062 1337 3105 virili
1369 3074 1452 3112 toga
1477 3061 1612 3113 sumpta
1640 3071 1660 3096 a
1686 3058 1799 3095 liberis
1826 3056 2022 3095 senatorum
2041 3084 2054 3102 ,
2092 3055 2212 3107 quibus
2237 3058 2275 3090 δε

1688 3113 1720 3148 Ζ
1751 3121 1771 3145 2
2179 3116 2281 3141 cui-ue

1696 3239 1714 3252 Χ
