2504 3425
561 200 637 255 C.
691 198 948 252 Sue-1⁴.
1012 188 1067 242 T
1103 185 1625 246 RANQU1LL1
1676 175 1989 231 L13.111.

763 288 788 333 si
816 303 898 335 (ma
920 286 963 328 in
988 279 1170 343 publicis
1183 274 1371 321 moribus
1393 270 1548 317 defidia
1563 286 1632 317 aut
1651 273 1755 316 mala
1775 268 2076 316 consuetudine
2100 266 2312 325 labarent,'

738 337 954 398 Luslorum
975 354 1020 390 a'c
1043 357 1267 389 munerum
1297 335 1503 398 impensas
1529 337 1752 399 corripuit:
1789 333 2049 380 mercedibus
2060 331 2316 378 scenicorum
2340 342 2401 390 34·

206 208 312 285 326

209 296 433 349 monebat:
467 309 590 358 atque
610 294 736 339 etiam

215 361 461 426 corrigenda
485 358 671 419 suscepit.

211 425 404 483 rescistis,
440 422 687 488 paribusque
722 414 997 478 gladiatorum
1030 408 1080 453 ad
1111 419 1272 452 certum
1305 417 1526 447 numerum
1551 401 1736 447 redactis.
1771 395 2106 451 Corinthiorum
2128 395 2317 442 vasorum

215 494 348 558 pretia
378 492 422 535 in
457 487 706 534 immeritum
740 474 917 523 exarsisse
940 510 953 532 ‚

988 471 1152 534 tresque
1188 469 1339 515 mullos
1371 483 1450 510 xxx
1494 464 1664 510 milibus
1697 478 1876 509 numum
1906 458 2062 508 venisse
2081 494 2096 516 ‚
2141 460 2319 523 graviter

218 553 503 618 conquestus,
536 543 823 593 adhibendum
857 538 1102 602 supellectili
1123 533 1297 580 modum
1323 528 1504 576 censuit:
1540 543 1837 590 annonamque
1861 524 2048 581 macelli,
2082 521 2242 569 senatus
2255 540 2321 569 ar-

221 621 400 672 bitratu,
432 612 654 676 quotannis
672 605 1004 669 temperandam:
1041 601 1136 646 dato
1169 596 1357 645 aedilibus
1389 594 1566 656 negotio
1577 628 1590 649 ‚
1626 594 1827 654 popinas,
1859 587 2091 654 ganeasque
2115 587 2241 661 usque
2267 603 2321 632 eo

222 679 466 735 inhibendi,
501 690 546 721 ut
566 692 618 720 ne
650 689 777 736 opera
800 669 972 734 quidem
991 664 1157 731 pistoria
1171 661 1353 727 proponi
1368 659 1526 706 venalia
1547 655 1739 703 sinerent.

590 815 888 850 VARIOR.

287 907 301 936 3
311 905 339 935 3.
352 885 591 936 Affidebatque
601 880 883 930 mistim.]Codex
893 873 1253 926 Saluiafijuxtimch

228 942 278 980 est
290 953 396 992 prope
411 968 421 982 ,
450 937 542 986 quod
554 949 625 973 uon
635 945 768 970 temere
778 930 970 976 rejecerim.
1209 975 1214 980 Ι

282 998 337 1029 Ex
355 988 507 1035 cadverfh.
525 986 539 1035 ]
574 984 697 1022 Codex
712 982 853 1021 Salmas.
881 976 1120 1026 exadversum.
1150 985 1185 1011 ut
1203 988 1256 1011 in-

228 1054 331 1086 ante,
357 1044 395 1077 &
418 1038 527 1076 multa
544 1035 677 1073 similia.

557 1108 591 1141 T
619 1117 642 1140 o
674 1117 699 1139 rt
727 1115 752 1138 R
782 1113 803 1137 E
834 1112 860 1136 N
892 1111 926 1135 τ.

287 1156 481 1206 Inpublicie
501 1152 684 1200 moriem]
730 1153 849 1188 Dietio
870 1146 1018 1186 moribus
1041 1156 1114 1180 non
1141 1141 1191 1180 est
1221 1142 1256 1196 in

238 1207 318 1245 cod.
355 1211 482 1244 Feri-ar.
519 1217 626 1256 quam
658 1215 780 1239 tamen
810 1201 980 1247 rejectam
1009 1196 1131 1232 nolim.
1188 1193 1256 1230 Ins.

239 1271 312 1308 cap.
324 1271 386 1294 xm
401 1273 427 1294 1.
1236 1293 1242 1300 .

294 1323 347 1353 34.
361 1306 524 1356 impensas
537 1304 702 1353 corripuit.
715 1302 730 1350 ]
746 1303 852 1338 Nove
864 1298 1076 1346 di&um‚pro
1088 1304 1258 1333 contraxit

236 1371 339 1409 atque
355 1359 553 1399 imminuit,
601 1366 636 1391 ut
666 1353 822 1401 corripere
843 1350 943 1387 viam
959 1377 970 1392 ,
1016 1346 1173 1394 corripere
1185 1346 1261 1395 spa-

240 1412 331 1445 tium
364 1408 482 1457 Vix-gil.
520 1412 556 1444 δε
580 1405 633 1441 alii
650 1434 663 1448 ‚
703 1407 740 1440 ἃ
775 1410 936 1450 correptas
960 1396 1109 1447 syllabas
1135 1406 1262 1436 vocant

241 1460 481 1511 grammatici,
510 1456 625 1507 quod,
653 1456 775 1494 breves
789 1466 868 1489 cum
888 1449 972 1494 sint,
1002 1450 1095 1486 citius
1111 1460 1264 1499 pronun-

241 1512 380 1547 cientur.

297 1550 820 1605 M‘ercedib.scenicor.resciffis.]
848 1554 932 1588 Duo
952 1549 1075 1600 optimi
1094 1546 1195 1585 codd.
1215 1560 1267 1582 re-

242 1608 332 1659 cifis,
362 1622 396 1646 ut
423 1609 534 1657 Calisg.
557 1619 632 1656 cap.
650 1617 754 1644 erv.
792 1602 966 1639 commoda
982 1600 1120 1637 emerita
1138 1597 1266 1636 militie

241 1664 288 1697 ad
303 1662 472 1707 [iimmffn
483 1652 719 1707 sexcentorum
735 1653 883 1691 millium
901 1651 1035 1688 recidit.
1065 1653 1103 1687 ὅ(
1121 1661 1195 1699 cap.
1206 1660 1264 1686 LV.

243 1712 487 1748 mirmillonum
507 1718 708 1746 armaturas
732 1703 874 1747 recidit,
904 1714 978 1739 non
993 1699 1149 1748 rescidit,
1179 1711 1216 1736 ut
1232 1700 1268 1735 in

242 1762 397 1812 vulgatis.
425 1763 548 1797 Horat.
563 1758 619 1795 lib.
639 1772 690 1794 11.
710 1758 776 1793 Sat.
794 1769 806 1791 1
819 1768 847 1791 1.

358 1818 497 1860 Integris
514 1810 625 1857 opibus
645 1806 726 1844 novi
748 1819 814 1843 non
827 1804 935 1841 latim
954 1803 1051 1853 aſsim

359 1864 479 1910 Qum
500 1873 588 1896 nunc
605 1859 677 1896 acci
692 1871 732 1893 is.

249 1911 319 1950 Sed
337 1915 374 1948 δε
389 1910 577 1959 Capitolin.
607 1912 655 1946 M.
669 1907 848 1944 Antonino
868 1903 913 1942 sic
933 1903 1065 1941 scribit:
1094 1907 1270 1953 Tempera-

250 1964 308 1999 vit
328 1963 432 1998 etiam
445 1961 593 2009 ftenicew
612 1958 803 1995 donationes
822 1985 833 2000 ,
860 1955 979 2005 jubens
1007 1965 1047 1991 ut
1065 1954 1182 2003 quinos
1209 1966 1272 1991 au-

251 2026 320 2049 reos
328 2013 452 2061 scenici
471 2011 676 2059 acciperent,
713 2008 766 2043 ita
787 2017 927 2049 tamen,
963 2015 1001 2041 ut
1026 2006 1137 2041 nullus
1162 2004 1271 2041 editor

251 2064 365 2100 decem
389 2075 503 2099 aureos
518 2061 738 2110 egrederetur.
767 2057 916 2092 Scenitas
935 2056 1127 2092 amasiones
1146 2067 1269 2100 Vocat,

252 2127 337 2164 quas
356 2117 494 2151 Sueton.
515 2110 677 2149 mercedes
696 2135 708 2152 ,
751 2106 886 2157 Ulpian.
907 2106 1044 2154 premia
1061 2105 1083 2141 l.
1103 2118 1114 2140 1
1128 2119 1154 2142 1.
1213 2110 1270 2143 De

254 2164 307 2202 his
329 2165 386 2214 qui
403 2174 563 2200 notantur
587 2159 741 2197 infamia.
798 2156 906 2206 Quod
920 2169 1004 2195 vero
1021 2156 1161 2192 editores
1179 2168 1199 2192 a
1204 2160 1274 2204 sce.

254 2215 338 2251 nicis
349 2214 521 2262 distinguit
539 2242 550 2256 ,
586 2212 620 2248 id
647 2212 692 2248 ita
711 2207 972 2257 intelligendum
992 2206 1041 2242 est
1060 2235 1071 2249 ,
1105 2216 1141 2242 ut
1149 2206 1274 2254 scenici

255 2263 345 2310 sint,
375 2266 431 2315 qui
452 2265 501 2300 rei
521 2262 654 2300 ludicrae
671 2259 769 2297 causa
783 2259 819 2295 in
838 2258 975 2295 scenam
991 2254 1055 2305 ipsi
1075 2257 1180 2294 acturi
1194 2247 1299 2308 pro-i

254 2315 377 2357 deum.
409 2316 546 2352 editores
565 2325 651 2350 vero
691 2311 752 2359 (ni
766 2308 886 2356 fallor)
918 2309 975 2358 qui
1002 2307 1154 2358 suscepta
1172 2309 1276 2345 eden—

254 2365 309 2402 dae
331 2365 456 2402 fabulae
485 2363 660 2416 provincia
679 2390 690 2406 ,
733 2372 812 2411 puta
853 2361 898 2396 ab
929 2358 1082 2396 aedilibus
1099 2386 1111 2402 ,
1147 2358 1277 2397 histrio-

255 2430 343 2453 num
361 2430 465 2466 porro
484 2426 592 2464 opera
612 2412 774 2451 mercede
789 2410 980 2448 utebantur.
1037 2407 1169 2458 Qales
1196 2409 1268 2448 for-

257 2478 293 2504 te
310 2469 346 2503 in
366 2467 522 2503 Terentii
538 2464 663 2502 fabulis
683 2467 722 2500 L.
750 2462 933 2501 Ambivius
955 2461 1114 2510 Turpio,
1149 2464 1190 2498 L.
1209 2462 1278 2498 Ati-

255 2517 319 2555 lius
338 2517 584 2559 Praenestinus,
610 2514 776 2552 Minucius
798 2514 980 2549 Protimus.
1037 2513 1125 2547 Non
1152 2512 1278 2562 ignoro

257 2580 379 2606 tamen
395 2571 578 2606 Donatum
602 2566 695 2602 aliter
717 2562 860 2602 senslffe.
920 2561 1044 2599 Scenici
1073 2574 1158 2611 ergo
1185 2576 1277 2599 mer-

259 2633 316 2656 ces
335 2620 427 2656 aurei
451 2620 621 2670 quinque,
651 2616 786 2654 editoris
800 2614 936 2652 decem.
997 2613 1080 2659 Qia
1099 2613 1142 2649 de
1160 2626 1198 2650 re
1216 2615 1278 2654 viri

258 2668 354 2707 doffi
369 2671 531 2719 cogitent.

315 2721 456 2770 Tre-fijac
478 2721 593 2757 mullos
609 2732 677 2756 xxx
695 2731 735 2758 M.
757 2715 975 2761 nummum]
1032 2715 1141 2751 Miror
1161 2713 1196 2750 id
1214 2714 1280 2751 Pli-

260 2769 358 2806 nium
376 2770 510 2807 tacuisse
522 2799 533 2814 ,
568 2783 648 2807 cum
666 2772 755 2815 Cajo
774 2769 930 2816 Principe
945 2767 988 2803 ab
1009 2765 1127 2802 Afinio
1151 2765 1279 2802 Celere

262 2830 426 2869 emptum
444 2833 552 2856 unum
572 2834 611 2857 vi
627 2835 636 2857 1
652 2836 679 2856 1.
698 2819 848 2856 millibus
863 2817 1024 2866 scripserit
1045 2816 1103 2852 lib.
1120 2829 1173 2853 xx.
1203 2828 1277 2865 cap.

260 2882 325 2907 xvi
340 2883 366 2906 ι.
387 2873 423 2905 δ(
438 2881 473 2905 ut
490 2870 642 2912 juvenal.
665 2871 707 2905 de
736 2869 914 2914 Crispino,
944 2869 1089 2904 mit-llum
1098 2866 1159 2912 sex
1178 2867 1279 2902 milti-

259 2919 323 2956 bm
334 2920 427 2958 emit.
454 2923 488 2956 V
492 2920 565 2962 iie,
601 2918 625 2954 si
645 2920 756 2962 lubet,
776 2918 1066 2961 Beroffldumhic,
1083 2921 1206 2966 &quae
1215 2930 1279 2954 no-

261 2981 330 3007 tata
349 2970 434 3006 mihi
454 2969 496 3006 nd
509 2972 630 3005 Horat.
643 2969 700 3005 lib.
719 2984 726 3005 1
744 2984 770 3005 ι.
788 2973 854 3004 Sat.
872 2983 924 3006 11.
1195 3000 1206 3003 c

313 3025 428 3058 Senat.
443 3020 564 3056 arbitr.
587 3021 765 3067 quotannis
784 3017 908 3065 temp]
950 3019 1001 3054 Sic
1022 3018 1166 3056 Tiberio
1185 3020 1279 3055 Prin-

262 3071 338 3118 cipe
356 3071 472 3120 inopia
493 3070 616 3106 chartae
636 3068 766 3104 fitc'tum
784 3068 830 3102 est
847 3095 858 3109 ,
891 3079 925 3103 ut
944 3081 962 3102 e
984 3068 1100 3105 senatu
1119 3070 1277 3107 darentur

261 3122 377 3160 arbitri
403 3119 624 3172 dispensandi.
669 3119 754 3156 Plin.
776 3117 1152 3168 lib.2t111.cap.x111.
1209 3124 1281 3160 Ve-

1804 655 1863 700 Et
1876 669 1920 700 ut
1932 655 2230 761 parcimoniam
2243 668 2325 713 pu-

2197 715 2323 762 licam

1301 811 1380 836 rum
1403 796 1437 834 id
1456 808 1549 835 extra
1567 794 1727 833 ordinem
1745 807 1826 833 tunc
1845 794 1991 832 fastum.
2044 790 2110 830 Sed
2123 791 2219 828 enim
2235 790 2319 840 reip.

1300 860 1462 900 tempore
1489 859 1669 885 annonam
1696 847 1833 884 macelli
1867 846 2025 883 censores
2058 840 2324 894 temperabant,

1305 900 1386 937 dieti
1404 899 1449 936 ab
1469 912 1513 936 eo
1535 928 1548 943 ,
1587 910 1623 934 ut
1641 898 1687 934 ait
1702 898 1815 935 Festus
1831 926 1843 942 ,
1881 898 1969 947 quod
1987 908 2058 932 rem
2067 893 2171 942 suam
2189 891 2326 941 quisque

1298 951 1421 999 solitm
1432 949 1481 999 fit
1507 950 1599 986 tanti
1620 948 1774 995 estimare
1795 977 1805 992 ,
1844 957 2015 996 quantum
2040 945 2090 981 illi
2118 944 2326 992 censuerant.

1308 1000 1519 1051 Exemplum
1548 999 1591 1036 de
1621 1002 1658 1035 P.
1681 997 1800 1036 Crasso
1829 1002 1866 1035 δ(
1895 1002 1936 1036 L.
1958 995 2093 1034 Caesare
2128 991 2328 1031 censoribus

1309 1050 1399 1101 apud
1427 1051 1577 1086 Plinium
1598 1049 1657 1086 lib.
1686 1063 1766 1088 xiv.
1805 1061 1879 1099 cap.
1897 1062 1977 1086 mv.
2048 1047 2264 1094 Qianquam
2288 1045 2328 1079 ὅ(

1309 1101 1423 1138 aediles
1441 1102 1513 1147 eius
1530 1102 1578 1137 rei
1594 1113 1714 1137 curam
1731 1100 1899 1150 gerebant
1916 1128 1928 1144 ,
1965 1102 2002 1136 δε
2019 1095 2194 1134 interdum
2221 1095 2329 1131 ctiam

1311 1150 1462 1202 praefeffi
1489 1164 1636 1189 annonae
1665 1161 1758 1186 extra
1786 1149 1947 1186 ordinem
1984 1147 2200 1185 creabantur.
2257 1142 2328 1181 Sub

1312 1202 1473 1240 Caesarib.
1501 1215 1588 1239 vero
1615 1202 1658 1238 ad
1685 1199 1885 1251 praefectum
1918 1199 2024 1237 Urbis
2060 1195 2235 1249 spestabat
2270 1207 2328 1231 co-

1311 1254 1420 1302 gnitio
1432 1282 1443 1297 ‚
1472 1265 1509 1290 ut
1526 1266 1578 1290 res
1597 1253 1682 1301 justo
1700 1253 1810 1303 pretio
1826 1251 2068 1293 venderentur.
2084 1251 2126 1287 L.
2143 1262 2172 1286 1.
2189 1249 2248 1284 De
2264 1242 2330 1284 off.

1314 1303 1411 1341 Praef.
1423 1303 1508 1341 Urb.

1368 1361 1422 1390 Ne
1433 1364 1530 1403 opera
1550 1355 1686 1405 quidem
1699 1352 1846 1402 pistoria.
1863 1352 1880 1399 ]
1933 1353 2051 1402 Opera
2066 1348 2220 1399 intelligo
2244 1357 2263 1382 a
2284 1345 2333 1396 pi-

1312 1403 1479 1448 ston'bus‚
1499 1419 1587 1455 quos
1598 1405 1776 1442 dulciarios
1784 1402 1979 1446 vocabant,
1989 1400 2158 1439 confeEta.
2185 1395 2335 1436 Martial.

1314 1456 1482 1507 Apopbor
1495 1467 1608 1492 ccxxl
1620 1470 1648 1493 1.

1428 1505 1528 1542 Mille
1546 1506 1608 1542 tibi
1621 1506 1731 1542 dulces
1752 1513 1885 1553 operum
1903 1512 2028 1539 mannas
2045 1499 2243 1549 iflafiguras

1489 1555 1642 1602 Exstruit
1653 1585 1664 1600 ‚
1692 1556 1770 1592 huic
1788 1555 1848 1591 uni
1859 1563 1965 1602 parca
1986 1551 2119 1587 laborat
2133 1553 2214 1598 apis.

1318 1607 1497 1657 Lamprid.
1520 1606 1733 1656 Elagabalo:
1761 1604 1973 1646 Dulciarios,
2005 1600 2057 1645 Εἴ
2075 1601 2232 1638 lancearios
2250 1597 2334 1636 tales

1316 1659 1459 1702 habuit,
1485 1668 1527 1694 ut
1546 1671 1741 1708 qnaesunque
1762 1656 1855 1706 coqui
1875 1655 1916 1691 de
1932 1650 2074 1701 diverfis
2094 1650 2249 1688 edulibus
2278 1663 2334 1693 ex-

1317 1708 1533 1757 hibuissem-‚¹
1550 1708 1606 1744 v'cl
1616 1708 1812 1756 firmiores,
1842 1704 1900 1742 vel
1910 1703 2058 1753 pomarii
2068 1731 2081 1746 ,
2117 1702 2168 1738 illi
2183 1702 2279 1738 modo
2294 1702 2337 1737 de

1317 1759 1429 1802 dulci,
1458 1759 1554 1795 modo
1567 1759 1702 1795 delacte
1711 1757 1916 1795 exhiberent.
1943 1753 2043 1791 Adde
2067 1752 2197 1798 Julium
2213 1752 2337 1790 firmi-

1319 1809 1589 1852 cumlib.v111.
1602 1822 1675 1860 cap.
1695 1823 1746 1846 11.

1629 1882 1661 1916 C
1686 1892 1708 1917 A
1735 1892 1752 1916 s
1779 1892 1802 1916 A
1825 1892 1852 1915 u
1880 1890 1900 1915 Β
1928 1890 1953 1914 o
1981 1889 2019 1914 N.
2170 1910 2175 1911 ⁷

1376 1944 1430 1976 34.
1449 1929 1707 1967 Corinthiorum
1725 1930 1888 1979 vasorum
1902 1923 2050 1978 pretim]
2068 1922 2162 1965 Vide
2171 1923 2337 1962 Tacitum

1324 1994 1336 2018 1
1349 1994 1377 2018 1.
1405 1980 1530 2019 Annal.
1548 1982 1583 2017 in
1602 1983 1684 2019 aitis
1699 1983 1780 2019 anni
1799 1991 1985 2018 DCCLXXV.

1375 2036 1629 2081 Annommque
1653 2032 1785 2070 macelli
1805 2031 1947 2079 senatus
1965 2027 2141 2065 arbitratu
2159 2024 2342 2074 quotannis

1319 2083 1579 2130 temperandam
1596 2098 1606 2117 .·
1635 2083 1716 2118 dato
1736 2080 1886 2119 adilibm
1904 2079 2051 2128 negotio,
2064 2074 2166 2126 pop.]
2202 2074 2342 2112 Prorsus

1322 2133 1491 2169 contraria
1508 2132 1558 2169 his
1571 2131 1684 2169 scribit
1701 2132 1841 2169 Tacitus
1859 2144 1871 2167 ι
1884 2144 1896 2166 1
1908 2142 1936 2166 1.
1969 2129 2011 2166 A.
2036 2141 2091 2173 55.
2119 2126 2264 2164 Auditis
2275 2129 2342 2162 Ce-

1313 2183 1405 2232 saris
1421 2183 1526 2220 literis
1547 2212 1559 2227 ,
1605 2181 1737 2232 remiffis
1760 2179 1907 2219 aditibus
1930 2178 2011 2215 talis
2034 2189 2116 2214 cura
2135 2192 2146 2212 .·
2181 2175 2346 2225 luxusque

1322 2232 1435 2281 mense
1445 2261 1457 2276 ,
1479 2246 1502 2269 a
1508 2232 1580 2281 fine
1595 2232 1734 2270 Actiaci
1743 2230 1872 2270 belliad
1880 2242 1922 2267 ea
1930 2241 2052 2273 arma,
2070 2229 2144 2276 quis
2154 2231 2221 2264 Ser.
2232 2225 2347 2263 Galba

1324 2296 1395 2320 rem
1412 2289 1451 2320 R.
1464 2284 1604 2333 adeptus
1621 2282 1685 2331 est,
1706 2291 1767 2332 per
1784 2293 1888 2318 annos
1907 2289 2041 2318 centurn
2049 2276 2191 2329 profusis
2199 2277 2349 2328 sumpti-

1324 2333 1386 2370 bm
1406 2335 1566 2379 exerciti,
1585 2333 1758 2383 paulatim
1775 2330 1957 2369 exolevere.

1379 2385 1550 2422 Pridiana
1558 2385 1636 2434 sepe
1651 2397 1691 2422 ac
1701 2384 1830 2433 semesa
1845 2379 1975 2429 obsonia
1999 2377 2184 2428 apposuit]
2227 2380 2348 2416 Sextus

1327 2434 1481 2473 Aurelius
1499 2435 1542 2474 de
1560 2436 1757 2473 Alexandro
1779 2437 1908 2472 Severo
1932 2447 1943 2469 :
1977 2431 2086 2480 Hujus
2111 2440 2224 2467 mater
2248 2442 2283 2465 eo
2301 2429 2348 2477 fi'-

1326 2486 1413 2523 lium
1434 2498 1578 2536 coegerat
1589 2516 1601 2532 ,
1627 2486 1781 2524 atillam
1792 2486 1952 2534 quamvis
1961 2480 2177 2530 permodica,
2186 2477 2219 2528 fi
2236 2478 2348 2527 menſse

1322 2538 1532 2588 prandioque
1550 2537 1767 2589 supereffent,
1797 2536 1959 2584 quamvis
1973 2531 2126 2580 semesis,
2154 2529 2256 2566 alteri
2271 2540 2346 2566 con-

1270 2615 1277 2621 .
1327 2601 1427 2625 vivia
1442 2597 1685 2637 reponerentur.
1714 2588 1766 2625 Sic
1781 2582 1975 2623 scribendus
1988 2582 2043 2620 ille
2059 2581 2154 2620 locus
2169 2593 2211 2618 ex
2229 2577 2345 2618 Histo-

1327 2641 1376 2677 ria
1394 2637 1554 2678 miscella.

1684 2709 1722 2744 V
1750 2719 1771 2743 A
1796 2718 1821 2743 R
1849 2717 1863 2741 1
1892 2717 1916 2741 o
1944 2715 1982 2741 u.

1387 2777 1438 2808 34.
1450 2758 1658 2809 Ganeafilue.
1672 2759 1688 2805 ]
1713 2760 1809 2795 Loca
1824 2755 1879 2792 illa
1888 2783 1899 2799 ,
1915 2755 1950 2790 in
1958 2749 2078 2803 quibus
2089 2746 2250 2785 homines
2259 2747 2345 2786 vino

1330 2818 1367 2851 ὃ(
1385 2813 1490 2864 epulis
1506 2816 1543 2849 ὅ(
1569 2810 1688 2849 veneri
1715 2807 1919 2855 desidiaeque
1938 2812 2082 2851 operam
2100 2797 2247 2842 dabant,
2284 2811 2345 2836 ve.

1328 2865 1454 2902 teribus
1468 2863 1572 2910 lustra
1591 2865 1745 2908 &ganea
1757 2887 1767 2901 ‚
1797 2851 2039 2894 recentioribus
2058 2848 2187 2886 Latinis
2203 2847 2345 2903 taberne

1326 2916 1535 2954 dicebantur.
1588 2910 1657 2949 Sed
1674 2908 1767 2946 male
1778 2916 1923 2955 ganeum
1941 2901 2147 2952 antiquiores
2168 2911 2345 2948 gramma-

1329 2969 1383 3004 tici
1407 2965 1478 3002 ἀπὸ
1498 2965 1556 3006 τῆς
1572 2964 1642 3005 γᾶς
1657 2958 1842 2995 deducunt.
1877 2964 1962 2988 nam
1979 2964 2126 3000 ganeum
2153 2963 2236 3001 pura
2263 2961 2344 3000 puta

1329 3031 1397 3057 vox
1415 3019 1535 3053 Graeca
1555 3012 1614 3049 est.
1659 3008 1777 3044 dicunt
1801 3004 1897 3041 enim
1922 3003 1967 3039 illi
1990 3001 2129 3045 γάνειον.
2175 3000 2276 3043 ’γάνος
2303 3004 2342 3038 δι

1328 3069 1458 3111 ’γάνειον
1481 3065 1595 3104 idem,
1624 3070 1660 3096 ut
1676 3056 1771 3095 doing
1791 3059 1829 3092 ὃ(
1848 3053 1980 3090 δάνειον.
2010 3052 2133 3095 *scirem
2153 3063 2343 3090 autemvo-

1327 3119 1452 3156 cabant
1477 3115 1555 3153 loca
1573 3107 1789 3158 voluptaria,
1813 3107 1850 3143 in
1876 3104 1999 3156 quibus
2022 3103 2106 3141 loeta:
2126 3103 2205 3144 vitae
2226 3102 2340 3143 horni-

2276 3164 2341 3189 nes
