2504 3425
261 209 356 245 102

722 312 1864 388 *PRAEFATIO

257 466 2329 598 CASAUBONI

786 650 1110 710 OLIM
1198 643 1835 703 EDITIONI

372 760 2222 880 SUETONIANAE

855 916 897 970 P
975 918 1031 971 R
1105 913 1180 968 AE
1257 910 1323 966 M
1399 911 1426 964 Ι
1500 908 1535 962 S
1613 907 1648 962 S
1724 907 1787 961 A.

730 1045 1014 1103 VIRO
1111 1033 1899 1096 CLARISSIMO

268 1162 1371 1256 PHILIPPO
1486 1147 2339 1239 CANAIO

305 1305 633 1361 fraxineti&
649 1302 937 1359 Monticuli
951 1302 1189 1356 Domino
1205 1339 1222 1364 ‚
1250 1293 1527 1352 Sanctioris
1543 1287 1852 1345 Confistorii
1869 1290 2032 1364 Regii
2046 1287 2301 1345 Conflua-

374 1381 456 1434 rio
469 1419 486 1445 ,
514 1380 803 1436 Germaniae
816 1377 1072 1451 Exlegato
1086 1418 1102 1442 ,
1119 1380 1171 1429 ὃς
1186 1375 1238 1428 in
1251 1372 1486 1444 supremo
1502 1364 1796 1422 Occitaniae
1811 1363 1983 1418 senatu
1998 1363 2202 1420 Praefidi
2215 1402 2234 1430 ,

781 1524 1715 1583 IS.C,AsAu130Nus
1792 1511 1848 1567 S.

344 1730 357 1757 v
389 1749 399 1769 Ἄ
514 1699 523 1709 ”
611 1687 899 1742 Riennium
913 1681 1072 1738 ferme
1082 1682 1176 1747 est,
1189 1678 1371 1736 Praeses
1387 1673 1794 1735 clariffime,cum
1810 1665 2044 1721 Suetonii
2056 1663 2344 1739 Tranquil-

392 1792 400 1806 ·
491 1751 510 1782 '⁹³
523 1782 564 1841 ξ
614 1761 652 1815 li
680 1764 868 1817 librum
881 1757 1159 1812 secundum
1176 1758 1228 1809 in
1240 1754 1336 1808 hac
1350 1749 1522 1806 schola
1537 1746 1744 1820 publice
1758 1741 2021 1813 explicui,
2059 1741 2112 1794 in
2133 1759 2242 1813 quo
2257 1758 2346 1794 ne-

299 1838 310 1857 ¹
454 1849 493 1916 {2ss
610 1838 758 1908 gotio
772 1849 829 1888 ut
841 1854 896 1887 ea
912 1830 1017 1884 fide
1029 1829 1242 1884 versarer
1257 1867 1273 1893 ‚
1301 1843 1456 1898 quam
1473 1828 1524 1876 &
1539 1820 1759 1874 muneris
1775 1815 1877 1870 mei
1890 1815 2022 1868 ratio
2034 1813 2347 1886 postulabat,

292 1911 344 1952 ·’“
363 1942 383 1973 ς,
404 1970 407 1977 .
454 1909 534 1970 ..tw
609 1915 660 1962 ὃ(
675 1909 897 1962 alacritas
913 1902 1380 1959 honestiffimorum
1392 1895 1791 1952 adolescentium
1805 1928 1820 1954 ‚
1843 1890 1940 1959 qui
1956 1887 2086 1940 mihi
2101 1887 2348 1941 affiduam

609 2001 817 2052 operam
830 1979 1079 2033 navabant
1093 2015 1109 2040 ‚
1133 1974 1450 2031 occastonem
1467 1971 1641 2024 nactus
1655 1967 1762 2019 sum
1779 1960 2075 2033 inquirendi
2090 1962 2143 2014 in
2158 1969 2347 2014 omnes

273 2057 496 2112 historiae
513 2059 765 2112 Romanae
779 2069 960 2126 partes,
977 2051 1153 2122 paullo
1169 2066 1323 2122 quam
1340 2045 1565 2099 fecissem
1579 2056 1743 2102 antea,
1755 2036 2072 2109 diligentius.
2105 2033 2194 2086 Est
2205 2033 2346 2085 enim

273 2132 404 2184 liber
425 2132 513 2184 ille
530 2168 545 2193 ,
585 2128 729 2199 quod
745 2142 794 2179 te
807 2127 1020 2179 minime
1034 2124 1180 2184 latet,
1220 2123 1302 2178 vir
1313 2117 1604 2174 doc‘cisfime
1620 2153 1635 2177 ,
1664 2115 1736 2166 ita
1749 2110 1962 2181 scriptus
1976 2145 1992 2170 ,
2019 2121 2078 2160 ut
2091 2104 2270 2159 frustra
2282 2103 2343 2158 fit

275 2204 464 2275 aliquis
478 2203 757 2275 speraturus
769 2238 783 2263 ³
812 2199 858 2252 se
873 2217 988 2251 eum
1006 2197 1088 2249 vel
1104 2195 1361 2268 explicare
1376 2191 1508 2252 aliis,
1520 2188 1601 2242 vel
1619 2184 1898 2255 intelligere
1913 2180 2026 2232 satis
2040 2178 2201 2252 posse,
2214 2179 2344 2250 quin

272 2278 449 2330 omnia
461 2280 640 2330 omniu
652 2294 696 2326 m
714 2289 938 2326 veterum
952 2270 1132 2323 scrinia
1144 2265 1412 2322 excusserit
1426 2301 1441 2327 ‚
1480 2265 1531 2315 in
1548 2260 1735 2332 quibus
1750 2254 1947 2326 aliquid
1961 2253 2110 2306 lateat
2125 2291 2142 2316 ‚
2180 2266 2266 2304 aut
2282 2251 2348 2304 ad

274 2350 546 2422 publicum
563 2355 667 2424 ejus
685 2345 1008 2418 Reipublicae
1024 2342 1312 2403 statum,aut
1325 2338 1387 2391 acl
1405 2337 1654 2407 privatam
1671 2330 1980 2403 singulorum
1997 2327 2156 2379 vitam
2173 2329 2351 2379 &mo-

276 2441 354 2476 res
381 2426 649 2496 pertinens,
728 2420 892 2489 de
925 2436 1044 2470 cum
1073 2435 1100 2467 a
1124 2415 1269 2467 nobis
1295 2430 1396 2464 non
1414 2409 1626 2481 segniter
1642 2404 1700 2459 stt
1715 2415 1971 2457 tentatum
1989 2437 2005 2462 ‚
2044 2401 2148 2470 ejus
2163 2399 2349 2452 laboris

278 2496 418 2549 hunc
432 2495 657 2551 fructum
673 2492 851 2545 referre
866 2491 954 2544 vifi
970 2490 995 2541 s
993 2509 1019 2540 u
1029 2506 1137 2540 mus
1153 2525 1169 2550 ‚
1208 2502 1262 2539 ut
1278 2484 1517 2557 plurima,
1534 2480 1702 2551 quain
1717 2472 2053 2545 Tranqui110‚
2068 2491 2171 2543 qua
2182 2474 2239 2525 in
2252 2470 2344 2524 ali-

279 2569 322 2621 is
339 2572 531 2642 generis
546 2568 764 2641 ejusdem
779 2562 1108 2636 scriptoribus
1125 2598 1141 2623 ,
1180 2558 1399 2612 necdum
1412 2555 1659 2626 cuiquam
1675 2562 1945 2619 occupata,
1959 2544 2349 2599 observaremus,

280 2641 466 2713 Itaque
478 2662 581 2696 non
596 2640 897 2695 destiterunt
909 2655 972 2689 ex
986 2654 1049 2687 eo
1064 2652 1208 2705 agere
1225 2648 1423 2685 mecum
1440 2627 1595 2681 amici
1611 2625 1820 2695 quidam
1828 2635 1902 2684 ,ut
1912 2639 1972 2672 ea
1985 2619 2282 2691 colligerem
2293 2636 2352 2671 ac

283 2717 612 2786 publicarem.
681 2714 886 2781 Qubus
898 2725 1064 2762 tamen
1082 2722 1138 2758 ut
1157 2706 1388 2758 cederem
1402 2744 1416 2765 ,
1442 2719 1544 2753 non
1561 2712 1677 2752 ante
1691 2695 1929 2748 inducere
1942 2694 1995 2745 in
2011 2694 2239 2745 animum
2255 2710 2350 2763 po-

282 2789 361 2841 tui
383 2827 396 2849 ,
433 2808 590 2858 quam
601 2784 838 2840 exstitisti
851 2783 978 2836 mihi
992 2780 1147 2833 etiam
1163 2793 1215 2832 tu
1237 2816 1249 2837 ‚
1274 2774 1489 2848 quando
1504 2774 1558 2825 in
1573 2770 1899 2824 Germaniam
1914 2780 2006 2818 tuo
2021 2767 2190 2818 accitu
2205 2762 2354 2824 veni,

285 2879 465 2913 eorum
491 2859 678 2914 edendi
706 2860 881 2913 auctor
895 2862 944 2910 ὅ(
959 2852 1135 2907 suasor.
1213 2848 1547 2920 Expugnavit
1564 2841 1883 2915 propositum
1899 2856 2066 2892 meum
2083 2835 2351 2891 austeritas

289 2949 378 2988 tua
393 2972 408 2991 ,
451 2935 529 2984 vir
554 2934 776 2985 maxime
801 2958 812 2985 :
850 2948 968 2999 quae
996 2926 1177 2979 merito
1199 2922 1290 2974 suo
1303 2935 1439 2974 tanta
1452 2918 1590 2989 apud
1606 2934 1687 2968 me
1701 2914 1771 2966 est
1790 2951 1803 2975 ‚
1842 2927 2033 2982 quanta
2046 2929 2147 2962 non
2160 2921 2348 2959 temere

291 3007 420 3059 alius
445 3004 757 3074 cujusquam,
833 3003 969 3070 Cepi
1002 3000 1155 3070 igitur
1170 2996 1231 3048 ab
1246 3012 1309 3046 eo
1321 3010 1554 3063 tempore
1568 2985 1954 3060 praestantissimi
1976 2985 2120 3052 hujus
2133 2977 2352 3031 austoris

289 3079 481 3135 edendi
497 3076 764 3133 confilium
781 3096 790 3128 :
820 3074 965 3146 quod
978 3071 1107 3145 saepe
1118 3082 1287 3123 tamen
1301 3066 1478 3140 postea
1489 3104 1508 3128 ,
1526 3061 1798 3116 destitutus
1812 3055 2037 3127 antiquis
2045 3048 2351 3174 exempgari-

2264 3139 2319 3174 us
2337 3160 2356 3187 ,
