2504 3425
528 163 994 219 D.Oc'1·Av.
1068 160 1945 221 CAESARAUGUSTUS.
2161 188 2273 243 219

177 258 697 327 Juliam&Agrippinam.
764 254 919 316 juliam
946 258 998 300 L.
1014 255 1159 301 Paullo
1182 257 1361 301 censoris
1382 254 1498 313 filio,
1531 259 1815 321 Agrippinam
1840 258 2103 308 Germanico
2124 259 2274 315 sororis

179 326 257 373 suae
276 325 423 388 nepoti
446 321 678 368 collocavit.
747 320 901 379 Cajum
936 323 980 363 &
1013 321 1193 366 Lucium
1228 320 1438 380 adoptavit
1470 321 1586 370 domi
1620 339 1693 385 per
1725 320 1847 369 affem
1882 327 1926 369 δε
1959 326 2108 374 libram
2132 347 2270 378 emtos

179 408 202 436 a
221 405 332 453 patre
361 390 554 451 Agrippa
584 403 596 432 e
628 382 874 446 tenerosque
908 382 1039 428 adhuc
1073 383 1122 429 ad
1144 399 1283 429 curam
1316 384 1440 446 Reip.
1475 386 1662 432 admovit
1694 405 1705 432 t
1741 391 1786 432 δι’
1814 387 2003 436 consules
2032 391 2269 455 designatos

179 457 337 501 circum
367 451 598 516 provincias
620 446 902 511 exercitusque
923 445 1090 492 dimifit.
1157 448 1305 493 Filiam
1327 451 1370 492 &
1396 464 1540 512 neptes
1563 452 1619 496 ita
1641 449 1847 509 instituit,
1881 467 1926 499 ut
1938 454 2062 501 etiam
2080 457 2267 507 lanificio

180 588 226 626 At
243 601 316 625 non
333 587 368 625 id
383 588 541 638 quaeritur
553 614 564 629 ,
589 596 697 634 quam
713 594 796 621 vera
816 580 881 618 sint
898 611 909 625 ,
944 593 1020 631 quae
1039 582 1196 639 inimicus

180 640 333 677 oetavio
346 640 490 692 impegit
505 636 683 673 Antonius.
737 637 956 690 scurnum&
1013 636 1066 668 Sic
1085 635 1123 668 &
1143 632 1196 670 alii

179 689 256 727 libri
270 689 420 742 plerique
437 699 582 730 omne8‚
608 683 702 735 quod
721 697 795 719 non
812 685 873 719 tuit
888 681 1106 719 mutandum.

496 789 869 823 ToRnENT.

232 896 290 934 64.
317 887 456 935 Juliam
467 890 506 923 L.
519 884 635 920 Paullo
652 881 787 929 censoris
796 879 907 929 filim]
966 881 1057 918 Hinc
1075 892 1194 917 natam

176 939 377 982 AEmiliam,
397 936 531 975 Claudii
550 933 667 985 postea
683 933 846 982 Principis
856 931 1025 982 sponsam.
1055 931 1194 979 Augusti

174 1000 382 1039 proneptem
398 998 503 1027 vocat
528 988 667 1022 Sueton.
696 983 817 1020 Claud.
846 994 921 1032 cap.
943 995 1022 1018 xix,
1050 982 1194 1018 minoris

174 1039 297 1076 scilicet
321 1039 417 1083 Juliae
434 1067 448 1083 ,
484 1037 593 1087 neptis
614 1036 706 1083 ejus,
735 1032 856 1073 filiam.
915 1032 1007 1070 Vide
1033 1032 1105 1082 sup.
1118 1045 1192 1083 cap.

169 1103 249 1126 xlx.

225 1139 423 1176 Germanico
437 1137 554 1183 fhrorie
563 1138 627 1186 fiee
644 1133 786 1183 nepoti.]
815 1134 910 1172 Libri
927 1145 946 1169 a
966 1133 1136 1170 Frobenio
1157 1133 1192 1171 in

169 1190 359 1228 Germania
394 1188 473 1226 editi
496 1201 611 1225 uxores
630 1186 696 1235 sua
721 1194 791 1233 nep,
846 1188 1038 1234 Utrumque
1067 1198 1192 1222 verum

169 1241 230 1278 est.
288 1240 514 1281 Germanicus
529 1240 623 1275 enim
648 1233 771 1278 Drusi,
800 1236 1003 1282 &junioris
1031 1235 1190 1274 Antonia:

170 1289 260 1327 filius
279 1289 353 1328 fixit.
411 1291 513 1340 Atqui
548 1286 679 1325 Drusus
706 1298 857 1324 matrem
885 1285 1001 1322 habuit
1030 1287 1190 1329 Liviam,

172 1340 314 1391 Augusti
330 1353 497 1384 uxorem,
527 1339 678 1376 Antonia
701 1350 787 1377 vero
820 1338 1009 1375 O&aviam
1036 1337 1191 1374 sororem

172 1390 324 1441 Augusti.
352 1395 394 1428 Et
411 1390 486 1428 libri
501 1389 643 1441 quidem
664 1401 745 1425 mss.
767 1400 892 1425 omnes
902 1387 1021 1436 fhroris
1042 1387 1195 1426 habent:

170 1441 316 1479 mallem
333 1453 453 1478 tamen
462 1442 594 1484 uxoris,
621 1450 659 1477 ut
672 1438 717 1475 ad
731 1449 913 1488 paternum
924 1439 1123 1475 Germanici
1135 1450 1193 1487 ge-

171 1504 234 1529 nus
250 1491 423 1529 referatur.

230 1543 425 1589 Adoptavit
436 1540 527 1578 domi
536 1548 596 1588 per
610 1537 770 1588 aſjem&
780 1537 943 1585 libram]
999 1538 1050 1575 Sic
1067 1551 1193 1574 omnes

175 1590 276 1635 libri,
305 1605 391 1642 quos
408 1605 476 1628 eoo
493 1591 635 1642 quidem
650 1589 818 1632 viderim3
846 1602 910 1625 nec
924 1600 1044 1625 tamen
1059 1587 1193 1632 dubito,

173 1644 256 1692 quin
272 1655 332 1690 per
346 1624 581 1684 aesfifflibmm
591 1638 907 1685 Jurisconsultorum
918 1652 1019 1675 more
1030 1668 1042 1683 ,
1063 1638 1195 1689 scripse-

173 1694 216 1728 rit
233 1695 372 1728 Sueton.
390 1703 425 1728 ut
442 1692 537 1728 enim
560 1691 722 1728 Boethius
743 1703 808 1727 nos
826 1689 961 1732 docuit,
990 1690 1016 1726 is
1041 1691 1098 1739 qui
1118 1703 1194 1726 rem

172 1741 324 1791 aliquam
341 1743 518 1792 mancipio
535 1741 724 1792 accipiebat
749 1753 795 1776 aes
825 1751 946 1777 tenens
965 1740 1010 1776 ita
1033 1740 1193 1777 dicebat:

172 1804 275 1829 Huuc
305 1803 384 1829 EGO
410 1803 592 1830 Hominem
630 1803 674 1828 Ex
709 1801 798 1834 JuRE
837 1803 1045 1835 antnum
1086 1802 1192 1827 mium

170 1853 258 1879 ESSE
297 1855 362 1879 aro
379 1872 391 1887 ,
421 1853 528 1887 stffi
565 1854 654 1879 MIHI
686 1853 834 1878 Emprus
869 1852 937 1877 EST
972 1852 1047 1877 Hoc
1087 1853 1194 1884 ΜΕ,

171 1904 352 1938 AENEAQE
374 1906 503 1930 ΗΒΕΑ.
532 1892 670 1928 Deinde
689 1905 755 1929 aere
773 1892 963 1940 percutiens
983 1891 1106 1928 libram
1119 1920 1129 1934 ,
1150 1905 1196 1928 εις

172 1942 268 1979 alteri
286 1943 399 1981 dabat.
431 1942 532 1980 Unde
553 1943 727 1993 eleganter
738 1944 862 1978 Horat.
880 1941 983 1992 Epist.
994 1941 1051 1978 lib.
1071 1956 1083 1979 1
1096 1957 1122 1979 1.
1152 1941 1195 1979 ad

170 1993 307 2031 Florum
329 2009 340 2032 ι

226 2095 262 2130 Si
272 2093 467 2144 proprium,
486 2093 528 2141 est
546 2093 636 2144 quod
654 2092 727 2142 quis
745 2091 835 2129 libra
849 2102 1020 2130 mercatur
1031 2090 1083 2135 ἐς
1093 2106 1160 2130 ere.

174 2194 261 2233 Illud
280 2196 392 2246 magis
418 2193 693 2238 observandum,
721 2192 815 2243 quod
843 2196 970 2239 Caium
987 2196 1023 2231 &-
1048 2194 1195 2231 Lucium

175 2245 273 2282 domi
288 2246 470 2295 adoptatos
485 2245 583 2288 dicit,
618 2248 656 2280 ὃ(
675 2244 818 2294 quidem
837 2257 896 2295 per
916 2258 962 2281 aes
979 2248 1015 2281 δε
1035 2244 1160 2281 libram
1177 2257 1197 2281 a

177 2306 272 2346 patre
289 2308 444 2346 emptos,
467 2295 618 2345 sequenti
651 2308 735 2334 vero
771 2306 843 2345 cap.
870 2296 1009 2332 tertium
1027 2307 1196 2345 nepotem

177 2346 388 2396 Agrippam,
417 2350 453 2382 ὃ(
475 2347 669 2396 privignum
701 2344 886 2382 Tiberium
912 2347 947 2381 in
964 2344 1042 2381 foro
1058 2374 1070 2388 ,
1096 2345 1198 2395 idque

177 2396 256 2446 lege
268 2397 416 2433 Curiata.
473 2399 580 2442 Cujus
598 2393 802 2433 diversitatis
826 2397 911 2432 ratio
931 2396 999 2438 est,
1021 2396 1114 2446 quod
1132 2397 1195 2440 illi,

179 2459 262 2483 cum
280 2445 390 2483 adhuc
406 2447 440 2482 in
458 2448 558 2496 patris
574 2444 676 2483 essent
692 2446 881 2496 potestate,
911 2446 986 2484 solo
1017 2449 1088 2492 ejus
1116 2460 1198 2483 con-

178 2496 277 2533 sensu
296 2509 356 2545 per
377 2498 672 2546 mancipationem
700 2497 761 2533 rite
776 2494 909 2534 saetam
934 2497 1087 2546 Augusto
1115 2498 1200 2534 tradi

180 2559 361 2596 poterant,
391 2560 464 2597 qua-s
485 2548 617 2596 proprie
639 2546 778 2596 adoptio
798 2547 845 2584 est
866 2562 875 2584 :
903 2547 936 2583 hi
952 2560 1054 2590 vero,
1087 2560 1200 2584 morte

178 2608 360 2648 parentum
377 2597 513 2634 suorum
543 2599 615 2642 jam
640 2608 749 2645 patres
779 2595 925 2634 familias
963 2596 1098 2640 effeffl,
1129 2612 1201 2635 non

180 2647 243 2684 nist
262 2650 295 2684 in
318 2648 416 2692 foro,
449 2646 610 2684 consensu
635 2647 776 2696 populi,
813 2657 934 2684 coram
960 2646 1201 2697 pontificibus,

179 2698 256 2748 lege
278 2699 435 2742 Curiata,
465 2701 499 2735 in
520 2698 653 2734 alterius
673 2695 813 2733 tranlire
833 2698 1036 2747 potestatem
1063 2701 1202 2748 permir-

180 2749 347 2790 tebantur.
380 2749 491 2785 honio
510 2749 593 2785 liber
613 2750 707 2784 enim
727 2759 828 2795 caput
848 2760 980 2784 mutare
1000 2750 1128 2798 nequit,
1141 2749 1201 2786 nisi

180 2800 309 2850 populo
332 2799 587 2843 contentiente3
618 2801 708 2837 cives
728 2799 852 2848 quippe
878 2796 979 2848 ipsius
1005 2801 1086 2849 reip.
1114 2799 1197 2838 sunt.

180 2852 260 2897 Qa
276 2851 407 2887 ratione
434 2851 571 2887 Aristor.
591 2850 647 2887 lib.
669 2864 702 2887 v.
760 2851 816 2884 De
832 2848 1009 2893 moribus,
1035 2863 1116 2886 eum
1142 2853 1199 2900 qui

181 2898 246 2937 sibi
265 2903 338 2940 vim
356 2900 476 2945 infert,
505 2915 577 2938 non
588 2899 652 2938 fibi
669 2898 730 2951 ipsi
742 2898 854 2935 facere
873 2900 1031 2945 injuriam
1050 2901 1197 2945 tradidit,

181 2950 238 2987 sed
257 2953 402 2995 civitati,
427 2955 520 2996 cujus
539 2964 614 3002 pars
633 2951 693 2989 est.
728 2950 844 2988 Simile
862 2962 978 2987 autem
1000 2951 1197 3001 exemplum

182 3001 272 3051 apud
281 3003 440 3040 Tacitum
461 3001 745 3040 lib.x11,Annal.
764 3000 807 3036 de
823 3000 1009 3050 adoptione
1030 3003 1197 3039 Domitii:

2137 521 2269 568 affue-

1242 595 1302 632 per
1311 583 1461 639 Galbam
1477 583 1534 622 lib.
1555 598 1582 622 1.
1603 585 1688 623 Hist.
1736 587 1848 637 Atque
1868 588 1942 626 haec
1966 588 2108 640 quidem
2128 593 2266 643 proprie

1243 644 1409 680 arrogant]
1427 634 1623 684 appellatur.
1668 638 1725 673 De
1742 650 1809 687 qua
1826 640 1903 682 JCti
1922 641 2047 684 nostri,
2077 642 2264 690 praesertim

1242 682 1376 732 Ulpian.
1394 684 1495 722 tit.v1
1511 699 1520 720 ι
1535 700 1561 722 1.
1574 690 1610 722 <Sc
1628 688 1676 722 tit.
1695 702 1727 725 x.
1751 691 1855 732 Caius
1875 690 2016 728 Institut.
2035 703 2108 740 cap.
2131 707 2164 731 v.
2185 695 2259 731 Cic.

1242 739 1329 769 orat.
1349 747 1411 782 pro
1421 737 1548 787 Domo
1566 736 1621 772 sua
1637 737 1677 772 ad
1690 736 1896 784 Pontifices,
1917 741 2044 779 Gellius
2062 742 2164 781 lib.v.
2187 756 2261 793 cap.

1240 795 1318 867 gut.
1339 786 1396 819 De
1406 784 1546 822 tamiliae
1558 800 1643 826 vero
1654 790 1846 825 mutatione
1857 804 1916 840 per
1927 792 2170 831 testamentum
2181 794 2262 833 alibi

1265 846 1395 871 lesslssS.

1296 884 1457 933 Lamficio
1477 884 1619 934 affiaeefi]
1652 889 1736 925 Duo
1754 901 1834 927 MSS.
1855 891 1902 926 ad
1922 890 2120 940 lamflcium,

1539 990 1944 1029 CAsAunoN.

1297 1093 1352 1130 64.
1366 1088 1563 1135 Adoptavit
1577 1089 1680 1127 domi.
1695 1089 1711 1135 3
1745 1091 1801 1127 An
1812 1092 1916 1135 domi,
1928 1091 1960 1128 id
1973 1091 2021 1128 est
2031 1122 2043 1136 ,
2052 1094 2090 1129 in
2101 1095 2238 1134 domum
2250 1107 2266 1137 ?

1240 1133 1325 1172 ficut
1343 1136 1407 1173 dici
1428 1137 1512 1177 solet
1530 1139 1690 1187 adoptare
1707 1142 1744 1177 in
1762 1143 1901 1179 domum
1919 1141 1972 1186 Εἴ
1981 1143 2163 1188 familiam
2182 1163 2191 1182 :
2218 1149 2266 1187 ita
2308 1172 2311 1177 ‹

1238 1184 1336 1243 huqni
1353 1187 1440 1237 saepe
1456 1187 1548 1226 valet
1564 1190 1599 1227 in
1617 1190 1775 1228 humum.
1787 1204 1831 1229 an
1844 1193 1954 1243 potius
1963 1193 2036 1231 haec
2045 1207 2114 1232 vox
2125 1208 2143 1232 a
2154 1201 2266 1236 Tran-

1240 1236 1346 1293 quillo
1371 1239 1526 1285 adjeeta,
1552 1252 1588 1277 ut
1615 1241 1648 1278 id
1676 1254 1796 1292 praeter
1828 1244 2112 1281 consuetudinem
2131 1246 2265 1287 fastum

1239 1286 1411 1326 indicaret.
1432 1292 1537 1336 Caius
1547 1293 1577 1334 J.
1590 1295 1631 1329 C.
1645 1292 1807 1331 titulov1.
1837 1297 1918 1343 ἔξω,
1934 1305 2050 1332 tamen
2063 1301 2268 1346 mancipatio

1230 1336 1360 1434 sssebat
1376 1340 1629 1390 anteprafidem
1638 1342 1717 1390 fieri
1726 1371 1738 1387 ‚
1749 1345 1846 1380 modo
1859 1357 1941 1382 ante
1959 1347 2090 1383 curiam
2098 1348 2267 1394 facienda

1241 1401 1256 1423 e
1284 1417 1292 1425 .

1297 1444 1361 1475 Per
1378 1438 1477 1487 affine
1497 1439 1550 1483 ξδ’
1568 1441 1728 1490 libram]
1782 1443 1886 1482 Libb.
1901 1458 2028 1483 omnes
2043 1451 2081 1484 δε
2101 1447 2210 1500 scripti
2229 1454 2267 1487 δε

1244 1489 1324 1526 editi
1342 1490 1431 1527 hanc
1448 1491 1637 1529 lectionem
1659 1492 1798 1532 habent.
1835 1496 1882 1532 At
1901 1495 1996 1532 doffi
2012 1498 2073 1535 viri
2090 1498 2269 1538 affirmant

1245 1539 1432 1590 legendum
1443 1550 1502 1589 per
1522 1556 1578 1587 aes,
1605 1557 1678 1580 non
1689 1552 1749 1592 per
1765 1544 1865 1593 affiem
1894 1561 1905 1580 .·
1937 1546 2059 1596 quibus
2071 1562 2145 1586 non
2163 1548 2269 1588 affen-

1246 1591 1321 1627 tior.
1352 1591 1431 1641 quid
1452 1593 1573 1632 enim?
1599 1607 1672 1631 non
1687 1608 1773 1644 ergo
1800 1595 1894 1632 aliter
1916 1596 2010 1644 loqui
2037 1598 2134 1642 licet,
2187 1614 2270 1639 uam

1246 1654 1307 1691 per
1317 1646 1410 1679 aes&
1423 1642 1573 1682 libram?
1599 1646 1745 1682 Errarint
1755 1647 1853 1696 igitur
1864 1648 1997 1691 Graeci,
2014 1650 2073 1698 qui
2092 1649 2187 1698 ζυγοι
2207 1651 2268 1687 καὶ

1245 1692 1396 1739 δια-σάμιοι
1415 1705 1560 1734 vertunt.
1620 1697 1835 1746 Neutiquam
1857 1709 1953 1735 vero.
2011 1699 2076 1736 Sed
2106 1704 2144 1737 &
2165 1700 2209 1737 illi
2231 1705 2270 1739 δε

1249 1741 1301 1779 hic
1329 1756 1406 1779 rem
1430 1745 1540 1793 potius
1561 1758 1668 1795 quam
1695 1747 1801 1785 verba
1820 1745 2045 1794 expresserunt
2068 1764 2077 1786 :
2111 1762 2195 1787 nam
2225 1765 2272 1789 :es

1246 1792 1282 1828 in
1300 1793 1362 1829 hac
1379 1792 1529 1831 formula
1548 1809 1629 1833 vere
1650 1795 1756 1833 assem
1784 1796 1947 1841 notabat,
1975 1810 2010 1835 ut
2025 1803 2141 1837 Varro
2159 1800 2277 1845 decla-

1247 1854 1298 1879 rat
1323 1843 1380 1879 lib.
1402 1858 1506 1882 v111.
1549 1849 1588 1882 ὃς.
1604 1846 1740 1890 Festus,
1767 1849 1802 1884 in
1829 1848 1954 1886 Rodzes.
2010 1850 2123 1900 Atque
2148 1850 2202 1887 hic
2222 1853 2271 1890 est

1247 1895 1303 1981 (Slui
1321 1893 1506 1951 ‘dicebatur
1531 1897 1566 1933 in
1589 1898 1759 1936 veteribus
1781 1900 1973 1950 mancupiis
2000 1899 2070 1948 affis
2098 1901 2268 1951 Cajanus.

1271 1956 1366 1981 tatius
1387 1959 1398 1981 2

1360 2049 1521 2095 Emptum
1533 2047 1613 2095 plm
1633 2048 1747 2085 minsas
1766 2047 1830 2098 affe
1848 2049 1990 2098 Cajano.

1247 2147 1351 2192 Cajus
1370 2147 1433 2190 JC.
1446 2158 1508 2197 pro
1526 2161 1571 2185 eo
1590 2147 1691 2193 dixit,
1727 2163 1835 2187 unum
1851 2162 1914 2188 aut
1930 2153 2010 2188 dms
2023 2164 2186 2191 nummos.

1302 2202 1346 2232 Et
1373 2197 1512 2243 consules
1528 2198 1745 2250 defignatos,]
1770 2201 1908 2238 Tacitus
1926 2217 1952 2239 1.
1973 2204 2015 2242 A.
2033 2217 2061 2246 3.
2076 2218 2106 2247 3.
2138 2203 2273 2242 Genitos

1247 2247 1399 2296 Agrippa
1408 2249 1534 2296 Cajum
1549 2262 1588 2286 ac
1599 2251 1741 2288 Lucium
1754 2279 1766 2295 ‚
1785 2253 1822 2286 in
1831 2253 2014 2296 fhmiliam
2032 2253 2200 2301 Caesarum
2220 2256 2273 2291 in-

1248 2297 1397 2333 duxerat
1418 2313 1428 2332 :
1455 2300 1598 2335 necdum
1607 2299 1713 2348 pofita
1724 2301 1846 2349 puerili
1860 2309 2023 2350 pretextu
2039 2304 2205 2353 Principes
2216 2306 2275 2354 ju·

1248 2350 1400 2385 ventures
1416 2350 1594 2397 appellari,
1624 2351 1787 2396 destinare
1812 2351 1953 2401 consules
1970 2352 2074 2403 specie
2092 2355 2275 2404 recusantis

1248 2396 1497 2446 flagrantiffihze
1516 2408 1702 2447 cupzverat.

1305 2449 1432 2486 filiam
1451 2448 1504 2493 Εἴ
1525 2458 1633 2498 neptes
1656 2452 1709 2487 ita
1735 2450 1903 2498 instituit,
1931 2462 1971 2489 ut
1998 2453 2102 2491 etiam
2129 2454 2275 2503 lanificio

1250 2498 1497 2548 affitffaceret.]
1557 2502 1744 2551 Egregium
1763 2505 1799 2538 ὅ(
1818 2503 1853 2538 in
1865 2504 1984 2553 primis
2002 2502 2169 2541 laudabile
2179 2509 2274 2543 Grae-

1251 2562 1373 2586 corum
1390 2553 1427 2587 ὃ(
1443 2554 1691 2588 Romanorum
1709 2551 1898 2589 institutum
1929 2567 1940 2590 ε
1970 2556 2065 2599 cujus
2095 2555 2194 2593 testes
2221 2568 2274 2594 tot

1251 2597 1363 2636 ferme
1382 2600 1478 2646 filnt,
1506 2613 1591 2650 quot
1608 2601 1784 2652 scriptores
1805 2603 1840 2638 in
1858 2614 1999 2652 utraque
2010 2604 2135 2655 lingua.
2193 2609 2273 2644 Nos

1251 2662 1337 2686 vero
1360 2651 1453 2701 plura
1483 2651 1668 2702 aliquando
1688 2653 1732 2690 de
1751 2651 1800 2688 his
1824 2653 1859 2689 in
1880 2654 2133 2692 accuratissimis
2148 2657 2195 2692 rei
2215 2670 2273 2694 ve-

1251 2699 1370 2736 stiariae
1394 2704 1676 2746 commentariis,
1711 2701 1828 2739 siDeo
1847 2703 1955 2742 visum
1974 2732 1984 2746 ,
2015 2716 2050 2740 ut
2070 2705 2202 2755 pridem
2225 2709 2275 2745 in-

1249 2751 1412 2787 choatum
1432 2757 1467 2789 ὃ(
1490 2766 1595 2802 prope
1613 2752 1780 2790 affectum
1799 2766 1889 2801 opus
1906 2754 2121 2799 detexamus.
2170 2761 2273 2795 Hanc

1247 2802 1492 2852 porroAugusti
1502 2803 1710 2852 disciplinam
1722 2804 1950 2841 domesticam
1960 2805 2103 2842 Carolus
2114 2810 2274 2856 Magnus,

1247 2855 1407 2902 Princeps
1427 2865 1552 2892 asterna
1579 2856 1751 2891 memoria
1776 2853 1919 2904 dignus,
1947 2856 2095 2893 imitatus
2125 2850 2182 2895 est]
2210 2858 2272 2895 nifi

1248 2905 1450 2940 Suetonium
1487 2904 1699 2954 Eginhardus
1740 2906 1843 2942 nimis
1887 2908 2046 2943 imitatur.
2110 2909 2162 2944 Sic
2187 2908 2239 2944 ille
2261 2924 2271 2945 z

1248 2954 1352 2989 Filias
1372 2953 1515 3002 lanificio
1531 2955 1850 3006 afficescere,colaque
1867 2970 1906 2992 ac
1916 2956 2015 3006 sust),
2038 2970 2078 2993 7712
2088 2966 2149 3006 per
2168 2959 2273 2995 otiam

1248 3012 1434 3052 torperent,
1455 3016 1584 3053 operam
1605 3004 1814 3056 impendere,
1831 3017 1933 3057 atque
1957 3008 2005 3044 ad
2027 3021 2156 3045 omnem
2174 3008 2275 3045 hom-

181 3056 330 3146 }{ggatffl
354 3054 480 3102 inquit,
506 3052 560 3089 lex
573 3053 637 3100 eft,
650 3065 731 3103 qua
744 3052 781 3088 in
794 3052 976 3098 familiam
987 3048 1219 3118 Clanculum}
1240 3054 1369 3101 statem
1388 3057 1516 3095 crudiri
1528 3056 1631 3109 juffi't,

247 3116 366 3140 nomen
385 3103 528 3141 Neronis
551 3107 734 3154 transiret:
751 3106 789 3140 ὃς
807 3101 994 3140 ἀεἙίΓοηίὲ
1011 3101 1196 3154 adoptione
1212 3120 1218 3142 ι

1675 3161 1782 3195 Ee:
2122 3160 2277 3196 Toa-
