2504 3425
707 183 1352 238 TERENTIl
1444 180 1778 236 V1TAJ
2214 210 2318 264 753

227 282 431 348 probavit.
498 283 703 343 Qiamvis
735 282 956 328 Volcatius
988 280 1039 327 de
1074 280 1392 326 enumeratione
1425 278 1621 324 omnium
1655 278 1711 324 ita
1744 275 1919 327 scribare

578 350 755 392 Sumetur
787 352 949 404 Hecyra
971 347 1087 408 fixta
1118 363 1168 391 ex
1201 344 1260 389 his
1283 343 1442 405 fabula.

225 410 456 459 Eunuchus
486 410 656 475 quidem
693 411 757 459 bis
787 412 853 458 die
888 413 974 457 atita
1008 410 1065 456 est
1091 447 1104 468 ,
1148 411 1386 473 meruitque
1419 412 1626 474 pretium,
1659 421 1863 472 quantum
1899 407 2010 454 nulla
2032 419 2151 460 antea
2185 416 2321 475 cujus-

225 495 352 542 quam
375 477 607 534 comoedia,
643 476 685 523 id
708 475 798 535 est,
832 477 931 522 octo
955 477 1070 521 milia
1103 491 1280 521 numum
1313 494 1324 521 t
1370 491 1585 539 propterea
1618 474 1778 521 summa
1811 476 1982 536 quoque
2015 475 2138 523 titulo
2170 480 2321 527 adscri-

223 542 348 592 bitur„
417 544 532 589 Nam
565 540 860 606 Adelphorum
894 540 1152 603 principium
1173 541 1312 585 Varro
1337 542 1460 588 etiam
1488 538 1651 602 praefert
1673 539 1883 600 principio
1904 539 2140 588 Menandri.
2208 547 2317 591 Non

220 608 394 656 obscura
417 606 634 665 famajest,
668 607 853 667 adjutum
879 606 1133 651 Terentium
1159 605 1202 648 in
1228 602 1386 664 scriptis
1403 622 1423 649 a
1447 606 1577 651 Laelio
1601 608 1644 649 &
1669 602 1890 664 Scipione,
1913 603 2163 667 quibuscum
2189 608 2316 655 fami-

218 675 369 720 liariter
391 673 512 721 vixit.
571 672 761 719 Eandem
786 670 869 734 ipse
890 671 1022 716 auxit:
1060 684 1276 730 nunquam
1299 669 1442 725 enim,
1478 668 1553 713 nisi
1578 670 1747 726 leviter,
1783 666 1821 713 se
1843 671 1963 716 tutari
1985 685 2173 720 conatur:
2212 689 2255 721 ut
2269 677 2313 721 in

218 740 398 803 prologo
426 737 745 801 Adelphorum:

574 807 696 848 Nam
728 800 829 864 quod
862 801 922 864 isti
955 799 1090 845 dicunt
1123 798 1313 843 malevoli·
1344 794 1517 843 homines
1549 795 1693 843 nobiles

576 874 704 915 Hunc
736 865 943 928 adjutare,
978 863 1194 924 affidueque
1228 877 1304 906 usam
1327 859 1519 922 scribere:

566 929 689 993 Qod
721 931 782 971 illi
810 927 1065 972 maledicum
1097 928 1302 972 vehemens
1333 924 1583 987 existimant,

573 998 680 1038 Eam
715 992 873 1036 laudem
912 991 974 1037 hic
1010 992 1117 1036 ducit
1150 994 1403 1046 maximam,
1437 1006 1523 1035 cum
1558 992 1642 1036 illis
1669 991 1827 1056 placet,

564 1059 653 1117 Qui
684 1054 796 1100 vohis
827 1058 1012 1118 universis
1048 1066 1110 1101 (φ’
1134 1058 1276 1123 populo
1300 1058 1487 1120 placent:

571 1123 755 1184 Qornm
788 1135 900 1186 opera
936 1125 978 1166 in
1011 1119 1109 1165 bello
1133 1157 1146 1177 ,
1181 1127 1224 1165 in
1258 1125 1358 1175 otio,
1392 1124 1436 1164 in
1467 1123 1620 1184 negotio

567 1191 643 1232 Suo
677 1185 829 1248 quisque
860 1198 1025 1250 tempore
1059 1185 1142 1244 usits
1174 1185 1224 1245 cst
1246 1187 1332 1245 fine
1357 1184 1550 1249 fhperhia.

209 1248 394 1296 Videtur
426 1265 567 1297 autem
602 1250 640 1297 se
675 1251 806 1295 levius
839 1248 1092 1305 defendisse,
1126 1250 1225 1313 quia
1258 1247 1412 1294 sciebat
1444 1250 1575 1294 Laelio
1596 1252 1639 1294 ὃ(
1661 1251 1848 1311 Scipioni
1882 1268 1969 1297 non
2004 1253 2208 1318 ingratam
2233 1256 2309 1304 esse

211 1313 315 1360 hanc
333 1317 607 1377 opinionem:
643 1332 734 1377 quae
754 1330 891 1359 tamen
917 1315 1049 1378 magis
1085 1318 1128 1359 &
1156 1311 1283 1376 usque
1306 1313 1353 1358 ad
1378 1311 1603 1376 posteriora
1621 1328 1811 1377 tempora
1833 1317 1972 1361 valuit.

277 1383 344 1440 Q
371 1381 603 1426 Memmius
646 1381 690 1424 in
733 1381 921 1425 oratione
966 1394 1044 1439 pro
1087 1378 1127 1424 sc
1167 1379 1259 1424 ait:
1314 1382 1362 1424 P.
1400 1379 1628 1440 Africanus
1649 1413 1662 1434 ‚
1713 1384 1780 1442 qni
1821 1398 1848 1425 a
1889 1382 2068 1427 Terentio
2100 1385 2307 1450 persbnam

213 1456 405 1488 mutuatus
431 1478 443 1499 ,
506 1463 583 1508 quae
626 1445 736 1490 domi
779 1445 919 1507 lufi’rat
961 1445 1036 1510 ips}
1060 1479 1075 1500 ,
1126 1447 1280 1490 nomine
1314 1445 1422 1488 illins
1454 1447 1496 1488 in
1520 1444 1681 1504 firmam
1714 1444 1861 1490 detulit.
1944 1447 2096 1509 Nepos
2140 1449 2307 1494 auftore

208 1523 323 1553 certo
356 1507 597 1571 comperisse
633 1506 672 1554 se
706 1510 785 1565 ait,
822 1511 878 1555 C·
913 1509 1091 1554 Laelium
1125 1507 1340 1573 quondam
1371 1509 1415 1553 in
1449 1511 1685 1554 Puteolano
1722 1508 1814 1555 Cal.
1848 1509 2012 1555 Martiis
2046 1511 2307 1558 admonitum

210 1572 262 1617 ab
289 1589 440 1630 uxore,
474 1575 702 1636 temporius
723 1589 767 1619 ut
786 1572 1085 1630 discumberet,
1121 1571 1277 1636 petiisse
1311 1570 1363 1617 ab
1388 1589 1435 1618 ea
1457 1608 1471 1629 ,
1506 1589 1559 1618 ne
1589 1574 1915 1634 interpellaretur
1937 1609 1951 1629 ,
1982 1572 2106 1621 serius
2139 1575 2305 1622 tandem

209 1635 435 1700 ingressum
467 1639 697 1683 triclinium
732 1639 872 1683 dixisse
896 1674 909 1694 ,
965 1654 1053 1682 non
1096 1636 1200 1700 saepe
1247 1639 1292 1682 in
1325 1635 1544 1683 scribendo
1578 1639 1710 1700 magis
1741 1636 1961 1684 succeffiffe
1994 1638 2101 1684 fibi:
2154 1639 2304 1686 deinde

210 1715 402 1763 rogatum
437 1716 482 1746 ut
515 1702 661 1765 scripta
694 1703 762 1748 illa
796 1701 1001 1765 proferret
1022 1736 1036 1758 ,
1081 1698 1359 1765 pronuntiasse
1394 1700 1530 1747 versus
1555 1737 1568 1759 ,
1611 1702 1687 1764 qui
1721 1703 1814 1747 sunt
1846 1702 1890 1747 in
1924 1704 2305 1751 Heautontimoru-

210 1781 363 1812 meno:

562 1834 672 1874 Satis
696 1833 767 1896 pol
791 1845 972 1895 proterve
1004 1848 1066 1875 me
1098 1835 1186 1896 §jfri
1210 1832 1391 1897 promiffiz
1423 1830 1498 1876 huc
1528 1831 1780 1877 induxerunt.

271 1895 410 1940 Santra
430 1895 689 1940 Terentium
725 1893 956 1950 existimat,
989 1894 1019 1940 s1
1045 1895 1174 1939 modo
1194 1896 1238 1939 in
1264 1894 1484 1940 scribendo
1510 1894 1764 1953 adjutoribus
1794 1895 2025 1959 indiguerit
2042 1932 2054 1952 ,
2103 1913 2191 1942 non
2218 1912 2300 1943 tarn

204 1958 400 2019 Scipione
424 1963 468 2004 &
493 1958 624 2005 Laelio
651 1960 710 2004 uti
736 1959 909 2020 potuisse
929 1994 942 2014 ‚
989 1960 1064 2020 qui
1098 1973 1198 2003 tunc
1231 1957 1524 2004 adolescentuli
1560 1957 1677 2004 fuere
1703 1995 1715 2015 ,
1771 1976 1896 2023 quam
1926 1961 2106 2022 Sulpitio
2139 1962 2302 2018 Gallo,

209 2020 383 2067 homine
407 2023 535 2069 ἀοᾶο
559 2058 572 2079 ,
611 2027 655 2068 &
679 2024 753 2086 qui
778 2021 1060 2068 consularibus
1084 2023 1190 2067 ludis
1218 2024 1387 2067 initium
1414 2022 1562 2069 fecerit
1583 2020 1816 2069 fabularum
1839 2023 2063 2070 dandarum
2086 2043 2096 2069 ε
2143 2027 2209 2071 vel
2242 2030 2307 2088 Q

210 2085 340 2131 Fabio
373 2087 594 2143 Labeone,
630 2090 674 2132 δε
711 2089 775 2132 Μ.
812 2088 1003 2149 Popilio,
1039 2085 1245 2132 consulari
1280 2101 1483 2149 utroque,
1518 2103 1562 2131 ac
1596 2102 1730 2149 poeta.
1806 2089 1909 2133 Ideo
1943 2087 2075 2150 ipsum
2111 2105 2199 2134 uon
2231 2096 2301 2147 ju·

204 2165 331 2196 venes
352 2150 569 2213 designasse
592 2187 606 2208 ,
643 2153 715 2215 qui
741 2150 780 2196 se
802 2150 993 2209 adjuvisse
1015 2151 1252 2197 dicerentur
1274 2170 1284 2196 :
1331 2151 1399 2197 sed
1424 2153 1537 2197 viros
1562 2187 1574 2207 ,
1610 2168 1790 2215 quorum
1821 2169 1990 2215 operam
2028 2157 2072 2198 &
2109 2153 2154 2198 in
2186 2153 2301 2200 bello

153 2250 157 2251 ⁷
206 2217 250 2257 &
286 2215 329 2258 in
364 2216 454 2259 otio
487 2221 530 2261 &
559 2217 603 2260 in
634 2217 810 2279 negotio
839 2217 1016 2278 populus
1047 2216 1094 2263 sit
1118 2229 1321 2278 expertus.
1384 2214 1484 2260 Post
1509 2215 1633 2262 editas
1667 2217 1915 2272 comoedias,
1950 2217 2139 2262 nondum
2174 2220 2301 2280 quiu-

207 2290 297 2323 tum
322 2291 444 2341 atque
470 2279 726 2344 trigesimum
752 2279 1130 2342 egressusannum,
1166 2278 1282 2326 causa
1308 2281 1508 2327 evitandae
1530 2283 1774 2344 opinionis,
1809 2283 1907 2343 quia
1928 2281 2145 2327 videbatur
2167 2284 2299 2329 aliena

205 2357 282 2402 pro
307 2341 385 2387 suis
406 2342 525 2390 edere
548 2380 562 2400 ,
607 2345 675 2389 seu
706 2344 962 2407 percipiendi
996 2346 1246 2392 Graecorum
1278 2345 1461 2391 instituta
1484 2382 1498 2403 ,
1544 2347 1761 2407 moresque
1784 2383 1797 2404 ,
1843 2362 1949 2409 quos
1969 2345 2139 2407 perinde
2161 2347 2299 2407 expri-

206 2420 338 2451 meret
360 2407 403 2450 in
424 2405 600 2470 scriptis,
637 2407 813 2471 egressus
835 2409 984 2455 urbem
1007 2408 1088 2466 est,
1126 2427 1265 2474 neque
1291 2411 1468 2472 amplius
1492 2411 1629 2457 rediit.
1696 2413 1768 2456 De
1799 2426 1931 2457 morte
1969 2415 2058 2469 ejus
2080 2410 2298 2459 Volcatius

206 2470 351 2517 tradit:

570 2535 648 2580 Sed
679 2551 718 2581 ut
753 2538 866 2596 Afer
890 2539 962 2599 fi’x
988 2540 1125 2603 populo
1158 2538 1287 2583 edidit
1318 2539 1548 2592 comoedias,

561 2604 645 2644 Iter
676 2601 766 2645 hinc
798 2606 840 2645 in
875 2604 1021 2662 Asiam
1043 2604 1157 2663 fecit.
1202 2606 1344 2646 navim
1375 2620 1463 2646 cum
1487 2604 1609 2663 ft’mel

565 2666 812 2724 Consbendit,
847 2665 950 2724 vistis
980 2683 1177 2726 nimquam
1210 2666 1272 2726 est.
1304 2668 1365 2728 fic
1396 2671 1484 2710 vim
1516 2681 1649 2712 vizcctt.

209 2733 269 2787 Q
297 2725 551 2775 Consentius
576 2728 819 2774 redeuntem
843 2745 865 2773 e
890 2730 1055 2774 Graecia
1080 2728 1239 2790 periisse
1276 2730 1319 2773 in
1356 2732 1455 2774 mari
1490 2730 1591 2776 dicit
1613 2749 1707 2777 cum
1729 2745 1898 2778 centum
1921 2737 1965 2778 δε
1992 2734 2091 2779 οᾶο
2116 2731 2293 2790 fabulis,

209 2793 416 2840 conversis
450 2811 472 2838 e
508 2793 759 2838 Menandro.
830 2793 973 2838 Ceteri
1009 2808 1224 2838 mortuum
1260 2793 1336 2837 effe
1370 2795 1414 2837 in
1450 2794 1639 2841 Arcadiae
1673 2796 1938 2859 Stymphalo,
1974 2796 2055 2842 sive
2091 2798 2296 2844 Leucadia

208 2858 404 2911 tradunt,
451 2859 537 2904 Cn.
563 2857 697 2902 Corn.
719 2858 943 2904 Dolabella
966 2893 978 2913 ,
1026 2858 1173 2902 Marco
1209 2858 1359 2903 Fulvio
1392 2859 1619 2904 Nobiliore
1657 2861 1819 2907 COSS.
1857 2860 2008 2907 morbo
2042 2864 2293 2924 implicitum

207 2923 291 2967 acri
313 2957 326 2979 ,
372 2922 516 2968 dolore
539 2937 584 2968 ac
608 2921 730 2968 taedio
754 2921 983 2968 amissarum
1006 2919 1279 2978 sarcinarum,
1304 2939 1402 2984 quas
1423 2924 1465 2968 in
1500 2926 1593 2969 navi
1621 2925 1888 2987 praemiserat3
1923 2941 1967 2971 ac
1995 2925 2112 2972 simul
2136 2926 2295 2971 fabula-

210 3002 326 3044 rum,
358 3004 458 3049 quas
482 3004 610 3033 novas
637 2985 799 3033 fecerat.
867 2985 1000 3032 Fuisse
1023 2986 1175 3031 dicitur
1198 2987 1395 3032 mediocri
1410 2986 1577 3044 statura,
1611 2991 1752 3051 gracili
1776 3007 1975 3051 corpore,
2009 2991 2146 3036 colore
2162 2989 2290 3034 fusco.

211 3051 404 3115 Reliquit
427 3051 583 3106 filiam,
618 3067 706 3113 quae
730 3050 821 3114 post
851 3053 982 3113 equiti
1005 3050 1202 3095 Romano
1236 3050 1385 3112 nupsit.
1452 3057 1559 3098 Item
1588 3052 1774 3100 hortulos
1798 3058 1894 3101 XX.
1925 3061 2116 3119 jugerum
2151 3056 2194 3099 in
2228 3055 2292 3099 via

213 3117 352 3179 Appia
378 3116 428 3164 ad
450 3117 596 3163 Martis
616 3116 769 3164 villam.
814 3132 903 3179 quo
926 3116 1059 3178 magis
1079 3117 1206 3162 miror
1224 3117 1414 3163 Portium
1438 3116 1636 3166 scribere:
2235 3180 2249 3226 l

1679 3186 1815 3229 Zzzz
1851 3200 1879 3230 2
2061 3205 2153 3219 ----
2193 3184 2292 3228 mail
