2504 3425
583 146 1772 205 C.CAESARCAL1G.ULA.
2129 168 2238 225 427

143 237 251 286 ludis
270 236 501 300 speetaculo
519 233 723 299 egressum
746 236 918 283 meridie
944 237 1141 301 aggredi,
1174 239 1324 301 primas
1348 238 1424 285 fibi
1443 254 1575 302 partes
1587 238 1749 286 Cassius
1761 238 1934 287 Chaerea
1945 240 2137 288 tribunus
2159 261 2236 290 co-

144 302 272 349 hortis
294 303 488 364 praetoriae
513 299 776 363 depoposcit:
813 317 940 364 quem
967 304 1096 360 Cajus
1118 301 1324 349 seniorem
1345 310 1455 364 jam,
1489 320 1535 352 ut
1555 305 1730 351 mollem
1755 309 1799 350 &
1822 303 2134 352 effoeminatum
2158 309 2233 353 de-

143 381 285 411 notare
308 367 428 411 omni
453 364 610 427 probro
635 365 848 410 consuerat
871 383 880 409 :
917 369 959 410 &
985 366 1138 423 modo,
1182 367 1348 430 lignum
1369 370 1532 430 petenti
1553 404 1567 425 ,
1610 369 1900 416 PRIAPUM
1932 384 2001 416 aut
2035 372 2233 417 VENE-

143 430 276 475 REM
293 429 408 475 dare:
443 429 573 474 modo
591 464 605 485 ,
638 445 688 474 ex
710 431 845 492 aliqua
865 428 992 475 caussa
1014 432 1155 493 agenti
1175 432 1346 494 gratias,
1381 430 1643 479 osculandam
1668 450 1840 479 manum
1865 431 2036 490 offerre,
2074 432 2232 481 forma-

60 517 117 566 57
141 507 222 539 tam
242 508 587 555 commotamque
620 493 664 538 in
697 492 946 539 obscoenum
972 495 1168 553 modum.
1234 497 1398 542 Futurae
1432 495 1552 543 caedis
1585 498 1714 543 multa
1747 497 1936 561 prodigia
1969 496 2227 546 exstiterunt.

138 557 346 620 Olympiae
380 556 640 603 simulacrum
673 557 792 620 Jovis
813 593 826 612 ‚
859 557 973 621 quod
1005 558 1166 604 diffolvi
1194 556 1491 622 transferrique
1511 562 1696 607 Romam
1716 564 1945 624 placuerat,
1981 576 2141 609 tantum
2164 580 2230 610 ca-

136 621 337 668 chinnum
352 636 519 684 repente
533 621 663 667 edidit
674 637 744 676 ,ut
755 620 957 667 machinis
971 620 1184 667 labefaffls
1197 621 1371 683 opifices
1383 623 1638 688 diffugerint.
1660 628 1993 690 Supervenitque
2008 626 2122 672 illico
2133 630 2231 690 qui-

136 684 230 732 dam
245 684 410 733 Caffius
421 702 592 750 quoque
606 687 778 730 nomine
789 720 801 741 ‚
811 685 956 744 jussum
970 683 1009 731 se
1025 685 1192 732 somnio
1203 683 1408 733 affirmans
1421 689 1637 735 immolare
1648 704 1809 736 taurum
1819 690 1934 755 Jovi.
1967 691 2228 754 Capitolium

133 836 254 861 corum
274 823 473 874 perelegans
488 852 499 867 ‚
538 822 596 872 qui
613 822 734 859 Latine
753 819 794 858 sit
812 820 1032 860 vertendum.
1090 823 1155 859 Mi⁴
1173 824 1180 873 ξ

132 887 210 911 rum
229 889 312 913 vero
328 873 484 911 Beroaldi
505 872 681 922 stuporem
700 900 713 916 ,
753 873 811 922 qui
829 872 936 910 verba
954 872 1091 923 Josephi
1111 872 1155 909 de

133 924 343 962 institutione
363 924 488 960 horum
507 923 668 959 ludorum
692 922 785 958 male
802 923 995 972 accipiens,
1034 925 1069 959 in
1090 924 1153 960 lio·

132 988 259 1012 norem
286 974 428 1011 Caesaris
448 973 620 1010 distatoris
637 971 729 1009 fuisse
745 972 913 1009 institutos
934 975 1074 1010 austore
1093 974 1153 1017 Jo-

131 1024 237 1078 sepho
250 1025 370 1063 scribit.
401 1025 493 1075 atqui
513 1024 557 1060 de
574 1023 728 1074 Augusto
745 1025 802 1072 qui
822 1024 951 1072 primus
963 1024 1148 1074 imperium

129 1075 283 1115 fundavit
308 1080 345 1115 δε
373 1076 521 1112 munivit
545 1103 557 1118 ‚
602 1072 736 1112 senfiss'e
762 1074 954 1124 Josephum
977 1074 1152 1111 declarant

131 1139 209 1183 quae
226 1140 313 1164 mox
331 1125 483 1172 subjicit,
514 1124 594 1161 'esve
615 1124 720 1165 Γάϊος
738 1127 788 1171 τῷ
809 1123 960 1171 Σεξοιςςὶἷ
971 1126 1146 1169 Καίσαρι,

129 1184 158 1224 ᾤ
177 1176 220 1218 δή
238 1177 298 1214 καὶ
318 1177 362 1213 τοὶ
380 1177 437 1217 τῆς
465 1174 610 1224 θεωρίαις
638 1175 754 1218 ἤγετο.

128 1227 301 1265 Beroaldo
320 1256 332 1272 ,
367 1225 635 1279 qu1Josephum
661 1229 784 1263 Graece
809 1239 882 1262 non
909 1227 1048 1277 legerat.
1106 1230 1149 1263 In

129 1278 264 1316 dierum
281 1292 430 1316 numero
446 1306 458 1322 ,
488 1290 551 1327 per
569 1290 657 1328 quos
677 1277 838 1314 celebrati
857 1278 892 1313 in
911 1277 1038 1327 pal-atio
1054 1277 1149 1321 ludi,

128 1328 275 1366 dissentit
293 1341 410 1381 aperte
428 1342 448 1365 a
465 1329 582 1365 Dione
606 1328 784 1379 josephus.
823 1341 948 1365 verum
975 1328 1029 1364 ille
1053 1328 1149 1365 locus

129 1380 180 1417 est
199 1393 377 1431 corruptus
393 1409 406 1424 ,
449 1391 485 1416 ut
503 1378 566 1414 alia
588 1378 694 1415 multa
711 1380 748 1415 in
773 1391 819 1415 eo
835 1377 1049 1416 nobilissimo
1075 1378 1151 1415 scri-

129 1441 251 1481 ptore:
281 1444 358 1481 quae
378 1431 488 1467 curari
507 1442 579 1465 non
598 1426 751 1479 possunt,
783 1427 845 1465 nisi
863 1428 961 1465 abeo
975 1431 1031 1478 qui
1047 1432 1151 1466 trium

127 1483 323 1530 linguarum
337 1480 446 1519 studio
463 1481 643 1529 ingenium
661 1480 770 1529 probe
793 1479 964 1529 subegerit
979 1483 1017 1516 ὃς
1039 1492 1142 1517 exco-

129 1533 238 1570 luerit.

492 1603 790 1640 Vinxon.

183 1668 345 1706 Columba
360 1668 525 1717 vinam]
553 1668 765 1706 Mirmilloni.
790 1669 927 1711 GUJET.

185 1721 361 1766 Agitatori
376 1719 527 1767 Cythico.
544 1718 557 1767 ]
589 1719 711 1755 Codex
722 1718 863 1755 salmas.
874 1716 1018 1754 Euthico
1032 1732 1042 1752 .·
1074 1716 1150 1767 lege

128 1767 291 1814 Eutycho.
328 1772 486 1806 SALMAS.
530 1768 632 1806 Idem
661 1768 772 1805 codex
797 1781 861 1820 pro
894 1767 1152 1818 commzffatione

124 1815 239 1854 ,scribit
258 1819 514 1867 commisatione.
542 1820 595 1855 Sic
620 1818 759 1868 ubique.

454 1892 822 1927 TORRENT.

182 1957 348 2008 Egreffitm
365 1958 543 2007 meridie.]
581 1963 628 1996 Ut
650 1960 806 1997 solebant
825 1958 1018 2010 prandendi
1037 1958 1146 1998 causa.

2066 756 2223 818 Capuae

1204 820 1340 872 Ulpian.
1363 821 1384 860 l.
1407 836 1439 861 v.
1478 821 1721 861 Commodati.
1778 824 1845 861 Sed
1863 828 1901 862 ὃς
1918 826 2016 861 Dion
2034 825 2148 864 scribit
2165 837 2228 864 na·

1203 884 1286 912 vem
1307 884 1462 922 paratam
1483 874 1526 912 ad
1544 874 1764 913 avehendum
1776 872 1920 914 fiilmine
1939 873 2078 924 periisse.

1531 944 1563 978 C
1591 954 1614 978 A
1641 954 1657 977 s
1688 955 1709 978 Α
1737 956 1762 980 υ
1793 955 1813 980 Β
1837 957 1860 980 o
1888 957 1924 981 N.
2000 980 2003 983 ,

1253 986 1484 1035 Oftulandam
1531 1003 1676 1027 manum
1705 992 1831 1040 offerret
1850 995 2047 1040 formatam
2086 1007 2226 1031 comma-

1199 1046 1338 1094 tot-mque
1362 1039 1399 1075 in
1430 1041 1613 1089 obftoenusn
1643 1042 1820 1091 modum]
1869 1047 1970 1080 Hanc
1984 1044 2159 1094 vulgatam
2177 1046 2226 1082 le-

1200 1088 1354 1125 Ctionem
1367 1090 1579 1129 confirmant
1595 1105 1722 1129 ornnes
1738 1095 1845 1130 nostri
1862 1094 1965 1133 codd.
1985 1096 2091 1131 etiam
2111 1098 2226 1132 Mem-

1200 1139 1285 1174 mii:
1317 1153 1429 1191 neque
1452 1143 1556 1180 audio
1580 1144 1693 1181 virum
1716 1143 1863 1181 doetum
1887 1157 1969 1182 eam
2003 1157 2215 1190 mutantem,

811 1174 877 1212 sed
900 1175 1151 1225 ¹300soendum
1198 1190 1235 1223 ὃ(
1251 1191 1406 1228 monstra
1433 1193 1594 1242 quaedam
1628 1195 1818 1233 verborum
1843 1195 1909 1232 hoc
1934 1195 2014 1233 loco
2039 1198 2224 1233 commini-

1198 1238 1362 1277 scentem.
1419 1245 1540 1287 Nam,
1568 1258 1643 1294 quae
1671 1256 1766 1282 tanta
1784 1246 1855 1283 haec
1876 1245 1924 1284 est
1945 1247 2066 1283 omnia
2088 1258 2223 1284 mutar.-

1198 1288 1232 1346 cli
1257 1293 1414 1342 prurigo,
1442 1308 1550 1344 quum
1569 1308 1682 1346 neque
1700 1297 1734 1332 in
1750 1296 1883 1340 verbis,
1912 1310 2023 1347 neque
2038 1298 2073 1334 in
2092 1296 2224 1336 senten-

1197 1350 1243 1376 tia
1264 1341 1330 1378 ulla
1356 1342 1396 1380 fit
1415 1343 1620 1389 difficultas,
1646 1347 1729 1383 &in
1747 1347 1839 1384 edita
1856 1347 2005 1384 lectione
2016 1348 2225 1386 libriomnes

1199 1391 1411 1431 consentiant
1433 1398 1444 1433 ?
1489 1398 1583 1432 Inter
1597 1396 1682 1434 alios
1702 1397 1862 1434 irridendi
1880 1398 2009 1437 modos
2030 1397 2078 1436 est
2091 1427 2103 1442 ,
2143 1412 2222 1448 quae

1190 1441 1307 1499 sagma
1325 1446 1460 1494 proprie
1478 1445 1619 1484 dicitur:
1645 1460 1726 1484 cum
1744 1448 1844 1498 gestu
1859 1448 1976 1500 aliquo
1995 1450 2141 1486 mimico
2165 1460 2222 1486 ex-

1199 1495 1355 1541 primitur
1370 1496 1402 1531 id
1421 1523 1434 1539 ,
1471 1496 1567 1545 quod
1585 1497 1747 1536 volumus
1769 1498 1924 1545 objicere
1950 1501 1982 1536 ei
2007 1513 2113 1549 quem
2135 1500 2222 1537 ride-

1199 1555 1288 1579 mus.
1349 1546 1432 1582 Tria
1455 1559 1580 1583 eorum
1599 1560 1729 1598 genera
1746 1551 1880 1587 notavit
1896 1549 2070 1601 eleganter
2089 1547 2221 1588 Pei-ssus

1200 1594 1319 1643 Satyra
1333 1596 1463 1643 prima,
1489 1599 1799 1648 manupinsentem
1818 1600 1988 1637 ciconiam
2006 1601 2221 1651 exprimere.

1200 1643 1368 1693 opposito
1390 1647 1605 1698 temporibus
1622 1648 1743 1699 pollice
1762 1650 1928 1687 auriculas
1944 1648 2092 1687 asininas
2118 1649 2222 1687 effin-

1201 1706 1284 1742 gere
1302 1724 1313 1738 ,
1342 1699 1380 1732 δε
1400 1696 1555 1747 linguam
1572 1711 1724 1737 exertare
1741 1700 1844 1737 instar
1864 1699 2005 1738 sitientis
2014 1701 2116 1738 canis.
2172 1701 2221 1738 Si-

1201 1744 1291 1799 milis
1309 1746 1362 1783 hic
1380 1747 1483 1785 sanna
1501 1749 1696 1800 intelligitur
1720 1766 1730 1788 t
1768 1750 1863 1801 quod
1883 1752 2062 1789 Suetonius
2079 1751 2220 1802 elegan-

1201 1795 1327 1833 tissime
1353 1800 1513 1848 exprimit
1541 1814 1602 1850 per
1620 1802 1817 1847 formatam
1842 1800 1896 1851 ξς
1912 1812 2114 1838 commotam
2145 1814 2220 1837 ma-

1199 1859 1282 1882 num
1299 1849 1337 1884 in
1354 1848 1538 1898 obscaenum
1565 1853 1714 1889 modum.
1772 1851 1844 1901 Qu‘i
1869 1852 2069 1888 meminerit
2094 1863 2218 1896 eorum

1199 1910 1275 1946 quae
1305 1898 1348 1935 de
1378 1899 1500 1938 infami
1522 1900 1630 1951 digito
1662 1901 1751 1953 apud
1775 1913 1910 1940 veteres
1939 1901 2098 1954 leguntur
2115 1930 2127 1944 ‚
2179 1905 2218 1939 δε

1198 1961 1321 1985 eorum
1346 1963 1422 2000 quae
1445 1951 1488 1987 de
1514 1965 1603 1989 voce
1636 1951 1855 2001 σκιμαλίζειν
1882 1953 1993 1989 Graeci
2033 1951 2220 1990 scholiastae

127 2009 220 2046 Hinc
250 2010 369 2060 equitis
392 2009 477 2047 illius
513 2010 645 2047 distum
671 2011 760 2062 apud
779 2010 1001 2058 Quinetilian.
1019 2010 1147 2048 lib.v1.
1194 2011 1336 2043 ”0¹³⁰ss
1363 2000 1551 2051 Psaesel'tim
1569 2002 1612 2038 ad
1629 2002 1684 2039 illa
1705 2016 1746 2040 ex
1765 2004 1854 2039 Pace
1870 2001 2122 2054 Aristophani&
2143 2004 2216 2041 Ka}

127 2071 202 2110 cap.
231 2074 243 2097 1
256 2074 307 2097 11.
326 2060 369 2097 acl
384 2074 489 2111 quem
508 2062 543 2097 in
567 2060 761 2109 spestaculis
786 2060 965 2097 bibentem
984 2074 1067 2098 cum
1084 2062 1150 2097 mi-

128 2107 217 2148 fiflet
235 2111 402 2161 Augustus
418 2112 475 2162 qui
495 2113 526 2147 ei
538 2110 665 2148 diceret
683 2140 691 2153 .
716 2115 792 2161 Ego
808 2110 832 2146 si
852 2110 1018 2161 prandere
1040 2111 1147 2156 volo,
1167 2116 1171 2147 Γ

127 2161 274 2199 domum
291 2175 357 2206 eo,
376 2163 538 2199 Turenim
559 2162 715 2211 (inquit)
745 2175 818 2199 non
828 2162 930 2198 times
942 2190 954 2205 ,
972 2174 1015 2197 ne
1027 2161 1146 2199 locum
1167 2196 1169 2204 ,

127 2210 256 2263 perdas.
288 2212 387 2249 Adde
406 2214 608 2251 Suetonium
626 2213 748 2251 Claud.
770 2225 846 2263 cap.
858 2224 988 2250 xxxw.
1018 2212 1148 2261 dimissa
1168 2209 1169 2217 ¹

126 2263 174 2299 ad
184 2264 373 2311 prandium
384 2264 510 2311 popula.

183 2319 382 2350 formatam
399 2313 702 2364 commotamque]
754 2313 852 2351 Nihil
865 2325 976 2351 muto.
1008 2325 1092 2350 nam
1112 2315 1145 2352 id
1170 2332 1174 2363 ς

125 2362 230 2399 hodie
245 2377 383 2413 quoque
401 2364 492 2400 Italis
514 2366 680 2414 peculi-are
697 2363 755 2402 est.
801 2364 907 2402 Liber
922 2375 996 2415 opt.
1026 2376 1145 2402 tamen
1170 2390 1172 2406 ,

128 2413 234 2450 habet
252 2424 425 2450 cantatam
434 2414 691 2464 formatumque
708 2443 720 2459 ,
758 2414 841 2452 alter
859 2417 1037 2462 forcamm
1059 2429 1145 2451 cem·
1167 2420 1171 2454 l

121 2464 336 2512 mistamque.
393 2463 496 2500 Unde
517 2464 633 2515 Lipsio
650 2465 693 2501 ad
714 2466 888 2502 Annalem
905 2465 1017 2502 Taciti
1035 2478 1077 2502 xx
1092 2481 1100 2501 i
1117 2482 1142 2504 1.
1166 2458 1170 2499 i

126 2514 239 2551 visum
262 2515 433 2564 corrigere
443 2515 636 2560 fbrmatam
652 2527 956 2566 gammatamque,
974 2519 1044 2554 &a
1076 2517 1145 2552 Sal-

127 2575 200 2601 tem
219 2576 436 2613 gummatam
449 2565 706 2614 formatumque
732 2564 871 2604 dixisset.
929 2569 1143 2616 Qanquam

127 2627 171 2651 ne
189 2617 218 2652 ei
236 2614 377 2664 quidem
395 2614 534 2652 lestioni
561 2615 761 2666 subscriptor
786 2617 956 2656 venerim.
999 2630 1075 2666 quae
1096 2617 1143 2654 est

129 2666 221 2702 enim
240 2666 312 2702 liaec
330 2665 438 2702 libido
463 2666 497 2701 in
515 2667 694 2702 austorem
709 2665 788 2702 sane
802 2666 928 2703 tersum
944 2669 980 2702 ὃ(
1004 2667 1144 2716 elegan-
1165 2650 1171 2720 l

128 2727 202 2752 tem
211 2715 538 2759 vocesintrudendi,
556 2729 631 2766 quae
641 2715 807 2766 nusquam
817 2716 958 2759 auditae,
977 2717 1144 2767 nusquam
1166 2723 1170 2730 '

129 2766 225 2803 lestae
250 2770 261 2804 Ξ
299 2767 435 2803 Nodum
453 2779 591 2816 quoque
610 2780 672 2816 pro
690 2767 829 2803 modum
853 2766 1035 2803 rescribere
1053 2796 1065 2810 ,
1111 2768 1145 2804 id

127 2829 212 2855 vero
242 2817 302 2864 (ut
321 2818 442 2854 Latine
452 2816 589 2865 dicam)
621 2817 723 2854 nimis
739 2818 900 2861 anxium,
930 2829 970 2853 ac
991 2830 1078 2868 pene
1089 2831 1147 2869 pu-

127 2867 236 2904 tidum
256 2865 315 2904 est.

187 2932 240 2964 57.
260 2916 432 2955 Machinis
449 2917 662 2966 labefac'lis.]
693 2919 789 2962 Jovis
807 2916 966 2968 Olympii
984 2917 996 2964 (
1007 2928 1043 2954 ut
1051 2917 1093 2954 de
1103 2931 1146 2956 eo

129 2969 229 3006 tradit
251 2967 372 3004 Strabo
391 2967 447 3006 lib.
466 2982 506 3007 vi
520 2983 531 3006 1
545 2968 604 3016 1.)
636 2981 728 3005 tanta
753 2980 823 3005 erat
840 2967 1046 3017 magnitudo
1064 2997 1075 3012 ‚
1113 2981 1148 3006 ut

134 3031 229 3069 paene
245 3019 374 3055 testum
393 3031 551 3070 xquaren
607 3021 724 3069 Qare
742 3019 785 3056 de
808 3019 910 3069 plano
927 3017 998 3055 sine
1015 3019 1147 3056 machi-

133 3080 180 3107 na
200 3065 328 3109 dissolvi
347 3082 420 3108 non
434 3081 579 3123 poterat.
607 3072 660 3109 Sic
683 3073 721 3108 m
741 3071 902 3107 machina
921 3072 1051 3119 operari
1067 3069 1150 3108 dixit

1195 2050 1245 2085 τὸν
1260 2048 1410 2100 ἓορυξόον
1427 2050 1492 2088 οἷον
1512 2052 1749 2099 scarponinse-eu
1776 2051 1876 2090 facile
1895 2054 2014 2090 animo
2025 2055 2213 2104 concipiet,

1193 2101 1292 2151 quale
1310 2102 1377 2138 hoc
1395 2101 1508 2139 sannae
1527 2116 1636 2153 genus
1653 2101 1764 2141 fuerit.
1791 2117 1904 2155 neque
1924 2103 1971 2141 est
1990 2117 2104 2155 operae
2116 2103 2217 2155 pluri-

1196 2152 1260 2188 bus
1276 2150 1335 2188 ista
1350 2153 1526 2202 explicare.
1553 2153 1729 2192 obscurius
1745 2154 1839 2191 idem
1861 2155 2042 2192 Suetonius
2063 2153 2215 2192 similem

1196 2202 1331 2252 Pyladis
1348 2202 1493 2240 sannam
1512 2203 1614 2242 refert
1623 2204 1682 2243 lib.
1699 2220 1751 2243 11.
1770 2218 1843 2257 cap.
1856 2217 1939 2246 xcv.
1967 2218 2050 2243 nam
2065 2205 2215 2244 italocus

1168 2285 1170 2289 ,
1193 2253 1248 2290 ille
1266 2255 1376 2303 accipi
1396 2254 1510 2292 debet.

1255 2318 1307 2350 57.
1336 2306 1543 2353 Capitolium
1564 2309 1694 2353 Caput.
1712 2303 1726 2353 ]
1757 2309 1846 2343 Non
1866 2309 1996 2343 Romae
2016 2305 2126 2343 solum
2143 2308 2212 2343 Ca«

1194 2356 1350 2406 pitolium
1372 2356 1431 2391 suit
1451 2385 1461 2399 ,
1498 2356 1554 2393 sed
1570 2360 1607 2393 ὃ(
1627 2357 1699 2393 aliis
1727 2358 1761 2393 in
1792 2357 1874 2394 locis
1894 2373 1904 2393 ε
1938 2356 2149 2407 tandemque
2171 2370 2212 2395 ea

1194 2420 1283 2443 voce
1302 2419 1428 2443 omnes
1446 2419 1543 2444 arces
1563 2408 1755 2458 promiscue
1772 2407 1948 2460 appellatae
1967 2407 2133 2448 videntur.
2164 2408 2213 2445 δίο

1191 2457 1313 2495 donius
1332 2457 1555 2508 Apollinaris:

1304 2511 1410 2544 Salve
1433 2509 1549 2545 Narbo
1567 2516 1683 2556 potens
1692 2509 1904 2557 salubritate

1302 2559 1385 2593 Urbe
1402 2558 1454 2602 ΕΞ
1471 2573 1548 2595 rure
1553 2558 1660 2607 simul
1678 2560 1779 2596 boma
1795 2559 1912 2596 videri

1301 2608 1460 2645 Delubris
1471 2639 1483 2653 ,
1506 2609 1662 2657 capitoliis
1673 2638 1685 2654 ,
1715 2610 1865 2647 monetis.

1193 2658 1294 2695 Idem
1315 2657 1414 2696 alibi:

1305 2714 1334 2744 Ε
1352 2709 1472 2756 quibua
1482 2710 1636 2756 primum
1655 2708 1743 2746 mihi
1757 2709 1882 2758 psallat
1900 2709 2064 2758 hymnus,

1303 2759 1376 2807 Qi
1398 2765 1427 2793 T
1424 2759 1616 2808 holofimam
1631 2765 1744 2796 tenuit
1765 2759 1984 2804 cathedram,

1304 2815 1359 2845 De
1371 2811 1483 2858 gradu
1493 2810 1627 2855 stimmo
1651 2810 1882 2857 capitoliorum

1473 2859 1732 2907 Pracipitatztm.

1550 2921 1586 2955 V
1616 2931 1637 2954 A
1662 2933 1684 2955 R
1712 2931 1726 2955 1
1756 2932 1780 2955 o
1803 2932 1839 2956 a.

1253 2982 1306 3015 37.
1327 2975 1467 3017 Repente
1489 2968 1632 3016 edida]
1663 2969 1752 3006 Cod.
1774 2970 1879 3006 Salm.
1901 2978 2031 3019 repente
2053 2969 2158 3007 (ledit.

1240 3018 1368 3068 Caffius
1389 3033 1517 3069 quoque
1535 3020 1711 3068 nomam]
1739 3021 1843 3058 Delet
1859 3020 2110 3064 Salmasianus,
2138 3032 2216 3070 quo-

1192 3083 1267 3121 que.

1629 3118 1734 3160 Hhh
2059 3123 2095 3159 T
2122 3132 2145 3158 0
2174 3132 2217 3157 R·
