2504 3425
224 201 328 259 332
561 176 1631 243 C.SUET.TRANQUiLL1
1686 174 2004 233 L1n.111.

228 276 326 321 tulit
347 292 360 318 t
405 276 607 337 praecipue
641 273 863 320 dele&atus
895 270 1052 330 insula,
1086 268 1203 332 quod
1235 285 1323 314 uno
1359 286 1573 334 parvoque
1606 270 1744 317 littore
1769 270 1971 329 adiretur,
2003 268 2112 335 septa
2134 267 2322 332 undique

233 340 444 402 praeruptis
477 338 686 384 immensae
710 335 934 382 altitudinis
957 332 1150 396 rupibus,
1185 337 1228 378 &
1255 333 1467 395 profundo
1488 336 1620 380 maris.
1687 336 1914 397 Statimque
1937 351 2156 382 revocante
2176 334 2327 382 affidua

238 402 518 448 obtestatione
543 403 702 465 populo
726 433 740 454 ,
785 411 952 459 propter
974 397 1131 442 cladem
1157 432 1170 453 ‚
1213 414 1295 460 qua
1316 398 1424 460 apud
1447 398 1622 444 Fidenas
1644 434 1657 456 ,
1690 399 1806 459 supra
1829 415 1895 443 xx.
1928 397 2151 446 hominum
2184 399 2327 455 milia,

236 467 484 530 gladiatorio
506 481 701 518 munere,
737 459 1026 522 amphitheatri
1058 463 1176 507 ruina
1198 464 1428 523 perierant,
1460 462 1618 508 transiit
1645 464 1690 507 in
1714 463 2030 519 continentem,
2063 463 2330 525 potestatem-

239 548 322 594 que
344 529 541 574 omnibus
564 525 741 572 adeundi
760 523 818 569 sui
842 522 946 570 fecit
970 544 980 570 :
1015 540 1133 572 tanto
1166 527 1297 587 magis
1318 525 1433 587 quod
1458 525 1510 571 ab
1533 525 1635 571 urbe
1656 524 1903 588 egrediens,
1937 541 1991 569 ne
2017 529 2109 586 quis
2132 527 2170 572 se
2200 528 2331 572 inter-

237 596 432 657 pellaret,
465 591 670 645 edixerat,
702 606 746 634 ac
772 602 865 633 toto
888 590 1034 634 itinere
1060 589 1254 635 adeuntes
1277 587 1553 635 submoverat.
1618 587 1840 651 Regressus
1870 590 1916 634 in
1939 587 2114 634 insulam
2137 624 2150 645 ,
2201 591 2332 652 Reip.
2357 615 2411 663 41

239 657 411 720 quidem
436 670 573 699 curam
595 652 722 716 usque
746 652 850 698 adeo
874 652 1025 709 abjecit
1048 689 1062 710 ,
1109 668 1155 698 ut
1178 651 1317 714 postea
1334 670 1420 698 non
1445 653 1630 699 decurias
1666 653 1859 715 equitum
1890 669 2090 714 umquam
2116 650 2329 713 supplerit:

238 737 328 766 non
359 717 548 764 tribunos
571 719 753 763 militum
776 717 1099 780 praefe&osque‚
1134 732 1221 762 non
1241 718 1550 778 provinciarum
1574 716 1758 779 praesides
1775 717 1882 762 ullos
1902 717 2143 761 mutaverit:
2179 713 2333 777 Hispa-

238 785 353 829 niam
378 787 420 827 &
444 784 599 843 Syriam
628 798 700 843 per
722 781 882 842 aliquot
901 798 1031 826 annos
1053 782 1139 828 siue
1162 781 1444 827 consularibus
1461 782 1608 842 legatis
1630 779 1843 826 habuerit:
1879 778 2335 826 ArmeniamaParthis

239 848 457 909 occupari,
495 845 687 891 Moesiam
710 862 732 890 a
751 845 881 889 Dacis
901 844 1172 908 Sarmatisque
1195 862 1207 890 t
1240 845 1401 890 Gallias
1434 862 1456 889 a
1475 845 1701 890 Germanis
1726 843 1868 890 vastari
1891 845 2145 906 neglexerit:
2181 859 2338 905 magno

241 910 444 957 dedecore
468 911 658 972 imperii,
694 925 771 954 nec
795 910 950 954 minori
973 908 1217 954 discrimine.
1288 911 1501 955 Caeterum
1523 910 1666 954 secreti
1698 909 1908 954 licentiam
1934 908 2077 953 nauus
2094 943 2108 964 ,
2143 911 2186 952 &
2220 905 2334 969 quasi
2359 929 2415 976 42

242 977 418 1021 civitatis
442 977 571 1019 oculis
594 987 802 1028 remotus,
836 974 983 1017 cuneta
1006 973 1124 1019 simul
1146 974 1273 1029 vitia,
1306 975 1412 1018 male
1436 974 1508 1018 diu
1533 972 1776 1017 diffimulata
1792 1007 1806 1028 ‚
1840 972 2005 1017 tandem
2029 970 2219 1034 profudit
2239 989 2249 1016 :
2282 971 2335 1017 de

244 1038 398 1102 quibus
424 1038 630 1101 sigillatim
656 1036 706 1082 ab
729 1036 901 1081 exordio
920 1034 1108 1081 referam.
1175 1039 1226 1079 In
1260 1035 1397 1080 castris
1430 1038 1511 1081 tiro
1545 1038 1671 1081 etiam
1704 1050 1820 1092 tum,
1855 1049 2021 1098 propter
2044 1036 2216 1080 nimiam
2251 1036 2340 1081 vini

243 1102 509 1157 aviditatem,
545 1118 619 1163 pro
641 1101 849 1155 Tiberi0‚
882 1099 1098 1144 Biberim:
1135 1115 1211 1160 pro
1238 1098 1443 1155 Claudio,
1479 1100 1671 1144 Caldms:
1707 1116 1782 1161 pro
1806 1102 1983 1146 Nerone
2006 1134 2020 1155 ,
2055 1103 2182 1146 Mero
2216 1115 2339 1145 voca·
2403 1112 2407 1151 ζ

243 1166 377 1214 batur.
443 1164 591 1213 Postea
614 1166 817 1225 Princeps
842 1163 887 1208 in
920 1160 1004 1225 ipsa
1035 1161 1302 1224 publicorum
1332 1179 1500 1210 morum
1531 1164 1788 1210 correffione
1822 1180 1919 1210 cum
1953 1165 2196 1226 Pomponio
2218 1165 2339 1210 Flac-

2286 1243 2340 1274 CO

574 1306 608 1340 T
636 1316 659 1339 o
689 1314 715 1338 R
743 1315 768 1339 R
797 1312 818 1338 E
849 1314 875 1339 N
907 1315 942 1341 τ.
1378 1308 1418 1340 In
1435 1303 1505 1353 ipsa
1518 1316 1651 1341 morum
1668 1302 1906 1353 correptione]
1936 1303 2342 1343 Librimss.c0rrefii0ne.

309 1353 573 1402 XXhom.M.]
621 1354 674 1391 Sic
694 1356 731 1389 ὅ(
751 1351 908 1390 Orosius.
945 1353 1056 1392 Tacit.
1075 1352 1132 1391 lib.
1160 1365 1212 1392 1v.
1242 1356 1269 1388 L
1322 1355 1426 1391 reste.
1457 1356 1602 1405 loquitur
1630 1357 1725 1393 enim
1746 1355 1789 1392 de
1806 1369 1849 1392 eo
1870 1367 2060 1403 tempore,
2089 1368 2178 1405 quo,
2208 1366 2245 1391 ut
2261 1366 2342 1392 ante

248 1405 359 1442 millia
374 1406 497 1453 occifh,
523 1404 581 1440 vel
600 1404 737 1439 obtrita.

302 1455 362 1492 Ab
380 1456 459 1491 urbe
481 1452 686 1503 egredienn]
744 1456 828 1491 Duo
857 1453 941 1492 libb.
974 1453 1058 1491 Urbe
1081 1454 1269 1504 egrediens,

251 1503 324 1542 fine
349 1504 401 1542 ab.

301 1568 360 1600 41.
389 1551 652 1605 Praefhrflofique.]
699 1554 858 1591 Praefecti
878 1553 1068 1591 multisunt
1092 1583 1104 1599 ,
1148 1569 1271 1594 verum

247 1603 303 1641 hic
331 1604 504 1655 (opinor)
537 1618 596 1643 eos
614 1604 771 1654 intelligit
785 1633 797 1648 ,
824 1605 880 1655 qui
891 1605 1089 1647 exercitibus
1106 1606 1272 1656 rebusque

245 1653 376 1692 bellicis
400 1667 577 1705 praeerant.
610 1654 1116 1706 siquidemingenti‘socordia,
1153 1668 1187 1693 ut
1206 1661 1272 1693 Eu-

245 1706 379 1755 tropius
399 1705 542 1750 scribit,
574 1705 740 1756 nusquam
757 1705 826 1755 ipse
855 1708 1048 1756 pugnavit,
1098 1706 1156 1743 sed
1182 1707 1270 1743 bella

245 1768 313 1843 per
327 1756 457 1807 legatos
474 1756 593 1807 gessit,
624 1756 740 1806 quales
756 1758 851 1794 suere
868 1758 986 1801 ‚lunius
1002 1757 1145 1802 Blaesus,
1172 1760 1214 1794 C.
1225 1759 1274 1794 Si-

265 1807 331 1850 'us,
358 1809 399 1844 A.
412 1809 571 1851 Caecina,
591 1811 627 1843 ὃ(
649 1807 715 1845 alii.
990 1822 994 1826 ·

304 1858 382 1893 Sine
402 1857 731 1906 consularibdegam.
746 1858 763 1904 J
796 1858 908 1907 Syria,
920 1862 956 1896 &c
968 1857 1131 1908 Hispania
1141 1859 1270 1901 omnis,

251 1919 396 1956 excepta
430 1910 551 1944 Baetica
568 1938 579 1951 ,
606 1910 692 1945 inter
709 1908 850 1945 Caesaris
871 1911 1062 1959 provincias
1085 1921 1270 1945 numeran-

250 1969 315 1994 tur.
372 1958 507 2007 Qubus
535 1961 590 2008 qui
618 1970 811 2007 prurerant,
846 1959 946 2010 legati
976 1963 1151 1996 Catia-rum
1168 1972 1272 1997 voca-

252 2007 388 2046 bantur.
409 2009 566 2058 l.penult.
596 2009 638 2044 de
665 2007 741 2046 Off.
765 2007 863 2045 Praef.
886 2011 908 2046 l.
925 2023 978 2049 ιγ.
1000 2010 1042 2045 de
1061 2008 1136 2046 Off.
1158 2008 1270 2047 Asseff.

252 2057 276 2095 l.
290 2072 322 2095 X.
347 2059 389 2095 de
408 2059 564 2096 Accusat.
593 2061 693 2106 Quos
715 2058 904 2096 consulares
923 2060 1003 2095 ideo
1032 2061 1177 2108 appellat
1193 2064 1273 2097 Sue-

251 2121 327 2146 ton.
369 2109 461 2160 quod
478 2109 641 2146 consulari
660 2110 807 2158 imperio
830 2120 996 2159 praeerant
1012 2137 1024 2151 ,
1062 2114 1098 2145 ὃ(
1118 2124 1136 2146 e
1155 2110 1272 2147 consu-

253 2159 379 2196 laribus
408 2160 608 2210 plerumque
636 2159 868 2196 sumebantur.
924 2160 991 2196 Sed
1025 2161 1096 2195 lxaec
1129 2162 1274 2198 nomina

253 2208 394 2247 confuse
414 2210 609 2246 admedum
630 2213 667 2245 ἅ
688 2209 878 2258 promiscue
898 2209 942 2246 ab
971 2210 1168 2248 amictibus
1186 2210 1276 2247 usur-

253 2272 398 2312 pantur,
429 2259 599 2311 praesecii,
626 2259 863 2309 proconsules,
901 2272 1152 2312 propraet0re3,
1193 2274 1274 2312 prae-

253 2309 364 2355 fides,
385 2312 497 2361 legati.

312 2376 370 2406 42.
398 2368 533 2410 Propter
551 2362 699 2400 nimiam
716 2361 795 2397 vini
818 2361 1070 2410 aviditatem]
1129 2363 1276 2399 Pronio·

254 2425 334 2450 rem
353 2412 395 2448 ad
413 2426 551 2448 merum
568 2411 660 2448 fuisse
680 2411 882 2456 Tiberium,
909 2415 945 2449 ὃς
965 2412 1001 2448 ἰη
1019 2425 1062 2448 eo
1082 2413 1165 2449 vitio
1185 2416 1278 2449 Dru-

255 2462 355 2505 sum,
385 2465 456 2508 ejus
474 2462 586 2498 filium
605 2491 616 2505 ,
658 2473 792 2512 patrem
812 2459 1025 2512 regenerasse
1052 2461 1163 2499 scribit
1188 2464 1273 2501 Plin.

254 2512 317 2550 hb.
336 2527 416 2551 mv.
437 2526 512 2562 cap.
544 2514 600 2550 uit.
630 2514 688 2550 ubi
714 2516 750 2549 ὃς
768 2516 808 2550 L.
832 2513 961 2550 Pisonis
977 2541 990 2556 ,
1039 2525 1148 2561 quem
1178 2527 1276 2550 com-

255 2576 435 2602 memorat
452 2564 503 2600 liic
525 2568 664 2600 Sueton.
695 2560 734 2599 fit
752 2565 908 2607 mentio,
932 2567 969 2600 δε
987 2574 1021 2598 ut
1034 2566 1174 2601 Sueton.
1194 2578 1277 2600 eum

250 2615 442 2662 prafecffum
465 2614 560 2649 Urbvs
580 2625 702 2657 vocat,
732 2612 778 2649 fic
797 2614 924 2651 Plinius
955 2623 1142 2650 curatorem
1159 2615 1276 2659 Urbis,

254 2666 387 2700 Seneca
402 2678 485 2703 vero
504 2664 602 2714 Epist.
632 2677 777 2701 Lxxxrv.
810 2664 980 2710 custodem.
1039 2664 1174 2713 Qubus
1199 2664 1276 2701 sane

259 2724 332 2750 tam
350 2714 505 2765 speciosis
533 2714 815 2765 appellationibus
833 2713 942 2752 officii
971 2717 1043 2760 ejus
1063 2716 1208 2764 dignitas
1240 2720 1277 2752 ὅ(

259 2765 451 2813 amplitudo
478 2764 701 2815 significatur.
758 2764 825 2801 Sed
860 2768 897 2801 δε
923 2764 1078 2810 Juvenal.
1124 2769 1190 2803 Sat.
1227 2780 1280 2804 1v.

259 2812 305 2848 de
325 2815 453 2863 Pegaso
480 2816 569 2857 JCto
587 2844 600 2859 ‚
646 2829 727 2852 cum
746 2816 792 2853 ait
808 2844 820 2859 ,
865 2817 1014 2852 attonita
1033 2814 1154 2864 politus
1183 2818 1280 2853 modo

260 2863 399 2898 villicm
422 2865 527 2905 Urbi,
568 2865 769 2915 praefectum
793 2866 896 2903 Urbis
917 2866 1059 2917 quidem
1078 2879 1158 2903 eul'ss
1185 2864 1280 2903 fuisse

260 2911 410 2950 ostendit
429 2941 441 2955 ,
488 2926 560 2949 non
609 2915 681 2950 fine
726 2917 953 2953 amaritudine
981 2929 1101 2954 tamen
1143 2917 1279 2954 Urbem

259 2965 437 3013 tyrannide
449 2962 640 3011 oppressam
657 2966 744 3001 villae
770 2967 1038 3016 quodammodo
1058 2980 1280 3018 comparans.

315 3014 469 3049 Biberim
484 3013 630 3048 Calatina
643 3015 776 3063 fuera]
820 3017 922 3053 Idem
940 3021 1013 3055 Sex.
1033 3018 1196 3058 Aurelius.
1235 3023 1277 3056 Et

261 3064 463 3114 perelegans
479 3062 557 3098 sane
578 3062 621 3099 ad
639 3062 741 3100 risum
763 3067 950 3107 nominum
967 3069 1115 3109 mutatio
1132 3068 1179 3108 est
1194 3098 1207 3116 ,
1232 3069 1275 3108 de

261 3126 336 3166 gua
346 3113 570 3165 Qinffilian„
578 3112 634 3152 lib.
647 3127 705 3157 v1.
726 3126 808 3165 cap..
819 3128 876 3157 ιγ..

1308 3136 1309 3139 ’
1325 3121 1346 3166 J
1347 3118 1497 3162 uvenalis
1507 3133 1522 3158 t.

1323 1416 1397 1455 cap.
1411 1419 1494 1442 xxxr
1509 1421 1518 1442 1
1533 1420 1560 1442 1.
1582 1406 1712 1442 dictum
1730 1405 1797 1448 est,
1827 1405 1853 1442 si
1867 1418 1934 1456 qua
1952 1406 1987 1440 in
1997 1406 2152 1442 moribus
2163 1405 2340 1449 labarent,

1323 1456 1526 1505 corrigenda
1545 1456 1616 1505 ipse
1636 1455 1835 1505 susceperat.
1892 1457 1945 1492 Sic
1960 1456 2097 1492 Domit.
2126 1467 2204 1504 cap.
2231 1469 2274 1494 vl
2288 1470 2299 1492 1
2313 1469 2341 1494 ι.

1314 1504 1465 1554 suscepta
1484 1518 1616 1542 morum
1645 1507 1849 1543 correczione.
1906 1505 1998 1541 Alibi
2022 1505 2131 1552 legum
2147 1518 2345 1554 morumque

1323 1556 1488 1603 regimen,
1519 1558 1556 1593 δε
1573 1568 1704 1593 morum
1716 1557 1948 1604 praeftfiuram
1968 1554 2127 1604 appellat.
2157 1555 2232 1592 Cic.
2259 1568 2345 1606 quo-

1325 1618 1391 1655 que
1406 1604 1603 1656 frequenter
1621 1606 1695 1643 haec
1714 1607 1912 1656 conjungit,
1940 1607 2097 1642 correfflor
2118 1603 2170 1648 Εἴ
2189 1606 2347 1642 emenda-

1325 1665 1377 1692 tor
1387 1656 1512 1703 noster,
1541 1655 1760 1699 comestor&
1770 1657 1964 1694 emendator
1983 1655 2162 1698 civitatis,
2191 1656 2344 1692 correeZio

1328 1704 1380 1748 &⁴
1401 1708 1591 1743 emendatio
1603 1707 1805 1756 philqfhphia
1824 1709 1957 1745 veteris.
2016 1707 2156 1742 Notum
2169 1713 2286 1756 aut&
2304 1718 2346 1744 ex

1327 1755 1477 1794 Asconio
1505 1757 1660 1795 Pediano
1687 1758 1845 1807 regendis
1873 1756 2030 1795 moribus
2055 1756 2198 1794 civitatis
2222 1757 2344 1807 quinto

1328 1820 1468 1857 quoque
1484 1819 1577 1846 anno
1595 1808 1754 1845 censores
1778 1808 1881 1845 creari
1899 1808 2015 1845 solitos
2033 1836 2066 1861 ,q
2091 1806 2181 1858 apud
2196 1820 2283 1855 quos
2302 1808 2347 1844 ci-

1328 1870 1389 1895 ves
1407 1861 1564 1895 Romani
1581 1859 1728 1896 accusari
1746 1859 1789 1895 de
1808 1859 1965 1895 moribus
1982 1857 2125 1909 possent.
2156 1855 2348 1907 Postquam

1329 1921 1412 1945 vero
1431 1911 1538 1946 creari
1558 1909 1714 1946 censores
1730 1907 1925 1953 desiissent,
1956 1910 1989 1945 ei
2007 1921 2096 1945 curae
2114 1911 2348 1957 Imperatores

1328 1957 1390 2008 ipsi
1425 1959 1525 1996 initio
1557 1959 1789 2010 praefuerunr3
1838 1971 1896 1997 aut
1931 1958 2015 1995 alios
2053 1958 2109 2007 qui
2145 1955 2343 2007 praeessent,

1328 2021 1525 2048 creaverunt
1552 2039 1565 2054 ,
1604 2011 1695 2060 apud
1715 2025 1801 2060 quos
1823 2009 1867 2046 de
1892 2009 2047 2046 moribus
2075 2007 2240 2054 judicium
2263 2020 2347 2058 age-

1329 2071 1442 2103 retur,
1472 2064 1509 2096 &
1529 2062 1683 2098 maxime
1708 2062 1796 2097 inter
1817 2061 1990 2108 conjuges.
2048 2060 2130 2105 Qa
2146 2058 2189 2094 de
2205 2072 2243 2094 re
2259 2057 2346 2096 Gell.

1330 2110 1389 2147 lib.
1416 2124 1467 2147 xv.
1494 2123 1569 2160 cap.
1589 2125 1646 2148 xx.
1686 2110 1823 2160 Ulpian.
1853 2111 1903 2146 tit.
1920 2122 1980 2146 vr.
2009 2110 2046 2145 ὃ(
2074 2108 2196 2145 Paulus
2221 2108 2265 2145 de
2284 2111 2348 2145 Pa·

1328 2162 1390 2197 &is
1410 2160 1577 2198 dotalibus
1592 2161 1614 2197 l.
1628 2176 1662 2200 v.
1692 2160 1812 2204 Adde,
1842 2158 1868 2195 fi
1892 2158 1987 2195 lubet
1995 2168 2014 2202 ρ.
2035 2158 2251 2196 Constantini
2270 2162 2349 2196 Cae-

1328 2209 1405 2247 saris
1422 2211 1540 2261 legem
1563 2212 1656 2249 Cod.
1672 2208 1926 2248 Theodosiano
1948 2209 1990 2244 de
2002 2209 2149 2259 Nuptiis.
2176 2212 2348 2260 Frequens

1331 2263 1437 2298 etiarn
1465 2260 1504 2298 ‘in
1541 2261 1848 2299 declamationibus
1887 2261 2081 2309 conjugum
2118 2258 2162 2296 de
2177 2260 2348 2299 ,moribus

1330 2314 1434 2349 aetio.
1849 2341 1851 2344 Α

1378 2367 1468 2401 Cum
1484 2364 1658 2411 Pomponio
1675 2362 1827 2410 Flacca]
1856 2361 1962 2400 Liber
1971 2374 2045 2413 opt.
2056 2364 2204 2413 Pompejo
2217 2362 2349 2402 Flacw.⁴
2380 2358 2387 2361 ’

1330 2413 1395 2450 Sed
1415 2425 1459 2450 an
1478 2414 1615 2451 Flaccus
1638 2417 1890 2465 Pompeiorum
1909 2426 2111 2463 cognomen
2127 2411 2188 2458 sit,
2218 2413 2345 2451 nescio.

1330 2465 1544 2515 Pomponius
1562 2465 1704 2514 quidam
1730 2466 1866 2502 Flaccus
1884 2462 2019 2501 Moefiae
2044 2463 2223 2514 praefestus
2244 2463 2307 2501 fuit
2325 2475 2351 2500 a

1330 2515 1498 2558 Tiberio,
1528 2529 1571 2551 ex
1585 2517 1711 2552 Tacito
1730 2516 1787 2552 lib.
1806 2524 1858 2553 η’.
1887 2527 1927 2551 ac
1947 2514 2064 2565 postea
2082 2513 2225 2552 fortassis
2241 2516 2349 2551 etiam

1331 2566 1454 2614 Syriae,
1481 2579 1559 2615 quae
1590 2566 1655 2613 (ut
1672 2567 1784 2616 paullo
1806 2577 1886 2604 ante
1904 2565 2074 2615 legimus)
2102 2565 2200 2604 annis
2218 2564 2346 2613 aliquot

1332 2613 1405 2652 sine
1422 2615 1540 2666 legatis
1557 2615 1697 2655 mansit.

1639 2701 2046 2737 CAsAUBoN.

1385 2780 1444 2813 40.
1473 2768 1582 2820 Apud
1608 2768 1755 2806 Fidenas
1771 2769 1878 2818 supra
1901 2780 1960 2804 xx.
1997 2765 2173 2802 hominum
2191 2766 2342 2817 millias]

1331 2821 1418 2855 Non
1445 2818 1658 2856 Fidenatium
1682 2848 1694 2862 ,
1742 2833 1787 2856 ne
1811 2831 1929 2855 erres:
1970 2814 2029 2851 sed
2056 2817 2316 2865 peregrinorum
2331 2846 2352 2863 ..

1330 2870 1389 2919 qui
1417 2868 1581 2906 ludorum
1609 2868 1719 2907 caussa
1746 2882 1791 2906 eo
1819 2876 2062 2905 convenerant.
2122 2868 2221 2904 Nam
2249 2869 2347 2906 Fide.

1332 2933 1384 2956 nae
1411 2931 1452 2956 ea
1473 2919 1678 2971 tempestate
1698 2932 1794 2969 paene
1814 2929 1931 2957 vacuae
1947 2915 2067 2953 incolis
2083 2913 2230 2956 fuerunt.
2268 2922 2343 2957 Ho-

1330 2983 1432 3008 ratius
1450 2984 1460 3007 ι

1439 3021 1531 3105 Sag,
1551 3019 1701 3056 Lebedus
1721 3029 1825 3068 quam
1834 3016 1884 3069 fit
1904 3015 2020 3056 Gabiis
2036 3015 2217 3067 desertior,
2241 3027 2346 3068 atque

1440 3076 1480 3106 Fz
1508 3073 1576 3110 enisi
1593 3069 1703 3110 viem.

2236 3167 2344 3220 ΒΨ*
