2504 3425
312 181 586 240 N-o’rAE
659 197 755 239 1N
817 179 1311 239 Sum-oxu
1378 170 1902 232 Avensa-un]

2088 186 2193 244 ⁷93

99 287 161 316 nus
178 277 215 316 &
234 275 395 315 Gruterus
414 273 628 313 contendunt
647 273 837 326 legendum
857 271 923 313 effe
937 274 1123 322 adaperta,
1169 264 1393 319 ςῡΰῆΰῑὸῑῡῒ,
1414 268 1493 318 quia
1514 279 1555 304 ex
1564 263 1700 315 fignum
1718 262 1780 302 fiat
1796 261 1975 314 figulum,
2002 259 2084 299 53⁶0
2104 263 2140 297 ὅ(
2153 273 2196 299 ex

101 337 159 365 aut
179 325 264 364 haut
282 334 414 374 operta,
445 324 572 375 praefati
594 338 667 362 non
684 326 792 364 videri
820 324 1043 363 solummodo
1061 337 1124 362 vo·
1157 313 1328 365 sanguim,
1350 317 1531 367 sigillatim
1550 316 1657 361 n2s01'5
1697 315 1754 353 sed
1775 315 1843 353 hOC
1862 313 1994 366 potius,
2024 326 2065 350 ex
2076 310 2193 360 fingu-

101 374 194 415 luisie
214 375 427 426 Augustum,
454 375 513 413 sed
534 379 570 414 ὅ(
589 387 704 426 patere
733 375 947 413 adeuntibus·
979 374 1123 412 Nullam

104 427 198 465 enim
227 428 391 465 virtutem
419 423 484 463 esse
504 456 515 471 ‚
554 439 623 477 qua
642 425 705 463 fibi
735 427 905 476 populum
929 427 1042 475 magis
1064 425 1123 462 de-

99 487 271 514 mereatur
304 478 483 527 Princeps,
512 490 619 527 quam
640 476 666 513 si
685 477 830 514 libenter
848 481 886 515 δε
906 477 1011 515 obvie
1033 478 1121 513 exci-

99 527 169 577 piat
191 526 357 564 desideria
377 526 527 564 suorum.
559 528 666 577 Qod
684 531 847 565 Gruterus
870 527 985 564 multis
1006 540 1120 563 exem-

99 576 162 626 plis
181 577 224 614 ad
254 579 395 616 Livium
420 576 601 615 ostenclilse
636 578 782 615 testatur.
841 578 906 614 Sed
929 578 972 615 de
989 577 1057 613 hoc
1076 578 1120 613 ci-

98 626 230 664 vilitatis
246 641 374 678 genere
393 627 446 665 hic
473 642 544 666 non
572 628 717 678 loquitur
744 629 923 665 Suetonius
947 656 958 670 ‚
996 639 1118 664 verum

1166 364 1240 410 lus,
1259 365 1474 417 fingillatim.

1227 425 1281 462 58.
1311 423 1375 454 Per
1401 419 1570 455 Valerium
1591 416 1781 466 Messallam
1794 417 1831 453 id
1852 413 2097 453 mandantibus
2112 425 2192 450 cun-

1165 467 1264 515 Hiz]
1300 469 1389 508 Cod.
1416 469 1556 506 Salmas.
1571 477 1628 516 per
1650 469 1821 504 Valeriam
1841 464 2035 513 Messallam
2055 467 2191 500 isman-

1164 516 1329 553 dantibus
1352 523 1492 558 canolis.
1549 518 1664 556 Proba
1684 518 1786 555 lestio
1808 547 1818 560 ‚
1855 515 1880 552 si
1931 518 2063 562 juvetur
2086 514 2190 551 inter-

1165 570 1352 613 punstione
1373 570 1434 606 hac
1457 585 1466 607 :
1497 578 1556 618 per
1579 569 1748 605 Valerium
1776 567 1980 615 Messallam.
2037 571 2065 600 Is
2089 574 2188 600 man-

1163 615 1325 653 dantibus
1342 620 1489 656 cunctis.-
1519 621 1621 668 Qod
1638 619 1782 662 bonum,
1811 618 1945 666 inquit,
1966 614 2187 664 faustumque

99 676 143 714 de
161 677 242 720 illo,
272 678 366 729 quod
389 678 534 715 noluerit
559 678 744 728 inquietare
767 678 895 715 obvios
914 675 1023 714 officii
1043 689 1120 713 cau·
1154 663 1202 710 fit
1222 665 1298 703 tibz,

100 727 166 771 so,
208 729 288 765 ideo
310 729 474 780 adoperta
502 728 571 767 ssve
601 729 709 765 clausa
736 729 814 766 sella
847 741 906 779 per
945 727 1117 777 publicum

101 791 184 815 eum
199 780 244 816 ait
269 777 433 816 inceiiisse
451 794 461 816 ι
499 778 581 816 ficut
601 779 751 816 eandem
769 779 816 816 ob
834 776 983 815 caustum
1010 776 1120 827 egres-

96 829 149 865 sus
175 832 212 866 ὃ(
241 827 406 880 iugi-effus
422 829 469 865 est
499 829 624 879 oppida
645 832 750 866 noem
768 857 780 872 ,
815 833 852 866 ὃς
890 827 1006 865 consul
1026 827 1118 876 pedi-

101 879 165 916 bus
187 881 330 917 inceliit·
387 879 482 917 Talis
505 882 608 915 etiam
635 877 696 916 fuit
719 880 832 926 obsum
863 878 980 913 leo'iica
998 905 1009 919 ,
1051 889 1118 926 qua

99 931 260 968 Tiberius
280 944 406 968 nurum
426 933 464 967 δε
494 942 634 978 neptem
659 928 821 978 asportari
867 927 954 974 juffit
972 940 1006 963 in
1038 939 1114 977 cap.

98 992 156 1029 64.

155 1038 200 1068 Et
220 1031 387 1078 discedens
412 1043 447 1065 eo
467 1028 561 1065 modo
571 1025 763 1075 sedentibus
771 1025 912 1075 singulis
938 1026 1018 1062 vale
1035 1026 1120 1063 dice-

99 1086 171 1122 bat.
190 1081 204 1130 ]
253 1084 341 1117 Non
360 1078 510 1116 dubitavi
531 1078 681 1125 recipere
701 1076 829 1113 codicis
867 1075 1069 1113 Salmafiani
1083 1082 1119 1115 δε

98 1129 324 1172 Viterbiensis
357 1129 575 1166 lectionem:
604 1126 719 1163 valere
738 1126 880 1164 dicebat.
940 1129 992 1163 Sic
1026 1130 1120 1165 enim

94 1185 229 1234 semper
250 1182 412 1218 meliores
430 1179 609 1228 scriptores
632 1178 797 1215 orationis
810 1207 821 1220 ,
871 1178 1038 1228 praecipue
1065 1192 1122 1229 pe-

97 1235 197 1272 dibus
216 1231 331 1269 solutae
350 1259 362 1274 ‚
396 1230 590 1279 loquuntur.
634 1228 699 1264 Sed
715 1231 753 1264 &
771 1227 914 1276 fingatis
932 1228 1120 1265 delendum

98 1299 140 1323 ex
159 1281 375 1322 salmariano
397 1309 409 1325 ,
444 1281 502 1330 qui
517 1292 656 1328 quoque
684 1292 746 1329 pro
766 1291 799 1314 eo
819 1279 914 1313 modo
937 1278 1038 1327 legit,
1074 1293 1123 1315 eo-

95 1337 173 1373 dem
197 1334 307 1371 modo.
348 1334 461 1368 Totus
478 1331 576 1379 igitur
594 1329 688 1366 locus
705 1328 738 1365 se
758 1327 881 1365 melius
897 1327 1039 1365 habebit
1057 1358 1068 1372 ‚
1097 1327 1124 1365 fi

101 1399 143 1423 ex
160 1385 222 1422 illis
250 1382 465 1421 membranis
490 1381 679 1429 scripseris:
703 1381 808 1414 etiam
826 1379 992 1424 discedens
1013 1380 1125 1415 eodem

100 1437 196 1474 modo
218 1433 361 1483 fingult's
380 1432 498 1468 valere
521 1431 666 1467 dicebat.
684 1428 815 1466 eodem
840 1428 974 1473 modo,
1004 1429 1127 1466 scilicet

56 1524 59 1526 ,
106 1485 304 1524 sedentibus
323 1483 413 1521 stans
429 1480 510 1533 ipse.
539 1484 576 1519 δε
602 1478 649 1517 fic
668 1479 767 1530 plane
784 1492 924 1531 quoque
950 1479 1129 1518 membru-

103 1551 157 1574 nae
176 1534 331 1586 Copesii.

166 1601 219 1632 54.
249 1586 424 1622 Grandior
438 1584 516 1632 jam
541 1581 672 1628 natus]
713 1580 807 1618 Cod·
829 1579 926 1618 Harl.
942 1581 1126 1628 grandiore

94 1637 175 1688 jam
196 1646 332 1674 ornatu.
360 1634 468 1673 scribe
498 1646 580 1671 cum
613 1632 827 1671 Gronovio:
859 1630 1040 1680 grandiore
1048 1632 1126 1681 jam

97 1697 197 1725 natu.

163 1752 216 1783 55.
247 1737 474 1772 contumacia
493 1733 622 1779 fraudi
640 1731 756 1779 suin]
795 1732 1031 1769 Contumacia
1053 1743 1127 1768 non

101 1786 152 1824 est
176 1785 399 1824 indomabilis
427 1785 567 1831 instatio
598 1783 761 1820 libertatis
781 1810 794 1825 ‚
821 1794 857 1819 ut
875 1782 946 1821 vult
972 1782 1129 1819 Boxhor-

103 1839 201 1881 nius,
230 1836 287 1873 sed
304 1833 561 1872 contradicendi
584 1833 733 1869 studium
750 1835 788 1869 δε
808 1832 918 1870 libido
934 1834 969 1870 in
990 1832 1128 1870 censen-

105 1888 175 1933 do,
202 1900 282 1924 cum
308 1887 343 1922 in
364 1884 504 1935 Augusti
528 1882 691 1919 sententia
726 1895 799 1918 non
823 1883 1128 1932 conquiescerent;

105 1939 160 1976 cui
177 1939 270 1976 reste
288 1937 503 1988 opponitur,
539 1932 744 1984 obsequium
773 1931 946 1969 deforme.
1003 1936 1130 1969 Contu-

105 1991 220 2027 macia
242 1989 338 2025 enim
361 1987 489 2025 Latinis
506 1983 573 2028 est,
628 1997 707 2034 quae
751 1982 905 2020 barbaris
939 1982 1127 2020 inobedien-

106 2042 180 2084 tia,
223 2050 260 2078 ut
277 2043 315 2077 ὅ(
335 2048 565 2079 contumaces,
591 2036 650 2085 qui
667 2033 760 2072 male
777 2032 999 2071 inobedientes
1015 2033 1132 2072 dicun-

111 2100 173 2129 tur.

163 2146 235 2178 Nec
252 2149 382 2188 magna
416 2149 498 2174 cura
524 2134 727 2184 redarguit]
779 2135 832 2171 Sic
876 2134 1009 2185 reposui
1049 2148 1130 2172 cum

109 2191 298 2229 Torrentio
319 2202 359 2225 ex
387 2188 506 2224 codice
524 2184 739 2224 Ferrarienfi.
793 2188 866 2222 Res
905 2187 914 2222 i
943 2186 976 2223 sa
1021 2184 1131 2236 loqui-

112 2253 178 2280 tur.
229 2242 282 2278 Sic
309 2243 347 2277 δε
365 2236 518 2276 decessor
533 2239 606 2286 ejus
634 2237 738 2282 Julius
757 2247 900 2274 contem
917 2248 944 2274 it
963 2236 1026 2274 hos
1044 2236 1131 2274 scur-

111 2303 177 2330 ως.

171 2347 224 2386 56.
255 2344 307 2376 Ne
331 2338 472 2387 senatus
506 2339 689 2389 quicquam
728 2336 974 2386 constitueret.]
1032 2339 1123 2377 Cod.

112 2391 219 2430 Salm.
245 2402 286 2426 ne
304 2388 486 2438 quicquam
508 2389 771 2434 constitueretur.
824 2389 876 2425 Sic
893 2392 932 2426 δε
960 2388 1127 2439 Copesia·

110 2456 175 2481 nus
193 2470 206 2486 ‚
240 2441 275 2477 in
292 2452 363 2488 quo
389 2450 508 2475 tamen
523 2439 663 2488 vulgata
686 2438 789 2475 leffio
807 2439 851 2475 ab
868 2439 993 2476 eadem
1018 2453 1128 2479 manu

113 2492 263 2543 margini
281 2490 328 2528 est
349 2487 515 2539 adscripta
537 2517 549 2532 ‚
587 2498 626 2525 at
644 2501 685 2525 ne
701 2489 833 2530 [enatus
849 2492 1030 2539 quicquam
1056 2504 1129 2528 con-

100 2544 268 2593 stitueret.

166 2591 307 2631 Ferebat
325 2587 378 2632 Εἴ
400 2587 462 2637 ipſse
471 2586 640 2637 suffragia
657 2587 693 2621 in
709 2585 904 2632 tribubus.]
945 2588 1000 2624 Sic
1018 2588 1129 2626 referi-

24 2635 25 2638 Ἰ
57 2646 59 2649 ’
114 2644 166 2696 psi
188 2658 229 2682 ex
246 2642 408 2693 primo&
425 2637 575 2675 secundo
590 2636 790 2674 Palatino&
808 2638 876 2672 Ms.
897 2635 1013 2675 Alvari
1031 2641 1131 2676 Non-

113 2697 171 2740 ni,
197 2694 365 2746 probante
382 2688 593 2726 Caihubono
612 2691 650 2724 ὅ(
673 2689 832 2723 Gruter-o.
871 2688 970 2725 Nam
997 2689 1033 2724 in
1052 2689 1135 2726 dua-

115 2747 182 2786 bus
197 2743 355 2783 tribubus
375 2737 574 2790 suffragium
598 2736 686 2776 ferre
707 2746 842 2789 poterat
871 2735 1056 2786 Augustus,
1097 2752 1132 2778 ut

120 2807 211 2850 patet
230 2808 271 2833 ex
287 2805 362 2841 cap.
381 2805 440 2837 40.

178 2861 232 2895 57.
259 2850 375 2895 Sponte
393 2851 496 2891 atque
524 2837 718 2890 consensu.]
776 2836 868 2876 Cod.
887 2837 1026 2876 Salmafi
1061 2854 1135 2878 con-

107 2916 111 2921 *
119 2898 212 2947 ‘effi‘-

1224 729 1276 760 59·
1305 718 1410 762 JOvis
1420 719 1624 767 olympiad
1648 719 1740 757 Cod.
1761 717 1865 756 Salm.
1879 715 1984 762 Jovis
1997 712 2181 764 olymphii.

1163 763 1230 813 leg.
1254 767 1409 815 Olympii.

1184 823 1275 898 'bm-
1306 822 1350 852 Et
1362 817 1641 868 postulantibus.]
1673 819 1779 857 Salm.
1792 820 1829 854 δε
1844 815 1970 866 Copes.
1982 813 2186 863 expostulan-

1160 872 1186 898 τι
1211 878 1260 900 as.

1213 916 1455 966 Neceffitudine
1474 918 1594 968 aliqua
1612 915 1874 966 jungerentur.]
1914 915 2041 963 Copes]
2061 914 2185 961 neceffia

1162 967 1280 1002 tudine
1308 968 1428 1018 aliqua
1461 972 1653 1005 unirentur.
1677 967 1732 1003 sed
1754 968 1789 1002 in
1816 978 1925 1013 marg.
1960 962 2186 1011 neceffitudine

1162 1017 1281 1065 aliqua
1290 1030 1524 1067 jungerentur.

1221 1074 1277 1111 63.
1304 1068 1490 1117 Cotisoni]
1521 1068 1612 1105 Cod.
1632 1067 1737 1104 Falm.
1759 1065 1887 1113 Cofhni.

1225 1123 1262 1152 ln
1280 1121 1545 1156 matrimonium
1557 1119 1721 1168 petliJJe,j
1744 1116 1835 1153 Cod.
1856 1112 1996 1152 Salmas.
2009 1114 2046 1148 Sc
2058 1109 2186 1162 Copes„

1162 1167 1299 1216 petzffit.

1223 1226 1279 1262 64.
1311 1224 1349 1256 L.
1369 1217 1544 1266 Tucim'o.]
1570 1217 1711 1256 salmas.
1740 1223 1779 1253 L.
1802 1215 1950 1257 isiciala,
1979 1210 2189 1258 velfJncinie

1170 1268 1299 1318 Copes.
1321 1270 1458 1308 Licinio.

1225 1324 1279 1354 Ac
1305 1319 1393 1354 nihil
1420 1333 1503 1368 aque
1534 1317 1747 1364 laboravit]
1779 1315 1903 1353 Codex
1917 1326 2057 1364 quoque
2085 1311 2191 1350 Salm.

1170 1373 1206 1405 δε
1227 1369 1349 1418 Copes.
1368 1369 1570 1406 elaboravit.
2151 1374 2156 1377 ·

1225 1427 1281 1464 65.
1311 1420 1361 1455 Ob
1415 1420 1588 1468 ingenium
1633 1415 1849 1466 sordidum.]
1903 1412 2085 1459 Salmasius
2109 1425 2197 1449 con-

1170 1470 1238 1515 jicit
1261 1469 1449 1518 legendum
1468 1498 1479 1512 ‚
1541 1469 1578 1505 ob
1609 1469 1781 1516 ingenium
1809 1466 2018 1514 scordalum.
2062 1464 2129 1500 ιδίε
2154 1466 2195 1501 δε

1169 1520 1248 1556 alibi
1264 1523 1393 1557 Seneca
1409 1519 1555 1569 loquitur
1568 1548 1579 1562 ,
1612 1529 1732 1569 praeter
1752 1517 1870 1555 locum
1884 1529 1902 1553 a
1913 1514 2063 1553 Schildio
2079 1513 2196 1551 lauda-

1170 1581 1267 1614 tum,
1304 1572 1338 1606 in
1357 1583 1409 1621 ep.
1434 1576 1450 1606 8
1459 1586 1488 1614 3.
1520 1570 1648 1606 Tunius
1673 1568 1811 1605 Cimber
1829 1566 1882 1610 Εἴ
1906 1567 2034 1603 nimius
2058 1573 2133 1601 erat
2157 1566 2199 1599 in

1169 1621 1250 1656 vino
1270 1620 1518 1668 &scordalus.
1575 1624 1616 1657 Et
1634 1621 1668 1656 in
1690 1618 1822 1656 Suasor.
1844 1631 1878 1664 7.
1903 1617 1946 1653 de
1967 1619 2016 1652 M.
2030 1614 2132 1652 Tullii
2155 1611 2197 1651 fi-

1166 1670 1236 1708 lio:
1265 1676 1351 1708 Erat
1368 1682 1484 1708 autem
1502 1670 1628 1714 etiam,
1654 1670 1711 1706 ubi
1723 1672 1832 1718 pietas
1848 1680 1914 1704 non
1925 1667 2092 1715 exigeret,
2107 1664 2200 1712 scor-

1171 1722 1296 1766 dalus,
1333 1735 1374 1758 ex
1401 1724 1433 1765 J.
1465 1724 1517 1759 Fr.
1549 1721 1720 1759 Gronovii
1746 1717 2002 1756 emendatione.
2063 1713 2199 1751 Sordzdi

1172 1773 1302 1809 Latinis
1323 1772 1397 1809 sunt
1416 1773 1534 1815 avari,
1568 1771 1623 1808 sed
1648 1771 1791 1809 avaritia
1815 1780 1997 1818 nunquam
2019 1765 2081 1803 fuit
2099 1767 2134 1802 in
2152 1766 2198 1802 A-

1171 1825 1296 1874 grippa
1329 1834 1469 1866 notata,
1500 1835 1621 1861 verum
1642 1820 1772 1858 robore
1791 1820 1945 1870 corporis
1963 1816 2083 1855 stolide
2107 1815 2199 1853 fero-

1174 1887 1253 1910 cem
1270 1871 1364 1910 fuiise
1384 1875 1524 1911 Tacitus
1540 1873 1650 1909 tradit.
1703 1875 1785 1908 Hoc
1801 1884 1885 1909 vero
1905 1869 1952 1905 est
1961 1866 2149 1914 scordalus.

1229 1925 1346 1960 Etiam
1360 1924 1478 1973 quibus
1490 1924 1629 1972 corporis
1644 1924 1732 1958 notis
1748 1920 1806 1957 vel
1822 1917 2044 1957 cicatricibus.
2059 1917 2073 1965 ]
2110 1920 2201 1954 Tor<

1178 1976 1303 2012 rentius
1334 1974 1400 2012 hoc
1432 1974 1511 2012 ideo
1534 1970 1676 2013 voluiffe
1700 1971 1875 2010 observari
1900 1972 1939 2006 δε
1972 1969 2054 2005 scire
2080 1969 2200 2017 Augu-

1174 2025 1264 2063 stum
1292 2027 1453 2073 coniicit,
1473 2037 1509 2063 ut
1528 2024 1606 2062 inde
1630 2023 1840 2061 adulterinos
1859 2031 1971 2072 partus
1990 2016 2096 2070 poss'et
2114 2031 2200 2069 cog-

1175 2077 1326 2114 noscere.
1413 2076 1479 2114 Sed
1520 2075 1692 2113 cicatrices
1730 2086 1915 2124 parentum
1945 2071 2042 2108 liberi
2070 2069 2202 2107 referre

1175 2141 1249 2165 non
1267 2128 1376 2164 solent
1394 2156 1405 2170 ,
1443 2140 1521 2164 raro
1537 2139 1676 2177 quoque
1695 2136 1796 2162 notas
1812 2153 1824 2168 ,
1852 2123 2012 2175 quamvis
2039 2121 2082 2157 de
2101 2122 2199 2169 inge-

1173 2192 1247 2216 nuis
1265 2178 1326 2215 illis
1353 2178 1444 2214 notis
1464 2176 1624 2227 exempla
1642 2175 1804 2227 quaedam
1825 2174 1891 2211 sint
1909 2203 1922 2218 ,
1954 2183 1988 2208 ut
2007 2171 2198 2208 Seleucida-

1170 2243 1259 2267 rum.
1318 2230 1434 2266 Potius
1467 2230 1567 2277 igitur
1595 2227 1663 2264 hoc
1689 2225 1879 2275 Augustum
1903 2223 2064 2261 existimo
2097 2231 2199 2259 man·-

1172 2278 1285 2324 dasse,
1323 2292 1360 2317 ut
1385 2293 1467 2316 cum
1493 2277 1555 2329 ipsi
1573 2277 1743 2315 constaret
1759 2276 1802 2313 de
1824 2277 1882 2319 iis,
1910 2275 2065 2325 quiante
2084 2270 2199 2309 filiam

1171 2331 1324 2370 adierant
1346 2360 1355 2373 ‚
1390 2330 1509 2366 rescire
1527 2331 1633 2366 etiam
1652 2325 1755 2377 posset
1774 2340 1819 2363 ex
1844 2322 2039 2362 custodibus
2060 2319 2198 2372 apposi-

1169 2384 1210 2419 tis
1228 2381 1319 2426 filiae,
1331 2381 1483 2419 iidemne
1500 2379 1605 2417 essent
1621 2380 1697 2430 ‚qui
1707 2377 1749 2415 ad
1759 2377 1856 2415 illam
1871 2376 2102 2418 venirent,an
2110 2384 2199 2412 vero

1173 2433 1227 2470 alii
1245 2433 1304 2470 sub
1324 2446 1447 2470 eorum
1473 2432 1631 2468 nomine.

1231 2486 1375 2534 Agnosci
1397 2481 1537 2531 alique]
1567 2479 1707 2518 Salmas.
1726 2476 1912 2525 adcognosci
1944 2475 2071 2525 alique.
2128 2471 2198 2511 Sed

1173 2535 1295 2571 reffius
1316 2532 1531 2583 Copesianus
1549 2545 1630 2567 cum
1654 2529 1798 2579 vulgatis
1816 2526 1945 2576 agnofii
1970 2526 2093 2573 alique.
2183 2538 2188 2547 ·

1231 2591 1290 2621 66.
1315 2583 1509 2617 Comelmm
1528 2578 1704 2626 Gallum]
1744 2582 1829 2615 Non
1849 2577 1901 2613 hic
1924 2576 1986 2612 fuit
2003 2576 2073 2611 aliis
2088 2575 2200 2612 dietus

1180 2633 1281 2671 AElius
1301 2632 1438 2675 Gallus,
1464 2642 1500 2668 ut
1517 2630 1741 2667 Casaubonus
1758 2639 1870 2679 putat,
1897 2626 1951 2663 sed
1966 2625 2060 2662 alius.
2096 2628 2199 2663 Nam

1181 2683 1364 2721 Cornelius
1378 2682 1493 2720 Gallus
1511 2681 1654 2718 celebris
1679 2681 1731 2716 ille
1749 2683 1849 2730 po‘e‘ta
1867 2678 1993 2728 primus
2011 2675 2073 2712 fuit
2093 2678 2200 2728 AEgy-

1182 2746 1243 2786 pto
1271 2731 1448 2784 praefestus
1473 2731 1517 2768 ab
1542 2731 1714 2782 Augusto,
1739 2730 1815 2767 huic
1832 2727 1980 2765 successit
1997 2727 2195 2769 Petronius,

1186 2786 1262 2823 huic
1281 2798 1365 2823 vero
1382 2783 1542 2821 susseRus
1560 2782 1621 2818 fuit
1640 2782 1743 2818 AElius
1759 2780 1894 2822 Gallus,
1922 2791 1959 2815 ut
1971 2777 2091 2815 docuit
2109 2774 2202 2816 Voss·

1183 2835 1250 2874 sius
1273 2836 1316 2873 de
1344 2846 1462 2872 natura
1485 2833 1702 2872 Rhetorices.

1240 2895 1296 2934 67.
1333 2886 1526 2923 Diomedem
1545 2879 1840 2932 dispensatorem]
1873 2878 1966 2918 Cod.
1993 2877 2100 2918 Saltu.
2120 2877 2204 2917 Dso-

174 2953 331 2985 strenam
357 2945 395 2981 in
419 2940 620 2992 Capitolia]
677 2939 818 2986 Salmas.
838 2942 876 2977 δε
905 2941 1031 2998 Copes.
1055 2940 1140 2990 stre-
1185 2940 1305 2974 medon
1327 2937 1409 2986 disp.

122 3010 228 3037 nuum
249 3000 288 3034 in
307 2993 487 3044 Capitolio.

185 3047 377 3098 sigillatim.
387 3043 403 3093 ]

120 3097 258 3151 ,ubique
274 3094 504 3136 scribendum.
559 3097 690 3146 -Neque
707 3097 813 3143 enim,
822 3093 947 3139 video,
959 3092 996 3133 ut
1014 3099 1059 3132 ex
1076 3094 1148 3134 hoc·
1192 3091 1290 3129 dius:

1187 2988 1323 3024 “Fero
1348 2996 1426 3036 apro
1457 2985 1594 3036 objectus
1625 2982 1717 3031 efl.]'
1757 2981 1850 3019 Male
1873 2980 2025 3018 sollicitat
2043 2978 2135 3017 hunc
2154 2977 2206 3014 lo-

435 3043 557 3081 Codex
575 3039 728 3080 salmasii
748 3060 759 3083 :
786 3041 1002 3093 fingillatim.
1039 3046 1082 3081 Et
1098 3037 1147 3079 iicv
1190 3038 1272 3092 cum
1299 3038 1502 3077 Torrentius
1518 3065 1531 3082 ,
1567 3035 1624 3086 qui
1639 3035 1715 3081 fi’ro
1738 3030 1925 3071 delendum
1942 3028 2066 3070 censet.
2121 3028 2210 3071 ovi·

1615 3139 1759 3174 Eeeee
1789 3147 1811 3172 2
2168 3129 2218 3177 ξε
