2504 3425
597 127 1797 191 C..CAEsAR1CA1.1ou1,A.

2130 162 2231 217 395

133 224 332 273 feritatIs:
372 237 465 286 quae
500 219 559 266 illi
578 239 750 285 quoque
786 237 896 268 tanta
928 227 1009 278 jam
1043 237 1142 270 tunc
1177 239 1286 280 erat,
1323 228 1367 272 ui
1390 225 1552 274 infestis
1569 228 1736 293 digitis,
1772 246 1844 278 ora
1871 234 1916 278 &
1939 235 2086 281 oculos
2106 233 2228 286 fimul

51 309 109 350 26
129 290 359 336 ludentium
378 285 606 331 infantium
628 286 849 333 incefferet.
914 289 1027 332 Leve
1062 305 1107 333 ac
1141 287 1345 352 frigidum
1379 292 1426 338 fit
1449 291 1514 338 his
1537 294 1710 352 addere,
1741 313 1830 358 quo
1849 300 2106 361 propinquos
2119 305 2226 348 ami-

126 350 274 416 cosque
296 351 416 414 Ραᾶο
433 349 661 396 tra&averit
682 387 695 407 ‚
745 351 1014 395 Ptolemaeum
1032 355 1140 415 regis
1158 353 1278 416 Jubae
1300 353 1462 413 filium,
1497 356 1794 405 consobrinum
1821 360 1940 406 suum
1973 367 2087 420 (erat
2108 366 2224 414 enirn

125 420 170 462 &
189 417 222 460 is
242 416 306 460 M.
328 415 513 460 Antonii
535 431 585 459 ex
609 416 757 460 Selene
779 413 866 459 filia
888 419 1051 476 nepos)
1088 422 1131 462 &
1151 419 1194 462 in
1217 420 1362 480 primis
1394 419 1529 482 ipsum
1558 423 1830 482 Macronem,
1866 424 1993 488 ipsam
2016 427 2223 488 Enniam,

125 478 327 538 adjutores
350 479 552 540 imperii,
607 479 764 541 quibus
797 477 996 524 omnibus
1029 496 1105 541 pro
1137 482 1448 528 necessitudinis
1477 490 1588 544 jure,
1623 504 1782 551 proque
1816 492 2061 539 meritorum
2093 496 2223 557 gratia

121 557 286 588 cruenta
318 560 429 588 mors
464 540 666 605 persoluta
697 541 768 588 est.
833 541 989 588 Nihilo
1022 547 1276 591 reverentior
1307 548 1495 595 leniorve
1520 565 1616 614 erga
1640 552 1847 600 senatum:
1884 555 2083 617 quosdam
2108 557 2222 604 sum-

122 608 200 652 mis
231 605 461 653 honoribus
492 606 686 661 functos,
720 606 770 652 ad
804 606 984 652 essedum
1019 607 1095 654 fibi
1129 625 1342 655 occurrere
1377 625 1540 674 togatos
1572 632 1644 676 per
1677 618 1837 681 aliquot
1868 619 2056 680 passuum
2078 623 2220 680 milia,

116 673 166 718 v&
187 673 397 730 caenanti,
429 670 558 718 modo
576 670 626 716 ad
649 671 860 734 pluteum,
894 670 1024 717 modo
1048 671 1096 717 ad
1120 671 1244 734 pedes
1266 672 1368 720 stare
1387 673 1620 725 succinctos
1640 681 1798 741 linteo,
1834 681 1964 746 passus
1985 682 2045 732 est
2068 702 2080 731 ι
2115 688 2218 733 alios

432 797 798 846 Tonunnr.

177 917 233 947 26.
264 914 319 947 Ex
335 908 450 946 selena
459 905 575 955 filim]
605 906 657 943 Sic
678 906 784 942 etiam
797 906 875 944 edit.
906 908 1137 952 Germanica,

121 962 160 996 δε
180 973 256 998 mss,
280 960 360 997 duo.
399 958 464 995 Alii
487 971 527 994 ex
546 956 693 1000 Helena,
722 957 776 995 vel
791 957 933 1002 Helene,
963 958 1020 995 sed
1030 959 1134 996 male.

119 1024 179 1046 rex
198 1010 285 1050 luba
302 1011 396 1047 enim
410 1038 423 1053 ‚
456 1009 573 1053 Jubae,
604 1020 710 1057 quem
734 1007 849 1043 Caesar
868 1007 1013 1046 dietator
1028 1010 1107 1048 vicit
1124 1038 1135 1053 ,

117 1048 227 1103 filius,
271 1075 313 1099 ex
332 1060 421 1097 Cleo
448 1071 518 1096 atra
536 1058 676 1095 Antonii
702 1059 845 1097 xii—viri
872 1062 909 1095 &
939 1060 1137 1110 Cleopatrae

117 1111 255 1160 AEgypti
271 1112 396 1162 reginae
406 1073 475 1147 fiilia
486 1139 498 1154 ,
509 1110 598 1147 hunc
607 1108 650 1145 de
659 1121 729 1159 quo
739 1111 878 1147 Sueton.
904 1111 1137 1148 Ptolemaeum

115 1158 228 1197 filium
246 1163 373 1211 genuit.
430 1161 658 1211 Cleopatram
687 1173 772 1196 vero
798 1159 960 1197 Selenam
988 1162 1137 1212 appellat

114 1213 252 1249 Sueton.
283 1213 392 1250 indito
413 1224 433 1248 a
455 1225 566 1249 matre
585 1212 816 1260 cognomine.
877 1214 967 1261 Quae
994 1226 1076 1249 cum
1103 1212 1135 1248 se

115 1262 255 1298 Lunam
281 1267 320 1301 ὃς
348 1262 479 1300 Ifidem
497 1292 509 1306 ,
552 1275 587 1300 ut
604 1263 779 1298 Antonius
790 1262 966 1299 Bacchum
983 1262 1016 1299 se
1035 1275 1135 1313 atque

116 1309 249 1348 Osirim
268 1344 279 1359 ‚
323 1312 531 1351 nominaffet
547 1340 561 1357 ,
606 1311 679 1349 filio
723 1314 829 1349 etiam
862 1313 1060 1351 Alexandro
1098 1318 1135 1351 ὅ(

115 1360 311 1413 Cleopatrae
324 1363 425 1408 filiae,
453 1364 540 1401 Solis
560 1376 599 1400 ac
619 1366 727 1400 Lunae
744 1377 880 1401 nomen
900 1363 1005 1402 dedit.
1030 1364 1136 1402 Cleo-

113 1422 249 1460 patram
267 1426 490 1454 vet-evocant
509 1416 605 1451 Dion
624 1413 681 1450 lib.
702 1425 760 1451 LI.
788 1418 827 1451 δε
852 1414 1019 1452 Plutarch.
1066 1416 1137 1452 An·

110 1458 210 1501 toni'o
226 1490 238 1507 ‚
275 1478 315 1506 ac
333 1477 511 1508 nummus.
521 1474 703 1516 argenteus
721 1464 820 1508 Jubae
838 1465 980 1510 junioris
1000 1494 1012 1510 ‚
1052 1466 1138 1514 ejus·

99 2906 174 2946 ‘qne
191 2896 301 2933 uxoris
320 2924 331 2938 ,
360 2908 465 2945 quem
480 2925 491 2940 ‚
533 2907 600 2934 una
619 2910 699 2934 cum
719 2895 854 2937 duobus
871 2898 941 2937 aliis
966 2899 1031 2938 huc
1051 2902 1125 2952 spe-

1182 1814 1267 1854 stros
1295 1819 1440 1858 ostendit
1469 1826 1597 1860 Seneca
1620 1825 1677 1862 lib.
1705 1840 1782 1865 111.

2117 766 2213 799 cum

1191 816 1262 844 ton.
1308 820 1391 845 cum
1420 812 1526 858 Caius
1556 815 1697 852 Antonii
1727 829 1902 869 pronepos
1929 819 2031 858 fuerit
2053 851 2065 866 ,
2102 823 2217 860 Ptole-

1191 868 1300 894 maeus
1311 871 1441 908 ηεροδ,
1472 863 1527 900 hic
1544 878 1673 915 nempe
1693 879 1735 904 ex
1753 870 1827 913 ejus
1847 869 1917 906 filia
1929 870 2136 919 Cleopatra,
2160 874 2214 910 ille

1191 918 1232 943 ex
1250 920 1377 958 nepote
1396 913 1630 959 Germanico,
1661 917 1822 954 Antoniae
1854 921 1994 965 junioris
2016 920 2089 957 filio
2104 951 2115 964 ,
2155 936 2214 959 na-

1191 968 1262 1001 tus,
1294 960 1388 1009 larga
1411 963 1572 1001 vocabuli
1601 968 1673 1012 ejus
1694 965 1946 1017 significatione
1971 971 2214 1019 accipiendum

1191 1007 1238 1044 est
1255 1036 1266 1051 ‚
1311 1023 1392 1047 cum
1414 1025 1457 1049 ne
1474 1015 1564 1064 apud
1584 1016 1694 1058 JCtos
1716 1019 1860 1068 quidem
1877 1019 2057 1067 consobrini
2077 1021 2212 1072 semper

1191 1058 1334 1096 duarum
1364 1060 1521 1100 sororum
1553 1063 1644 1104 filios
1665 1066 1886 1118 significent,
1922 1069 1979 1106 sed
2006 1072 2112 1109 etiam
2129 1073 2213 1109 ulte-

1190 1110 1278 1146 riore
1298 1111 1415 1159 gradu.
1475 1116 1592 1153 Simile
1608 1117 1733 1168 aliquid
1750 1133 1791 1156 ex
1810 1121 1936 1157 Tacito
1956 1119 2015 1157 inf.
2034 1124 2119 1159 Ner.
2134 1134 2211 1172 cap.

1192 1173 1225 1198 v.
1255 1161 1438 1199 Ptolemaei
1458 1164 1558 1213 hujus
1577 1169 1741 1207 meminit
1759 1171 1864 1209 etiam
1887 1174 2017 1210 Seneca
2040 1171 2085 1209 de
2101 1176 2215 1212 Tran-

1190 1210 1281 1259 quill.
1302 1213 1380 1250 vitae
1403 1226 1475 1265 cap.
1490 1229 1546 1256 κι.

1213 1312 1222 1348 1
1244 1262 1314 1299 Sibi
1329 1265 1530 1314 occurrere.]
1581 1269 1688 1308 Liber
1713 1283 1786 1324 opt.
1804 1286 1947 1312 currere.
1985 1274 2080 1325 quod
2097 1277 2212 1326 magis

1189 1325 1211 1361 p
1225 1325 1312 1401 3:551!-
1317 1365 1514 1417 pluteum]
1562 1370 1670 1421 Qod
1682 1371 1838 1420 pluteum
1856 1377 1995 1412 Sueton.
2024 1374 2100 1412 leni
2110 1377 2211 1423 flm-

1187 1423 1256 1451 tem
1285 1416 1344 1464 (ni
1360 1416 1490 1466 fallor)
1523 1422 1673 1473 appellat
1687 1423 1849 1467 Juvenal.
1873 1428 2010 1464 sat.x1.

1299 1468 1363 1503 Sed
1381 1470 1471 1504 nudo
1493 1470 1619 1517 latere,
1645 1471 1835 1522 &parvis
1847 1477 1949 1522 frons
1965 1490 2046 1515 area
2061 1477 2153 1517 lestis

1301 1515 1371 1552 Vile
1387 1521 1539 1556 coronati
1554 1532 1654 1570 caput
1671 1522 1858 1569 ostendebat
1871 1526 1973 1573 aselli.

1179 1562 1300 1602 *Festus
1323 1569 1526 1616 generaliter
1536 1571 1666 1618 pluteos
1681 1575 1798 1611 vocari
1816 1576 1918 1612 tradit
1934 1576 2068 1616 tabulas
2083 1607 2095 1622 ,
2125 1580 2208 1629 ‘qui-

1189 1613 1253 1651 bus
1274 1616 1397 1667 aliquid
1417 1620 1620 1671 praesepitur.
1679 1624 1763 1672 Quo
1783 1623 1880 1662 sensu
1889 1626 2044 1673 pluteum
2061 1629 2137 1665 zecri
2152 1644 2207 1667 cu-

1185 1665 1344 1704 bicularis
1374 1671 1506 1721 accipio
1539 1673 1630 1722 apud
1660 1673 1859 1714 Martialem
1885 1675 1944 1714 lib.
1970 1691 2047 1716 111.
2088 1681 2201 1732 Epigr.

1181 1727 1285 1754 xL1x.

1239 1769 1304 1804 Aa!
1315 1770 1450 1819 pedes.]
1486 1772 1540 1809 Ad
1565 1774 1669 1824 pedes
1688 1773 1773 1813 stare
1791 1775 1907 1815 solitos
1926 1780 2077 1817 convivii
2103 1780 2206 1817 mini-

1854 1827 1899 1864 de
1916 1827 2097 1867 Beneficiis
2126 1841 2199 1880 cap.

1184 1879 1271 1906 xxv1
1284 1884 1311 1906 1.
1338 1875 1481 1916 Servus,
1515 1877 1574 1923 qui
1592 1878 1740 1912 coenanti
1759 1878 1807 1914 ad
1812 1878 1912 1925 pedes
1922 1878 2077 1925 steterat.
2124 1883 2207 1918 Sue-

1183 1930 1256 1957 ton.
1286 1920 1387 1959 Galb.
1407 1935 1478 1974 cap.
1490 1936 1555 1963 xxx
1567 1938 1595 1963 1.
1624 1927 1673 1962 ad
1680 1927 1781 1974 pedes
1783 1926 1970 1975 stantibus.

1490 2019 1522 2054 C
1551 2030 1574 2054 Α
1599 2031 1617 2055 s
1643 2030 1666 2054 Α
1695 2032 1721 2056 υ
1749 2031 1770 2056 Β
1800 2034 1824 2057 o
1851 2032 1889 2059 Ν.

1238 2092 1293 2124 26.
1317 2087 1490 2136 Qosdam
1496 2088 1642 2137 fiammis
1654 2089 1970 2139 honoribusfunffios
1978 2121 1990 2138 ,
2002 2093 2051 2131 ad
2061 2092 2202 2142 efficium

1179 2132 1239 2180 fibt
1258 2149 1424 2175 occurrere
1440 2149 1565 2188 togatos
1573 2149 1636 2188 per
1655 2141 1786 2191 aliquot
1789 2142 1946 2193 paffuum
1956 2144 2076 2182 millia.
2090 2143 2104 2193 ]
2116 2146 2203 2183 Scri·

1184 2183 1231 2220 bo
1251 2198 1435 2226 accurrere.
1473 2190 1514 2226 Id
1534 2191 1628 2227 enim
1647 2190 1839 2242 fignificat,
1865 2195 1959 2243 quod
1969 2197 2079 2232 Graeci
2089 2195 2200 2234 verbo

1183 2236 1371 2282 παραθέων
1390 2268 1404 2283 ,
1440 2252 1475 2276 ut
1501 2241 1695 2279 Plutarchus
1718 2244 1753 2279 in
1782 2244 1927 2281 Lucullo
1952 2245 1996 2281 de
2024 2246 2199 2294 Tigrane:

1182 2290 1342 2328 Βασιλεῖς
1359 2288 1397 2325 δὲ
1418 2292 1544 2326 πολλοὶ
1566 2291 1624 2335 μὲν
1642 2290 1725 2333 ἦσαν
1756 2292 1786 2328 οἱ
1821 2295 2064 2343 θεραπεύοντες
2084 2296 2197 2333 ἀυτόν·

1182 2339 1343 2386 vrso-rupee
1354 2338 1391 2374 δὲ
1413 2340 1455 2381 ἐς
1475 2342 1527 2376 ἀεὶ
1549 2342 1625 2388 περὶ
1646 2343 1742 2379 aiv-thr
1766 2342 1857 2390 εἶχεν
1882 2343 1999 2395 ἄση-εξ
2019 2345 2160 2387 ὀπῶδές
2181 2346 2202 2386 ἢ

1179 2384 1368 2436 δορυφόρες
1385 2420 1397 2435 ,
1424 2390 1558 2439 ἱππότῃ
1584 2392 1747 2429 ἐλαύνοντι
1764 2391 1878 2444 πεζές
1905 2395 2147 2443 παραθέοντας
2171 2399 2199 2432 ἓν

1178 2438 1404 2481 χιτωνίσκοις.
1459 2442 1632 2491 Appianus
1656 2456 1721 2493 pro
1745 2458 1788 2481 eo
1812 2446 1895 2481 dixit
1919 2447 2200 2497 παρατροχάζειν

1187 2501 1263 2525 ιιι.
1291 2490 1466 2527 Bellorum
1485 2493 1572 2530 civil.
1603 2497 1639 2529 ὁ(
1658 2496 1692 2530 in
1711 2495 1865 2543 Syriacis.
1909 2496 2080 2534 Lucianus
2091 2498 2199 2547 παρέ-

1179 2540 1314 2575 orso-‚90⁶1
1335 2544 1385 2587 τῷ
1401 2543 1536 2589 φορείῳ.
1564 2545 1745 2594 Eutropius
1757 2544 1815 2583 lib.
1834 2560 1882 2584 lx.
1911 2548 2033 2593 Pulfm
2044 2549 2199 2584 Galerius

1180 2587 1231 2630 Εἴ
1253 2591 1300 2625 ad
1317 2592 1569 2629 Diocletianum
1583 2594 1766 2641 proserius,
1795 2610 1901 2645 quum
1921 2599 1951 2633 ei
1966 2600 2003 2634 in
2020 2598 2140 2634 itinere
2149 2612 2198 2634 oc-

1180 2641 1348 2687 currisset,
1378 2651 1481 2677 tanta
1500 2643 1674 2690 insolentia
1693 2658 1715 2680 a
1738 2646 1948 2683 Diocletiano
1973 2648 2086 2687 fertur
2106 2662 2197 2684 exce-

1171 2696 1253 2734 ptus
1270 2718 1281 2732 ,
1317 2701 1355 2725 ut
1367 2699 1427 2738 per
1451 2692 1580 2740 aliquot
1593 2695 1745 2742 pafficum
1769 2696 1879 2731 millia
1898 2705 2104 2744 purpuratus
2127 2709 2198 2734 tra·

1176 2741 1282 2776 datur
1310 2741 1357 2776 ad
1383 2740 1578 2778 vehiculum
1605 2745 1789 2793 cucurriffi‘.

1848 2747 2020 2789 Juvenalis
2047 2748 2197 2786 eundem

1176 2803 1318 2828 morem
1336 2793 1443 2840 tangit
1461 2795 1577 2842 Satyra
1595 2807 1626 2830 x.

1518 2876 1531 2884 ·
1558 2878 1573 2884 -
1597 2878 1613 2884 -
1637 2857 1727 2892 Hinc
1742 2858 1960 2905 pracedentia
1975 2858 2062 2908 longi

1289 2905 1449 2952 Agminis
1463 2903 1569 2951 officia
1582 2934 1593 2949 ,
1615 2904 1667 2948 Εἴ
1688 2910 1803 2944 niveos
1821 2909 1869 2945 ad
1878 2908 1985 2954 frena
2005 2912 2168 2958 Qirites.

113 2945 277 2984 &antibus
293 2945 431 2983 allatum
453 2961 493 2984 ex
508 2947 620 2984 Africa
641 2977 652 2991 ,
683 2951 719 2984 δε
736 2949 781 2986 ab
798 2949 929 2987 Alvaro
950 2954 1096 2989 Nunnio
1112 2984 1124 2998 ,
1142 2967 1146 2985 ι
1176 2952 1270 2989 Vide
1295 2955 1496 2991 Suetonium
1521 2955 1577 2993 lib.
1596 2970 1636 2994 νι
1651 2971 1678 2993 ι.
1710 2958 1744 2993 in
1762 2958 1896 3002 Galba,
1928 2971 2000 3010 cap.
2015 2974 2073 2997 v1.
2103 2974 2199 2999 erant

110 2997 186 3032 ⁷rii-o
215 2997 284 3045 pari
312 2998 474 3033 comitate
510 3010 550 3034 ac
584 2998 769 3042 docmina,
809 3001 894 3036 milui
930 3001 1118 3047 donatum,

113 3047 290 3083 memoriae
316 3046 410 3083 causa
437 3048 488 3084 his
517 3051 779 3086 commentariis
806 3051 959 3101 imprimi
998 3056 1123 3091 curavi.

112 3097 221 3135 Porro
237 3095 329 3148 quod
339 3097 568 3136 Ptolemaemn
586 3099 663 3144 Caji
680 3099 905 3149 confhbrinum
922 3114 1027 3142 vocat
1041 3107 1124 3142 Sue-

1175 3016 1260 3039 vero
1277 3003 1359 3047 alii,
1390 3007 1448 3054 qui
1468 3006 1727 3054 praecederent:
1752 3008 1795 3046 de
1816 3010 1939 3061 quibus
1964 3010 2043 3048 alibi
2068 3014 2200 3053 notavi-2

1177 3066 1296 3141 111de
1307 3105 1408 3154 pedes
1417 3105 1510 3155 stare
1526 3108 1863 3197 succim‘giilgnteo]
1888 3116 1928 3150 Et
1940 3113 1974 3152 in
1982 3112 2079 3150 sacris
2090 3126 2209 3202 pongz
