<?xml version="1.0" encoding="UTF-8"?>
<!DOCTYPE html PUBLIC "-//W3C//DTD XHTML 1.0 Transitional//EN"
    "http://www.w3.org/TR/xhtml1/DTD/xhtml1-transitional.dtd">
<html xmlns="http://www.w3.org/1999/xhtml" xml:lang="en" lang="en">
 <head>
  <title>
</title>
<meta http-equiv="Content-Type" content="text/html;charset=utf-8" />
  <meta name='ocr-system' content='tesseract 3.04.00' />
  <meta name='ocr-capabilities' content='ocr_page ocr_carea ocr_par ocr_line ocrx_word'/>
</head>
<body>
  <div class='ocr_page' id='page_1' title='image "./csuetoniustranqu00suet_0257.png"; bbox 0 0 2504 3425; ppageno 0'>
   <div class='ocr_carea' id='block_1_1' title="bbox 44 284 96 330">
    <p class='ocr_par' dir='ltr' id='par_1_1' title="bbox 44 284 96 330">
     <span class='ocr_line' id='line_1_1' title="bbox 44 284 96 330; baseline 0.058 -3"><span class='ocrx_word' id='word_1_1' title='bbox 44 284 96 330; x_wconf 80' lang='lat'>73</span> 
     </span>
    </p>
   </div>
   <div class='ocr_carea' id='block_1_2' title="bbox 336 151 2240 315">
    <p class='ocr_par' dir='ltr' id='par_1_2' title="bbox 336 151 2240 315">
     <span class='ocr_line' id='line_1_2' title="bbox 467 151 1903 214; baseline -0.008 0"><span class='ocrx_word' id='word_1_2' title='bbox 467 159 539 214; x_wconf 89' lang='lat' dir='ltr'>D.</span> <span class='ocrx_word' id='word_1_3' title='bbox 594 157 720 214; x_wconf 88' lang='lat' dir='ltr'>Oc</span> <span class='ocrx_word' id='word_1_4' title='bbox 759 173 950 213; x_wconf 53' lang='lat' dir='ltr'>Tuv.</span> <span class='ocrx_word' id='word_1_5' title='bbox 1010 154 1338 210; x_wconf 65' lang='lat' dir='ltr'>&#39;‘CA-:SAR</span> <span class='ocrx_word' id='word_1_6' title='bbox 1401 151 1903 206; x_wconf 77' lang='lat' dir='ltr'>AUGUSTUS.</span> 
     </span>
     <span class='ocr_line' id='line_1_3' title="bbox 336 242 2240 315; baseline -0.005 -15"><span class='ocrx_word' id='word_1_7' title='bbox 336 251 526 299; x_wconf 86' lang='lat' dir='ltr'>membra</span> <span class='ocrx_word' id='word_1_8' title='bbox 557 250 843 315; x_wconf 75' lang='lat' dir='ltr'>praegrandia,</span> <span class='ocrx_word' id='word_1_9' title='bbox 880 266 971 315; x_wconf 88' lang='lat' dir='ltr'>quae</span> <span class='ocrx_word' id='word_1_10' title='bbox 1006 249 1203 294; x_wconf 85' lang='lat' dir='ltr'>dicuntur</span> <span class='ocrx_word' id='word_1_11' title='bbox 1235 246 1477 309; x_wconf 84' lang='lat' dir='ltr'>Gigantum</span> <span class='ocrx_word' id='word_1_12' title='bbox 1511 242 1592 290; x_wconf 81' lang='lat' dir='ltr'>offa</span> <span class='ocrx_word' id='word_1_13' title='bbox 1613 279 1627 300; x_wconf 92' lang='lat'><strong>,</strong></span> <span class='ocrx_word' id='word_1_14' title='bbox 1660 246 1706 288; x_wconf 75' lang='grc' dir='ltr'>δε</span> <span class='ocrx_word' id='word_1_15' title='bbox 1742 259 1853 289; x_wconf 85' lang='lat' dir='ltr'>arma</span> <span class='ocrx_word' id='word_1_16' title='bbox 1884 243 2095 289; x_wconf 84' lang='lat' dir='ltr'><strong>Heroum.</strong></span> <span class='ocrx_word' id='word_1_17' title='bbox 2158 249 2240 290; x_wconf 81' lang='lat' dir='ltr'>In-</span> 
     </span>
    </p>
   </div>
   <div class='ocr_carea' id='block_1_3' title="bbox 128 271 302 319">
    <p class='ocr_par' dir='ltr' id='par_1_3' title="bbox 128 271 302 319">
     <span class='ocr_line' id='line_1_4' title="bbox 128 271 302 319; baseline -0.011 -14"><span class='ocrx_word' id='word_1_18' title='bbox 128 271 302 319; x_wconf 82' lang='lat' dir='ltr'>rumque</span> 
     </span>
    </p>
   </div>
   <div class='ocr_carea' id='block_1_4' title="bbox 2122 165 2228 222">
    <p class='ocr_par' dir='ltr' id='par_1_4' title="bbox 2122 165 2228 222">
     <span class='ocr_line' id='line_1_5' title="bbox 2122 165 2228 222; baseline 0 0"><span class='ocrx_word' id='word_1_19' title='bbox 2122 165 2228 222; x_wconf 78' lang='lat'>²35</span> 
     </span>
    </p>
   </div>
   <div class='ocr_carea' id='block_1_5' title="bbox 127 306 2238 500">
    <p class='ocr_par' dir='ltr' id='par_1_5' title="bbox 127 306 2238 500">
     <span class='ocr_line' id='line_1_6' title="bbox 127 306 2238 381; baseline -0.006 -14"><span class='ocrx_word' id='word_1_20' title='bbox 127 319 345 368; x_wconf 78' lang='lat' dir='ltr'>strumenti</span> <span class='ocrx_word' id='word_1_21' title='bbox 365 322 453 377; x_wconf 87' lang='lat' dir='ltr'>ejus</span> <span class='ocrx_word' id='word_1_22' title='bbox 476 321 522 364; x_wconf 76' lang='grc' dir='ltr'>δε</span> <span class='ocrx_word' id='word_1_23' title='bbox 544 316 807 380; x_wconf 72' lang='lat' dir='ltr'>supelleffilis</span> <span class='ocrx_word' id='word_1_24' title='bbox 834 315 1093 377; x_wconf 84' lang='lat' dir='ltr'>parcimonia</span> <span class='ocrx_word' id='word_1_25' title='bbox 1117 324 1282 374; x_wconf 86' lang='lat' dir='ltr'>apparet</span> <span class='ocrx_word' id='word_1_26' title='bbox 1303 311 1427 355; x_wconf 84' lang='lat' dir='ltr'>etiarn</span> <span class='ocrx_word' id='word_1_27' title='bbox 1451 324 1591 365; x_wconf 89' lang='lat' dir='ltr'>nunc,</span> <span class='ocrx_word' id='word_1_28' title='bbox 1626 306 1796 354; x_wconf 80' lang='lat' dir='ltr'>residuis</span> <span class='ocrx_word' id='word_1_29' title='bbox 1820 307 1937 381; x_wconf 62' lang='lat' dir='ltr'>letstis</span> <span class='ocrx_word' id='word_1_30' title='bbox 1957 322 2084 371; x_wconf 84' lang='lat' dir='ltr'>atque</span> <span class='ocrx_word' id='word_1_31' title='bbox 2111 325 2238 354; x_wconf 89' lang='lat' dir='ltr'>men-</span> 
     </span>
     <span class='ocr_line' id='line_1_7' title="bbox 129 370 2234 447; baseline -0.007 -15"><span class='ocrx_word' id='word_1_32' title='bbox 129 385 204 442; x_wconf 85' lang='lat' dir='ltr'>sis,</span> <span class='ocrx_word' id='word_1_33' title='bbox 235 399 418 447; x_wconf 85' lang='lat' dir='ltr'>quorum</span> <span class='ocrx_word' id='word_1_34' title='bbox 439 383 636 445; x_wconf 87' lang='lat' dir='ltr'>pleraque</span> <span class='ocrx_word' id='word_1_35' title='bbox 663 382 732 427; x_wconf 80' lang='lat' dir='ltr'>vix</span> <span class='ocrx_word' id='word_1_36' title='bbox 757 381 922 442; x_wconf 73' lang='lat' dir='ltr'>privatae</span> <span class='ocrx_word' id='word_1_37' title='bbox 943 378 1158 440; x_wconf 86' lang='lat' dir='ltr'>elegantiae</span> <span class='ocrx_word' id='word_1_38' title='bbox 1178 374 1272 421; x_wconf 80' lang='lat' dir='ltr'>siut.</span> <span class='ocrx_word' id='word_1_39' title='bbox 1338 376 1413 419; x_wconf 89' lang='lat' dir='ltr'>Ne</span> <span class='ocrx_word' id='word_1_40' title='bbox 1433 387 1530 419; x_wconf 85' lang='lat' dir='ltr'>toro</span> <span class='ocrx_word' id='word_1_41' title='bbox 1552 372 1726 446; x_wconf 79' lang='lat' dir='ltr'>quidem</span> <span class='ocrx_word' id='word_1_42' title='bbox 1749 370 1932 418; x_wconf 75' lang='lat' dir='ltr'>cubuiffe</span> <span class='ocrx_word' id='word_1_43' title='bbox 1956 376 2071 431; x_wconf 85' lang='lat' dir='ltr'>ajunt</span> <span class='ocrx_word' id='word_1_44' title='bbox 2095 407 2111 429; x_wconf 87' lang='lat'>,</span> <span class='ocrx_word' id='word_1_45' title='bbox 2157 371 2234 419; x_wconf 83' lang='lat' dir='ltr'>nisi</span> 
     </span>
     <span class='ocr_line' id='line_1_8' title="bbox 129 433 2233 500; baseline -0.006 -5"><span class='ocrx_word' id='word_1_46' title='bbox 129 449 280 496; x_wconf 82' lang='lat' dir='ltr'>humili</span> <span class='ocrx_word' id='word_1_47' title='bbox 304 452 349 493; x_wconf 87' lang='lat'>&amp;</span> <span class='ocrx_word' id='word_1_48' title='bbox 374 445 540 492; x_wconf 88' lang='lat' dir='ltr'>modice</span> <span class='ocrx_word' id='word_1_49' title='bbox 563 444 745 492; x_wconf 90' lang='lat' dir='ltr'>instrato.</span> <span class='ocrx_word' id='word_1_50' title='bbox 811 443 943 489; x_wconf 87' lang='lat' dir='ltr'>Veste</span> <span class='ocrx_word' id='word_1_51' title='bbox 969 458 1058 487; x_wconf 90' lang='lat' dir='ltr'>non</span> <span class='ocrx_word' id='word_1_52' title='bbox 1074 455 1231 486; x_wconf 85' lang='lat' dir='ltr'>temere</span> <span class='ocrx_word' id='word_1_53' title='bbox 1256 438 1334 484; x_wconf 88' lang='lat' dir='ltr'>alia</span> <span class='ocrx_word' id='word_1_54' title='bbox 1355 454 1482 500; x_wconf 88' lang='lat' dir='ltr'>quam</span> <span class='ocrx_word' id='word_1_55' title='bbox 1500 434 1728 482; x_wconf 83' lang='lat' dir='ltr'>domestica</span> <span class='ocrx_word' id='word_1_56' title='bbox 1751 434 1843 481; x_wconf 90' lang='lat' dir='ltr'>usus</span> <span class='ocrx_word' id='word_1_57' title='bbox 1867 433 1949 491; x_wconf 91' lang='lat' dir='ltr'>est,</span> <span class='ocrx_word' id='word_1_58' title='bbox 1983 435 2036 481; x_wconf 87' lang='lat' dir='ltr'>ab</span> <span class='ocrx_word' id='word_1_59' title='bbox 2049 440 2233 482; x_wconf 86' lang='lat' dir='ltr'>uxore&amp;</span> 
     </span>
    </p>
   </div>
   <div class='ocr_carea' id='block_1_6' title="bbox 133 498 2235 574">
    <p class='ocr_par' dir='ltr' id='par_1_6' title="bbox 133 498 2235 574">
     <span class='ocr_line' id='line_1_9' title="bbox 133 498 2235 574; baseline -0.007 -16"><span class='ocrx_word' id='word_1_60' title='bbox 133 512 322 560; x_wconf 87' lang='lat' dir='ltr'>sorore&amp;</span> <span class='ocrx_word' id='word_1_61' title='bbox 335 510 420 558; x_wconf 83' lang='lat' dir='ltr'>filia</span> <span class='ocrx_word' id='word_1_62' title='bbox 436 507 714 574; x_wconf 83' lang='lat' dir='ltr'>neptibusque</span> <span class='ocrx_word' id='word_1_63' title='bbox 728 505 944 555; x_wconf 57' lang='lat' dir='ltr'>confeffta:</span> <span class='ocrx_word' id='word_1_64' title='bbox 969 507 1079 569; x_wconf 85' lang='lat' dir='ltr'>togis</span> <span class='ocrx_word' id='word_1_65' title='bbox 1091 540 1106 563; x_wconf 87' lang='lat'>,</span> <span class='ocrx_word' id='word_1_66' title='bbox 1127 519 1266 566; x_wconf 89' lang='lat' dir='ltr'>neque</span> <span class='ocrx_word' id='word_1_67' title='bbox 1286 500 1483 547; x_wconf 73' lang='lat' dir='ltr'>restrietis</span> <span class='ocrx_word' id='word_1_68' title='bbox 1503 517 1644 563; x_wconf 88' lang='lat' dir='ltr'>neque</span> <span class='ocrx_word' id='word_1_69' title='bbox 1668 498 1788 547; x_wconf 79' lang='lat' dir='ltr'>fusis:</span> <span class='ocrx_word' id='word_1_70' title='bbox 1813 500 1932 547; x_wconf 88' lang='lat' dir='ltr'>clavo</span> <span class='ocrx_word' id='word_1_71' title='bbox 1944 515 2048 557; x_wconf 90' lang='lat' dir='ltr'>‚nec</span> <span class='ocrx_word' id='word_1_72' title='bbox 2062 501 2145 546; x_wconf 88' lang='lat' dir='ltr'>lato</span> <span class='ocrx_word' id='word_1_73' title='bbox 2156 514 2235 545; x_wconf 90' lang='lat' dir='ltr'>nec</span> 
     </span>
    </p>
   </div>
   <div class='ocr_carea' id='block_1_7' title="bbox 448 650 826 685">
    <p class='ocr_par' dir='ltr' id='par_1_7' title="bbox 448 650 826 685">
     <span class='ocr_line' id='line_1_10' title="bbox 448 650 826 685; baseline -0.008 0"><span class='ocrx_word' id='word_1_74' title='bbox 448 650 826 685; x_wconf 66' lang='lat' dir='ltr'>Tonnnnr.</span> 
     </span>
    </p>
   </div>
   <div class='ocr_carea' id='block_1_8' title="bbox 135 709 1173 2171">
    <p class='ocr_par' dir='ltr' id='par_1_8' title="bbox 135 709 1159 966">
     <span class='ocr_line' id='line_1_11' title="bbox 187 709 1159 764; baseline -0.008 -11"><span class='ocrx_word' id='word_1_75' title='bbox 187 716 270 763; x_wconf 61' lang='lat' dir='ltr'>Qu</span> <span class='ocrx_word' id='word_1_76' title='bbox 287 716 447 754; x_wconf 63' lang='lat' dir='ltr'>dicuntur</span> <span class='ocrx_word' id='word_1_77' title='bbox 460 715 638 764; x_wconf 68' lang='lat' dir='ltr'>gigantum</span> <span class='ocrx_word' id='word_1_78' title='bbox 657 713 757 764; x_wconf 61' lang='lat' dir='ltr'>offas]</span> <span class='ocrx_word' id='word_1_79' title='bbox 804 712 908 750; x_wconf 82' lang='lat' dir='ltr'>Idem</span> <span class='ocrx_word' id='word_1_80' title='bbox 928 710 1013 748; x_wconf 88' lang='lat' dir='ltr'>liber</span> <span class='ocrx_word' id='word_1_81' title='bbox 1038 709 1159 758; x_wconf 73' lang='lat' dir='ltr'>gigun-</span> 
     </span>
     <span class='ocr_line' id='line_1_12' title="bbox 135 759 1159 813; baseline -0.006 -12"><span class='ocrx_word' id='word_1_82' title='bbox 135 764 236 802; x_wconf 77' lang='lat' dir='ltr'>tt&#39;um.</span> <span class='ocrx_word' id='word_1_83' title='bbox 281 766 414 804; x_wconf 91' lang='lat' dir='ltr'>Bellum</span> <span class='ocrx_word' id='word_1_84' title='bbox 432 774 549 802; x_wconf 88' lang='lat' dir='ltr'>autem</span> <span class='ocrx_word' id='word_1_85' title='bbox 567 764 725 802; x_wconf 89' lang='lat' dir='ltr'>adversus</span> <span class='ocrx_word' id='word_1_86' title='bbox 742 765 898 813; x_wconf 78' lang='lat' dir='ltr'>gigantes</span> <span class='ocrx_word' id='word_1_87' title='bbox 910 762 1043 810; x_wconf 82' lang='lat' dir='ltr'>campis</span> <span class='ocrx_word' id='word_1_88' title='bbox 1059 759 1159 796; x_wconf 85' lang='lat' dir='ltr'>Phle-</span> 
     </span>
     <span class='ocr_line' id='line_1_13' title="bbox 136 809 1157 867; baseline -0.006 -15"><span class='ocrx_word' id='word_1_89' title='bbox 136 816 235 864; x_wconf 76' lang='lat' dir='ltr'>graeis</span> <span class='ocrx_word' id='word_1_90' title='bbox 243 817 279 852; x_wconf 89' lang='lat' dir='ltr'>in</span> <span class='ocrx_word' id='word_1_91' title='bbox 289 816 480 867; x_wconf 80' lang='lat' dir='ltr'>Campania</span> <span class='ocrx_word' id='word_1_92' title='bbox 489 842 501 859; x_wconf 91' lang='lat'>,</span> <span class='ocrx_word' id='word_1_93' title='bbox 529 813 556 851; x_wconf 83' lang='lat' dir='ltr'><strong>fi</strong></span> <span class='ocrx_word' id='word_1_94' title='bbox 574 814 733 852; x_wconf 82' lang='lat' dir='ltr'>Straboni</span> <span class='ocrx_word' id='word_1_95' title='bbox 749 818 787 851; x_wconf 71' lang='grc' dir='ltr'>ὃ(</span> <span class='ocrx_word' id='word_1_96' title='bbox 797 812 961 849; x_wconf 91' lang='lat' dir='ltr'>Diodoro</span> <span class='ocrx_word' id='word_1_97' title='bbox 972 809 1157 865; x_wconf 65' lang='lat' dir='ltr'>eredimus,</span> 
     </span>
     <span class='ocr_line' id='line_1_14' title="bbox 138 858 1158 904; baseline -0.007 -2"><span class='ocrx_word' id='word_1_98' title='bbox 138 865 286 903; x_wconf 83' lang='lat' dir='ltr'>confecit</span> <span class='ocrx_word' id='word_1_99' title='bbox 305 865 479 904; x_wconf 81' lang='lat' dir='ltr'>Hercules,</span> <span class='ocrx_word' id='word_1_100' title='bbox 515 864 608 902; x_wconf 82' lang='lat' dir='ltr'>Hinc</span> <span class='ocrx_word' id='word_1_101' title='bbox 626 864 670 902; x_wconf 90' lang='lat' dir='ltr'>de</span> <span class='ocrx_word' id='word_1_102' title='bbox 688 877 813 902; x_wconf 87' lang='lat' dir='ltr'>eorum</span> <span class='ocrx_word' id='word_1_103' title='bbox 830 860 961 900; x_wconf 85' lang='lat' dir='ltr'>offibus</span> <span class='ocrx_word' id='word_1_104' title='bbox 975 859 1091 897; x_wconf 73' lang='lat' dir='ltr'>fabula</span> <span class='ocrx_word' id='word_1_105' title='bbox 1113 858 1158 896; x_wconf 89' lang='lat' dir='ltr'>ad</span> 
     </span>
     <span class='ocr_line' id='line_1_15' title="bbox 135 914 827 966; baseline -0.001 -14"><span class='ocrx_word' id='word_1_106' title='bbox 135 915 295 953; x_wconf 86' lang='lat' dir='ltr'>nostrum</span> <span class='ocrx_word' id='word_1_107' title='bbox 303 916 404 966; x_wconf 89' lang='lat' dir='ltr'>usque</span> <span class='ocrx_word' id='word_1_108' title='bbox 415 914 574 953; x_wconf 82' lang='lat' dir='ltr'>saeculum</span> <span class='ocrx_word' id='word_1_109' title='bbox 583 914 783 954; x_wconf 80' lang='lat' dir='ltr'>dimanavit.</span> <span class='ocrx_word' id='word_1_110' title='bbox 823 926 827 940; x_wconf 77' lang='grc'>’-</span> 
     </span>
    </p>

    <p class='ocr_par' dir='ltr' id='par_1_9' title="bbox 138 960 1160 1168">
     <span class='ocr_line' id='line_1_16' title="bbox 194 960 1160 1015; baseline -0.006 -13"><span class='ocrx_word' id='word_1_111' title='bbox 194 979 250 1011; x_wconf 89' lang='lat'>73.</span> <span class='ocrx_word' id='word_1_112' title='bbox 279 964 427 1014; x_wconf 73' lang='lat' dir='ltr'>Refiduis</span> <span class='ocrx_word' id='word_1_113' title='bbox 452 965 546 1002; x_wconf 55' lang='lat' dir='ltr'>lectis</span> <span class='ocrx_word' id='word_1_114' title='bbox 572 976 677 1015; x_wconf 82' lang='lat' dir='ltr'>atque</span> <span class='ocrx_word' id='word_1_115' title='bbox 693 963 852 1014; x_wconf 59' lang='lat' dir='ltr'>meast-n]</span> <span class='ocrx_word' id='word_1_116' title='bbox 913 962 1043 999; x_wconf 65' lang='lat' dir='ltr'>Lectos</span> <span class='ocrx_word' id='word_1_117' title='bbox 1060 960 1160 998; x_wconf 87' lang='lat' dir='ltr'>tricli-</span> 
     </span>
     <span class='ocr_line' id='line_1_17' title="bbox 138 1010 1160 1066; baseline -0.003 -16"><span class='ocrx_word' id='word_1_118' title='bbox 138 1026 238 1051; x_wconf 87' lang='lat' dir='ltr'>nares</span> <span class='ocrx_word' id='word_1_119' title='bbox 254 1015 408 1053; x_wconf 80' lang='lat' dir='ltr'>intellioit</span> <span class='ocrx_word' id='word_1_120' title='bbox 425 1044 437 1060; x_wconf 89' lang='lat'>,</span> <span class='ocrx_word' id='word_1_121' title='bbox 475 1015 659 1066; x_wconf 86' lang='lat' dir='ltr'>postquam</span> <span class='ocrx_word' id='word_1_122' title='bbox 675 1014 813 1053; x_wconf 84' lang='lat' dir='ltr'>mensas</span> <span class='ocrx_word' id='word_1_123' title='bbox 828 1012 984 1062; x_wconf 76' lang='lat' dir='ltr'>adjungit</span> <span class='ocrx_word' id='word_1_124' title='bbox 1001 1030 1011 1056; x_wconf 79' lang='lat'>5</span> <span class='ocrx_word' id='word_1_125' title='bbox 1035 1023 1092 1064; x_wconf 25' lang='lat' dir='ltr'>*ut</span> <span class='ocrx_word' id='word_1_126' title='bbox 1117 1010 1160 1047; x_wconf 89' lang='lat' dir='ltr'>de</span> 
     </span>
     <span class='ocr_line' id='line_1_18' title="bbox 139 1047 1160 1116; baseline -0.003 -15"><span class='ocrx_word' id='word_1_127' title='bbox 139 1077 220 1101; x_wconf 87' lang='lat' dir='ltr'>toro</span> <span class='ocrx_word' id='word_1_128' title='bbox 237 1065 332 1115; x_wconf 88' lang='lat' dir='ltr'>quod</span> <span class='ocrx_word' id='word_1_129' title='bbox 359 1047 506 1116; x_wconf 65' lang='lat' dir='ltr'>sequitur</span> <span class='ocrx_word' id='word_1_130' title='bbox 523 1066 569 1103; x_wconf 87' lang='lat' dir='ltr'>ad</span> <span class='ocrx_word' id='word_1_131' title='bbox 588 1065 819 1104; x_wconf 82' lang='lat' dir='ltr'>cubicularem</span> <span class='ocrx_word' id='word_1_132' title='bbox 835 1064 964 1101; x_wconf 71' lang='lat' dir='ltr'>lec‘izum</span> <span class='ocrx_word' id='word_1_133' title='bbox 985 1062 1160 1099; x_wconf 72' lang='lat' dir='ltr'>reseratur.</span> 
     </span>
     <span class='ocr_line' id='line_1_19' title="bbox 143 1114 1048 1168; baseline -0.002 -17"><span class='ocrx_word' id='word_1_134' title='bbox 143 1114 243 1152; x_wconf 86' lang='lat' dir='ltr'>Plura</span> <span class='ocrx_word' id='word_1_135' title='bbox 252 1119 287 1154; x_wconf 91' lang='lat' dir='ltr'>in</span> <span class='ocrx_word' id='word_1_136' title='bbox 297 1117 485 1155; x_wconf 82' lang='lat' dir='ltr'>Horatium</span> <span class='ocrx_word' id='word_1_137' title='bbox 496 1118 615 1156; x_wconf 87' lang='lat' dir='ltr'>notavi</span> <span class='ocrx_word' id='word_1_138' title='bbox 627 1116 729 1168; x_wconf 86' lang='lat' dir='ltr'>Epist.</span> <span class='ocrx_word' id='word_1_139' title='bbox 751 1115 796 1153; x_wconf 84' lang='lat' dir='ltr'>ad</span> <span class='ocrx_word' id='word_1_140' title='bbox 804 1117 1026 1165; x_wconf 78' lang='lat' dir='ltr'>Torquatum</span> <span class='ocrx_word' id='word_1_141' title='bbox 1038 1127 1048 1150; x_wconf 76' lang='lat' dir='ltr'><strong><em>z</em></strong></span> 
     </span>
    </p>

    <p class='ocr_par' dir='ltr' id='par_1_10' title="bbox 242 1162 1074 1217">
     <span class='ocr_line' id='line_1_20' title="bbox 242 1162 1074 1217; baseline -0.001 -15"><span class='ocrx_word' id='word_1_142' title='bbox 242 1167 277 1204; x_wconf 88' lang='lat' dir='ltr'>Si</span> <span class='ocrx_word' id='word_1_143' title='bbox 287 1176 379 1217; x_wconf 75' lang='lat' dir='ltr'>potes</span> <span class='ocrx_word' id='word_1_144' title='bbox 396 1166 579 1205; x_wconf 81' lang='lat' dir='ltr'>Archiacis</span> <span class='ocrx_word' id='word_1_145' title='bbox 596 1168 748 1204; x_wconf 78' lang='lat' dir='ltr'>conviva</span> <span class='ocrx_word' id='word_1_146' title='bbox 766 1165 953 1203; x_wconf 84' lang='lat' dir='ltr'>recumbere</span> <span class='ocrx_word' id='word_1_147' title='bbox 971 1162 1074 1201; x_wconf 65' lang='lat' dir='ltr'>lestis.</span> 
     </span>
    </p>

    <p class='ocr_par' dir='ltr' id='par_1_11' title="bbox 141 1211 1165 1568">
     <span class='ocr_line' id='line_1_21' title="bbox 193 1211 1163 1268; baseline -0.003 -16"><span class='ocrx_word' id='word_1_148' title='bbox 193 1217 283 1265; x_wconf 78' lang='lat' dir='ltr'>Veste</span> <span class='ocrx_word' id='word_1_149' title='bbox 291 1230 358 1255; x_wconf 82' lang='lat' dir='ltr'>non</span> <span class='ocrx_word' id='word_1_150' title='bbox 367 1227 489 1254; x_wconf 85' lang='lat' dir='ltr'>temere</span> <span class='ocrx_word' id='word_1_151' title='bbox 498 1216 573 1254; x_wconf 74' lang='lat' dir='ltr'>alia</span> <span class='ocrx_word' id='word_1_152' title='bbox 583 1230 688 1268; x_wconf 77' lang='lat' dir='ltr'>quam</span> <span class='ocrx_word' id='word_1_153' title='bbox 698 1216 884 1264; x_wconf 75' lang='lat' dir='ltr'>domestica.</span> <span class='ocrx_word' id='word_1_154' title='bbox 896 1216 913 1264; x_wconf 93' lang='lat'>]</span> <span class='ocrx_word' id='word_1_155' title='bbox 928 1213 1051 1252; x_wconf 85' lang='lat' dir='ltr'>Malim</span> <span class='ocrx_word' id='word_1_156' title='bbox 1059 1211 1163 1250; x_wconf 86' lang='lat' dir='ltr'>trans-</span> 
     </span>
     <span class='ocr_line' id='line_1_22' title="bbox 141 1262 1163 1319; baseline -0.003 -17"><span class='ocrx_word' id='word_1_157' title='bbox 141 1264 259 1317; x_wconf 79' lang='lat' dir='ltr'>positis</span> <span class='ocrx_word' id='word_1_158' title='bbox 269 1268 382 1307; x_wconf 84' lang='lat' dir='ltr'>verbis</span> <span class='ocrx_word' id='word_1_159' title='bbox 392 1269 437 1305; x_wconf 87' lang='lat' dir='ltr'>ita</span> <span class='ocrx_word' id='word_1_160' title='bbox 445 1268 583 1319; x_wconf 77' lang='lat' dir='ltr'>legere:</span> <span class='ocrx_word' id='word_1_161' title='bbox 613 1268 698 1316; x_wconf 85' lang='lat' dir='ltr'>Veste</span> <span class='ocrx_word' id='word_1_162' title='bbox 717 1282 782 1304; x_wconf 82' lang='lat' dir='ltr'>non</span> <span class='ocrx_word' id='word_1_163' title='bbox 802 1277 925 1305; x_wconf 87' lang='lat' dir='ltr'>temere</span> <span class='ocrx_word' id='word_1_164' title='bbox 933 1265 1006 1302; x_wconf 73' lang='lat' dir='ltr'>alia</span> <span class='ocrx_word' id='word_1_165' title='bbox 1014 1262 1163 1311; x_wconf 83' lang='lat' dir='ltr'>domesti-</span> 
     </span>
     <span class='ocr_line' id='line_1_23' title="bbox 141 1313 1164 1368; baseline -0.005 -14"><span class='ocrx_word' id='word_1_166' title='bbox 141 1329 182 1354; x_wconf 79' lang='lat' dir='ltr'>ca</span> <span class='ocrx_word' id='word_1_167' title='bbox 195 1318 269 1366; x_wconf 70' lang='lat' dir='ltr'>astes</span> <span class='ocrx_word' id='word_1_168' title='bbox 283 1317 325 1366; x_wconf 79' lang='lat' dir='ltr'>est</span> <span class='ocrx_word' id='word_1_169' title='bbox 332 1330 439 1368; x_wconf 80' lang='lat' dir='ltr'>quam</span> <span class='ocrx_word' id='word_1_170' title='bbox 451 1320 626 1363; x_wconf 78' lang='lat' dir='ltr'>abuxore,</span> <span class='ocrx_word' id='word_1_171' title='bbox 655 1316 708 1362; x_wconf 54' lang='grc' dir='ltr'>Εἴ</span> <span class='ocrx_word' id='word_1_172' title='bbox 712 1317 842 1366; x_wconf 85' lang='lat' dir='ltr'>sorore,</span> <span class='ocrx_word' id='word_1_173' title='bbox 853 1318 931 1363; x_wconf 84' lang='lat' dir='ltr'>vel,</span> <span class='ocrx_word' id='word_1_174' title='bbox 946 1327 983 1355; x_wconf 91' lang='lat' dir='ltr'>ut</span> <span class='ocrx_word' id='word_1_175' title='bbox 998 1316 1034 1352; x_wconf 87' lang='lat' dir='ltr'>in</span> <span class='ocrx_word' id='word_1_176' title='bbox 1045 1327 1106 1352; x_wconf 74' lang='lat' dir='ltr'>ms,</span> <span class='ocrx_word' id='word_1_177' title='bbox 1118 1313 1164 1350; x_wconf 88' lang='lat' dir='ltr'>le-</span> 
     </span>
     <span class='ocr_line' id='line_1_24' title="bbox 144 1364 1162 1418; baseline -0.005 -14"><span class='ocrx_word' id='word_1_178' title='bbox 144 1368 233 1418; x_wconf 81' lang='lat' dir='ltr'>gitur</span> <span class='ocrx_word' id='word_1_179' title='bbox 250 1395 263 1412; x_wconf 93' lang='lat'>,</span> <span class='ocrx_word' id='word_1_180' title='bbox 289 1369 454 1418; x_wconf 69' lang='lat' dir='ltr'>abffirore</span> <span class='ocrx_word' id='word_1_181' title='bbox 471 1397 484 1413; x_wconf 89' lang='lat'>‚</span> <span class='ocrx_word' id='word_1_182' title='bbox 525 1367 580 1412; x_wconf 67' lang='lat'>[3⁴</span> <span class='ocrx_word' id='word_1_183' title='bbox 592 1380 716 1414; x_wconf 79' lang='lat' dir='ltr'>uxore,</span> <span class='ocrx_word' id='word_1_184' title='bbox 755 1367 806 1412; x_wconf 53' lang='grc' dir='ltr'>Εἴ</span> <span class='ocrx_word' id='word_1_185' title='bbox 818 1368 918 1416; x_wconf 84' lang='lat' dir='ltr'><em>fil1&#39;a,</em></span> <span class='ocrx_word' id='word_1_186' title='bbox 949 1364 1162 1414; x_wconf 75' lang='lat' dir='ltr'>neptibusque</span> 
     </span>
     <span class='ocr_line' id='line_1_25' title="bbox 144 1415 1160 1470; baseline -0.002 -17"><span class='ocrx_word' id='word_1_187' title='bbox 144 1418 304 1464; x_wconf 62' lang='lat' dir='ltr'>confiela.</span> <span class='ocrx_word' id='word_1_188' title='bbox 360 1420 472 1470; x_wconf 87' lang='lat' dir='ltr'>Atque</span> <span class='ocrx_word' id='word_1_189' title='bbox 497 1420 544 1456; x_wconf 87' lang='lat' dir='ltr'>ita</span> <span class='ocrx_word' id='word_1_190' title='bbox 562 1418 771 1466; x_wconf 75' lang='lat' dir='ltr'>domesticam</span> <span class='ocrx_word' id='word_1_191' title='bbox 788 1419 928 1457; x_wconf 88' lang='lat' dir='ltr'>vocabit</span> <span class='ocrx_word' id='word_1_192' title='bbox 943 1415 1077 1456; x_wconf 85' lang='lat' dir='ltr'>vestem</span> <span class='ocrx_word' id='word_1_193' title='bbox 1094 1426 1160 1465; x_wconf 88' lang='lat' dir='ltr'>qua</span> 
     </span>
     <span class='ocr_line' id='line_1_26' title="bbox 148 1464 1164 1518; baseline -0.002 -14"><span class='ocrx_word' id='word_1_194' title='bbox 148 1465 250 1504; x_wconf 83' lang='lat' dir='ltr'>domi</span> <span class='ocrx_word' id='word_1_195' title='bbox 276 1467 433 1507; x_wconf 79' lang='lat' dir='ltr'>utebatur</span> <span class='ocrx_word' id='word_1_196' title='bbox 451 1496 464 1513; x_wconf 90' lang='lat'>,</span> <span class='ocrx_word' id='word_1_197' title='bbox 500 1469 545 1506; x_wconf 84' lang='lat' dir='ltr'>ad</span> <span class='ocrx_word' id='word_1_198' title='bbox 561 1467 746 1518; x_wconf 71' lang='lat' dir='ltr'>fhrenfium</span> <span class='ocrx_word' id='word_1_199' title='bbox 768 1466 1010 1506; x_wconf 81' lang='lat' dir='ltr'>differentiam.</span> <span class='ocrx_word' id='word_1_200' title='bbox 1070 1464 1164 1503; x_wconf 85' lang='lat' dir='ltr'>Infra</span> 
     </span>
     <span class='ocr_line' id='line_1_27' title="bbox 151 1516 1165 1568; baseline -0.003 -14"><span class='ocrx_word' id='word_1_201' title='bbox 151 1516 270 1555; x_wconf 84' lang='lat' dir='ltr'>Vitell.</span> <span class='ocrx_word' id='word_1_202' title='bbox 282 1529 357 1568; x_wconf 77' lang='lat' dir='ltr'>cap.</span> <span class='ocrx_word' id='word_1_203' title='bbox 375 1532 426 1556; x_wconf 74' lang='lat' dir='ltr'>lx.</span> <span class='ocrx_word' id='word_1_204' title='bbox 450 1525 507 1555; x_wconf 83' lang='lat' dir='ltr'>Ita</span> <span class='ocrx_word' id='word_1_205' title='bbox 522 1529 562 1555; x_wconf 84' lang='lat' dir='ltr'>ut</span> <span class='ocrx_word' id='word_1_206' title='bbox 577 1529 653 1556; x_wconf 82' lang='lat' dir='ltr'>erat</span> <span class='ocrx_word' id='word_1_207' title='bbox 667 1546 679 1562; x_wconf 90' lang='lat'>,</span> <span class='ocrx_word' id='word_1_208' title='bbox 708 1520 746 1556; x_wconf 83' lang='lat' dir='ltr'>in</span> <span class='ocrx_word' id='word_1_209' title='bbox 764 1518 851 1567; x_wconf 83' lang='lat' dir='ltr'>veste</span> <span class='ocrx_word' id='word_1_210' title='bbox 867 1518 1040 1565; x_wconf 77' lang='lat' dir='ltr'>domestica</span> <span class='ocrx_word' id='word_1_211' title='bbox 1062 1522 1165 1564; x_wconf 85' lang='lat' dir='ltr'>Impe-</span> 
     </span>
    </p>

    <p class='ocr_par' dir='ltr' id='par_1_12' title="bbox 144 1567 1173 2171">
     <span class='ocr_line' id='line_1_28' title="bbox 153 1567 1164 1617; baseline -0.001 -15"><span class='ocrx_word' id='word_1_212' title='bbox 153 1576 249 1604; x_wconf 76' lang='lat' dir='ltr'>rator</span> <span class='ocrx_word' id='word_1_213' title='bbox 263 1567 304 1614; x_wconf 77' lang='lat' dir='ltr'>est</span> <span class='ocrx_word' id='word_1_214' title='bbox 323 1568 560 1617; x_wconf 72' lang='lat' dir='ltr'>consalutatus.</span> <span class='ocrx_word' id='word_1_215' title='bbox 617 1570 744 1606; x_wconf 85' lang='lat' dir='ltr'>Cicero</span> <span class='ocrx_word' id='word_1_216' title='bbox 759 1584 770 1606; x_wconf 92' lang='lat'>1</span> <span class='ocrx_word' id='word_1_217' title='bbox 784 1583 811 1606; x_wconf 88' lang='lat'>1.</span> <span class='ocrx_word' id='word_1_218' title='bbox 829 1568 872 1606; x_wconf 91' lang='lat' dir='ltr'>de</span> <span class='ocrx_word' id='word_1_219' title='bbox 890 1569 1024 1607; x_wconf 86' lang='lat' dir='ltr'>Finibus</span> <span class='ocrx_word' id='word_1_220' title='bbox 1045 1581 1055 1604; x_wconf 74' lang='grc' dir='ltr'><strong>ε</strong></span> <span class='ocrx_word' id='word_1_221' title='bbox 1086 1572 1164 1603; x_wconf 81' lang='lat' dir='ltr'>Aut</span> 
     </span>
     <span class='ocr_line' id='line_1_29' title="bbox 152 1617 1166 1668; baseline -0.002 -15"><span class='ocrx_word' id='word_1_222' title='bbox 152 1617 259 1654; x_wconf 79' lang='lat' dir='ltr'>etiam</span> <span class='ocrx_word' id='word_1_223' title='bbox 277 1627 317 1654; x_wconf 77' lang='lat' dir='ltr'>ut</span> <span class='ocrx_word' id='word_1_224' title='bbox 336 1619 519 1667; x_wconf 85' lang='lat' dir='ltr'>vestitum,</span> <span class='ocrx_word' id='word_1_225' title='bbox 538 1617 588 1668; x_wconf 84' lang='lat' dir='ltr'>fic</span> <span class='ocrx_word' id='word_1_226' title='bbox 596 1617 804 1667; x_wconf 80' lang='lat' dir='ltr'>sententiam</span> <span class='ocrx_word' id='word_1_227' title='bbox 821 1618 966 1657; x_wconf 80' lang='lat' dir='ltr'>habeam</span> <span class='ocrx_word' id='word_1_228' title='bbox 983 1617 1092 1653; x_wconf 69' lang='lat' dir='ltr'>aliam</span> <span class='ocrx_word' id='word_1_229' title='bbox 1110 1617 1166 1651; x_wconf 83' lang='lat' dir='ltr'>do-</span> 
     </span>
     <span class='ocr_line' id='line_1_30' title="bbox 150 1665 1164 1717; baseline -0.002 -13"><span class='ocrx_word' id='word_1_230' title='bbox 150 1666 322 1706; x_wconf 71' lang='lat' dir='ltr'>mesticam</span> <span class='ocrx_word' id='word_1_231' title='bbox 338 1696 353 1712; x_wconf 94' lang='lat'>,</span> <span class='ocrx_word' id='word_1_232' title='bbox 383 1669 494 1705; x_wconf 82' lang='lat' dir='ltr'>aliam</span> <span class='ocrx_word' id='word_1_233' title='bbox 510 1669 688 1717; x_wconf 80' lang='lat' dir='ltr'>fhrensem.</span> <span class='ocrx_word' id='word_1_234' title='bbox 753 1673 882 1707; x_wconf 85' lang='lat' dir='ltr'>Seneca</span> <span class='ocrx_word' id='word_1_235' title='bbox 909 1669 953 1706; x_wconf 87' lang='lat' dir='ltr'>de</span> <span class='ocrx_word' id='word_1_236' title='bbox 976 1665 1164 1717; x_wconf 85' lang='lat' dir='ltr'>Tranquill.</span> 
     </span>
     <span class='ocr_line' id='line_1_31' title="bbox 151 1717 1169 1766; baseline -0.003 -11"><span class='ocrx_word' id='word_1_237' title='bbox 151 1717 253 1755; x_wconf 81' lang='lat' dir='ltr'>vitae:</span> <span class='ocrx_word' id='word_1_238' title='bbox 279 1717 396 1755; x_wconf 82' lang='lat' dir='ltr'>Placet</span> <span class='ocrx_word' id='word_1_239' title='bbox 412 1719 512 1765; x_wconf 77' lang='lat' dir='ltr'>vestis</span> <span class='ocrx_word' id='word_1_240' title='bbox 532 1718 730 1766; x_wconf 77' lang='lat' dir='ltr'>domestica,</span> <span class='ocrx_word' id='word_1_241' title='bbox 757 1718 810 1763; x_wconf 54' lang='grc' dir='ltr'>ΕΞ</span> <span class='ocrx_word' id='word_1_242' title='bbox 826 1719 907 1757; x_wconf 81' lang='lat' dir='ltr'>vilis</span> <span class='ocrx_word' id='word_1_243' title='bbox 920 1748 931 1763; x_wconf 90' lang='lat'><em>‚</em></span> <span class='ocrx_word' id='word_1_244' title='bbox 959 1731 1017 1754; x_wconf 86' lang='lat' dir='ltr'>nec</span> <span class='ocrx_word' id='word_1_245' title='bbox 1025 1718 1169 1766; x_wconf 74' lang='lat' dir='ltr'>servun-</span> 
     </span>
     <span class='ocr_line' id='line_1_32' title="bbox 153 1765 1166 1818; baseline 0 -16"><span class='ocrx_word' id='word_1_246' title='bbox 153 1765 361 1814; x_wconf 74' lang='lat' dir='ltr'>dafhllictte.</span> <span class='ocrx_word' id='word_1_247' title='bbox 398 1780 435 1805; x_wconf 89' lang='lat' dir='ltr'>ut</span> <span class='ocrx_word' id='word_1_248' title='bbox 454 1769 548 1804; x_wconf 92' lang='lat' dir='ltr'>enim</span> <span class='ocrx_word' id='word_1_249' title='bbox 569 1770 677 1817; x_wconf 87' lang='lat' dir='ltr'>inquit</span> <span class='ocrx_word' id='word_1_250' title='bbox 696 1772 809 1813; x_wconf 85' lang='lat' dir='ltr'>Cato,</span> <span class='ocrx_word' id='word_1_251' title='bbox 836 1770 951 1818; x_wconf 79' lang='lat' dir='ltr'>vestiri</span> <span class='ocrx_word' id='word_1_252' title='bbox 969 1769 1091 1815; x_wconf 80' lang='lat' dir='ltr'>infore</span> <span class='ocrx_word' id='word_1_253' title='bbox 1111 1767 1166 1803; x_wconf 85' lang='lat' dir='ltr'>ho-</span> 
     </span>
     <span class='ocr_line' id='line_1_33' title="bbox 153 1816 1167 1868; baseline 0.001 -16"><span class='ocrx_word' id='word_1_254' title='bbox 153 1816 239 1863; x_wconf 79' lang='lat' dir='ltr'>nesle</span> <span class='ocrx_word' id='word_1_255' title='bbox 257 1830 326 1853; x_wconf 86' lang='lat' dir='ltr'>mos</span> <span class='ocrx_word' id='word_1_256' title='bbox 345 1828 439 1861; x_wconf 68' lang='lat' dir='ltr'>erut,</span> <span class='ocrx_word' id='word_1_257' title='bbox 465 1818 557 1854; x_wconf 79' lang='lat' dir='ltr'>domi</span> <span class='ocrx_word' id='word_1_258' title='bbox 575 1819 662 1867; x_wconf 82' lang='lat' dir='ltr'>quod</span> <span class='ocrx_word' id='word_1_259' title='bbox 680 1819 754 1868; x_wconf 66' lang='lat' dir='ltr'>esset</span> <span class='ocrx_word' id='word_1_260' title='bbox 766 1820 860 1866; x_wconf 81' lang='lat' dir='ltr'>satis.</span> <span class='ocrx_word' id='word_1_261' title='bbox 918 1823 1012 1857; x_wconf 89' lang='lat' dir='ltr'>Inter</span> <span class='ocrx_word' id='word_1_262' title='bbox 1045 1817 1167 1854; x_wconf 90' lang='lat' dir='ltr'>dome-</span> 
     </span>
     <span class='ocr_line' id='line_1_34' title="bbox 152 1866 1168 1908; baseline -0.001 -4"><span class='ocrx_word' id='word_1_263' title='bbox 152 1866 234 1904; x_wconf 83' lang='lat' dir='ltr'>stica</span> <span class='ocrx_word' id='word_1_264' title='bbox 249 1877 368 1906; x_wconf 82' lang='lat' dir='ltr'>autem</span> <span class='ocrx_word' id='word_1_265' title='bbox 384 1868 589 1905; x_wconf 86' lang='lat' dir='ltr'>vestimenta</span> <span class='ocrx_word' id='word_1_266' title='bbox 603 1871 793 1906; x_wconf 82' lang='lat' dir='ltr'>coenatoria</span> <span class='ocrx_word' id='word_1_267' title='bbox 810 1869 969 1908; x_wconf 82' lang='lat' dir='ltr'>habenda</span> <span class='ocrx_word' id='word_1_268' title='bbox 989 1868 1063 1905; x_wconf 85' lang='lat' dir='ltr'>sunt</span> <span class='ocrx_word' id='word_1_269' title='bbox 1082 1897 1090 1903; x_wconf 94' lang='lat'>.</span> <span class='ocrx_word' id='word_1_270' title='bbox 1126 1866 1168 1903; x_wconf 90' lang='lat' dir='ltr'>de</span> 
     </span>
     <span class='ocr_line' id='line_1_35' title="bbox 153 1916 1168 1969; baseline 0 -16"><span class='ocrx_word' id='word_1_271' title='bbox 153 1916 276 1966; x_wconf 89' lang='lat' dir='ltr'>quibus</span> <span class='ocrx_word' id='word_1_272' title='bbox 293 1918 437 1955; x_wconf 85' lang='lat' dir='ltr'>Martial.</span> <span class='ocrx_word' id='word_1_273' title='bbox 479 1918 658 1969; x_wconf 87' lang='lat' dir='ltr'>Apophor.</span> <span class='ocrx_word' id='word_1_274' title='bbox 708 1932 816 1959; x_wconf 85' lang='lat' dir='ltr'>cxxxv</span> <span class='ocrx_word' id='word_1_275' title='bbox 891 1923 948 1957; x_wconf 91' lang='lat' dir='ltr'>De</span> <span class='ocrx_word' id='word_1_276' title='bbox 975 1916 1168 1956; x_wconf 80' lang='lat' dir='ltr'>forensibus</span> 
     </span>
     <span class='ocr_line' id='line_1_36' title="bbox 153 1969 1169 2020; baseline -0.001 -15"><span class='ocrx_word' id='word_1_277' title='bbox 153 1979 239 2005; x_wconf 83' lang='lat' dir='ltr'>vero</span> <span class='ocrx_word' id='word_1_278' title='bbox 259 1970 398 2005; x_wconf 76' lang='lat' dir='ltr'>Sueton‚</span> <span class='ocrx_word' id='word_1_279' title='bbox 427 1969 503 2012; x_wconf 82' lang='lat' dir='ltr'>hic,</span> <span class='ocrx_word' id='word_1_280' title='bbox 535 1972 574 2004; x_wconf 71' lang='grc' dir='ltr'>δε</span> <span class='ocrx_word' id='word_1_281' title='bbox 591 1970 715 2007; x_wconf 85' lang='lat' dir='ltr'>iterum</span> <span class='ocrx_word' id='word_1_282' title='bbox 739 1970 849 2020; x_wconf 85' lang='lat' dir='ltr'>Calig.</span> <span class='ocrx_word' id='word_1_283' title='bbox 863 1983 937 2020; x_wconf 91' lang='lat' dir='ltr'>cap.</span> <span class='ocrx_word' id='word_1_284' title='bbox 952 1981 1015 2007; x_wconf 83' lang='lat' dir='ltr'>xvt</span> <span class='ocrx_word' id='word_1_285' title='bbox 1029 1982 1057 2005; x_wconf 79' lang='grc' dir='ltr'>ι.</span> <span class='ocrx_word' id='word_1_286' title='bbox 1096 1971 1169 2004; x_wconf 83' lang='lat' dir='ltr'>Co·</span> 
     </span>
     <span class='ocr_line' id='line_1_37' title="bbox 154 2016 1168 2070; baseline -0.001 -16"><span class='ocrx_word' id='word_1_287' title='bbox 154 2016 292 2054; x_wconf 89' lang='lat' dir='ltr'>lumella</span> <span class='ocrx_word' id='word_1_288' title='bbox 307 2031 447 2068; x_wconf 82' lang='lat' dir='ltr'>quoque</span> <span class='ocrx_word' id='word_1_289' title='bbox 464 2018 521 2055; x_wconf 83' lang='lat' dir='ltr'>lib.</span> <span class='ocrx_word' id='word_1_290' title='bbox 542 2031 625 2056; x_wconf 75' lang='lat' dir='ltr'>xil.</span> <span class='ocrx_word' id='word_1_291' title='bbox 649 2031 724 2070; x_wconf 88' lang='lat' dir='ltr'>cap.</span> <span class='ocrx_word' id='word_1_292' title='bbox 749 2033 800 2057; x_wconf 88' lang='lat' dir='ltr'>1v.</span> <span class='ocrx_word' id='word_1_293' title='bbox 858 2020 985 2069; x_wconf 60' lang='lat' dir='ltr'>Quales</span> <span class='ocrx_word' id='word_1_294' title='bbox 1015 2019 1168 2068; x_wconf 86' lang='lat' dir='ltr'>(inquit)</span> 
     </span>
     <span class='ocr_line' id='line_1_38' title="bbox 144 2066 1172 2119; baseline 0 -16"><span class='ocrx_word' id='word_1_295' title='bbox 144 2066 230 2116; x_wconf 84' lang='lat' dir='ltr'>sunt</span> <span class='ocrx_word' id='word_1_296' title='bbox 245 2068 362 2105; x_wconf 72' lang='lat' dir='ltr'>arcula</span> <span class='ocrx_word' id='word_1_297' title='bbox 380 2098 393 2113; x_wconf 93' lang='lat'>,</span> <span class='ocrx_word' id='word_1_298' title='bbox 423 2070 461 2104; x_wconf 84' lang='lat' dir='ltr'>in</span> <span class='ocrx_word' id='word_1_299' title='bbox 482 2067 602 2119; x_wconf 78' lang='lat' dir='ltr'>quibus</span> <span class='ocrx_word' id='word_1_300' title='bbox 609 2069 961 2119; x_wconf 81' lang='lat' dir='ltr'>vestimentafhrenfia</span> <span class='ocrx_word' id='word_1_301' title='bbox 970 2069 1172 2108; x_wconf 76' lang='lat' dir='ltr'>conduntur.</span> 
     </span>
     <span class='ocr_line' id='line_1_39' title="bbox 155 2116 1173 2171; baseline -0.002 -15"><span class='ocrx_word' id='word_1_302' title='bbox 155 2120 254 2156; x_wconf 86' lang='lat' dir='ltr'>Inter</span> <span class='ocrx_word' id='word_1_303' title='bbox 271 2116 421 2156; x_wconf 82' lang='lat' dir='ltr'>forensia</span> <span class='ocrx_word' id='word_1_304' title='bbox 433 2119 667 2171; x_wconf 86' lang='lat' dir='ltr'>velpraecipue</span> <span class='ocrx_word' id='word_1_305' title='bbox 694 2131 779 2170; x_wconf 79' lang='lat' dir='ltr'>toga</span> <span class='ocrx_word' id='word_1_306' title='bbox 799 2119 856 2156; x_wconf 90' lang='lat' dir='ltr'>est.</span> <span class='ocrx_word' id='word_1_307' title='bbox 915 2119 1025 2168; x_wconf 76' lang='lat' dir='ltr'>Quod</span> <span class='ocrx_word' id='word_1_308' title='bbox 1053 2116 1078 2154; x_wconf 83' lang='lat' dir='ltr'>fi</span> <span class='ocrx_word' id='word_1_309' title='bbox 1098 2120 1173 2165; x_wconf 85' lang='lat' dir='ltr'>quis</span> 
     </span>
    </p>
   </div>
   <div class='ocr_carea' id='block_1_9' title="bbox 154 2166 1197 2222">
    <p class='ocr_par' dir='ltr' id='par_1_13' title="bbox 154 2166 1197 2222">
     <span class='ocr_line' id='line_1_40' title="bbox 154 2166 1197 2222; baseline 0 -17"><span class='ocrx_word' id='word_1_310' title='bbox 154 2166 245 2205; x_wconf 82' lang='lat' dir='ltr'>forte</span> <span class='ocrx_word' id='word_1_311' title='bbox 263 2169 345 2206; x_wconf 79' lang='lat' dir='ltr'>nihil</span> <span class='ocrx_word' id='word_1_312' title='bbox 362 2171 538 2206; x_wconf 86' lang='lat' dir='ltr'>immutari</span> <span class='ocrx_word' id='word_1_313' title='bbox 555 2169 608 2207; x_wconf 87' lang='lat' dir='ltr'>hic</span> <span class='ocrx_word' id='word_1_314' title='bbox 631 2171 793 2222; x_wconf 83' lang='lat' dir='ltr'>patiatur,</span> <span class='ocrx_word' id='word_1_315' title='bbox 828 2171 1041 2217; x_wconf 81' lang='lat' dir='ltr'>domesticam</span> <span class='ocrx_word' id='word_1_316' title='bbox 1057 2171 1175 2206; x_wconf 88' lang='lat' dir='ltr'>vocari</span> <span class='ocrx_word' id='word_1_317' title='bbox 1192 2173 1197 2191; x_wconf 90' lang='lat'>&#39;</span> 
     </span>
    </p>
   </div>
   <div class='ocr_carea' id='block_1_10' title="bbox 158 2217 1171 2458">
    <p class='ocr_par' dir='ltr' id='par_1_14' title="bbox 158 2217 1171 2458">
     <span class='ocr_line' id='line_1_41' title="bbox 158 2217 1171 2271; baseline -0.001 -15"><span class='ocrx_word' id='word_1_318' title='bbox 158 2217 291 2256; x_wconf 88' lang='lat' dir='ltr'>vestem</span> <span class='ocrx_word' id='word_1_319' title='bbox 314 2219 487 2264; x_wconf 85' lang='lat' dir='ltr'>dicemus,</span> <span class='ocrx_word' id='word_1_320' title='bbox 515 2233 590 2270; x_wconf 81' lang='lat' dir='ltr'>quae</span> <span class='ocrx_word' id='word_1_321' title='bbox 609 2220 709 2258; x_wconf 90' lang='lat' dir='ltr'>domi</span> <span class='ocrx_word' id='word_1_322' title='bbox 727 2219 886 2260; x_wconf 56' lang='lat' dir='ltr'>confecia</span> <span class='ocrx_word' id='word_1_323' title='bbox 896 2219 956 2264; x_wconf 86' lang='lat' dir='ltr'>sit,</span> <span class='ocrx_word' id='word_1_324' title='bbox 985 2219 1171 2271; x_wconf 83' lang='lat' dir='ltr'>qualiscun-</span> 
     </span>
     <span class='ocr_line' id='line_1_42' title="bbox 182 2267 1171 2318; baseline 0.002 -13"><span class='ocrx_word' id='word_1_325' title='bbox 182 2281 225 2305; x_wconf 88' lang='lat' dir='ltr'>ue</span> <span class='ocrx_word' id='word_1_326' title='bbox 241 2267 296 2304; x_wconf 89' lang='lat' dir='ltr'>illa</span> <span class='ocrx_word' id='word_1_327' title='bbox 317 2267 428 2307; x_wconf 86' lang='lat' dir='ltr'>fuerit.</span> <span class='ocrx_word' id='word_1_328' title='bbox 486 2270 595 2318; x_wconf 83' lang='lat' dir='ltr'>Qod</span> <span class='ocrx_word' id='word_1_329' title='bbox 615 2270 696 2307; x_wconf 88' lang='lat' dir='ltr'>sane</span> <span class='ocrx_word' id='word_1_330' title='bbox 723 2271 766 2307; x_wconf 90' lang='lat' dir='ltr'>de</span> <span class='ocrx_word' id='word_1_331' title='bbox 791 2269 986 2308; x_wconf 65' lang='lat' dir='ltr'>forensibus</span> <span class='ocrx_word' id='word_1_332' title='bbox 1010 2284 1082 2307; x_wconf 91' lang='lat' dir='ltr'>non</span> <span class='ocrx_word' id='word_1_333' title='bbox 1100 2282 1171 2307; x_wconf 90' lang='lat' dir='ltr'>cre-</span> 
     </span>
     <span class='ocr_line' id='line_1_43' title="bbox 182 2317 1168 2376; baseline 0.003 -23"><span class='ocrx_word' id='word_1_334' title='bbox 182 2317 324 2362; x_wconf 75' lang='lat' dir='ltr'>iderim3</span> <span class='ocrx_word' id='word_1_335' title='bbox 348 2332 564 2371; x_wconf 81' lang='lat' dir='ltr'>quamquam</span> <span class='ocrx_word' id='word_1_336' title='bbox 575 2320 670 2372; x_wconf 79' lang='lat' dir='ltr'>prisci</span> <span class='ocrx_word' id='word_1_337' title='bbox 687 2320 733 2357; x_wconf 90' lang='lat' dir='ltr'>illi</span> <span class='ocrx_word' id='word_1_338' title='bbox 758 2325 915 2365; x_wconf 71' lang='lat' dir='ltr'>Heroe&#39;s,</span> <span class='ocrx_word' id='word_1_339' title='bbox 945 2321 969 2358; x_wconf 82' lang='lat' dir='ltr'>fi</span> <span class='ocrx_word' id='word_1_340' title='bbox 981 2322 1168 2376; x_wconf 50' lang='lat' dir='ltr'>poetis-cre-</span> 
     </span>
     <span class='ocr_line' id='line_1_44' title="bbox 158 2367 1168 2422; baseline 0.006 -19"><span class='ocrx_word' id='word_1_341' title='bbox 158 2367 272 2405; x_wconf 79' lang='lat' dir='ltr'>dir&#39;nus</span> <span class='ocrx_word' id='word_1_342' title='bbox 283 2394 295 2410; x_wconf 94' lang='lat'>,</span> <span class='ocrx_word' id='word_1_343' title='bbox 317 2381 388 2405; x_wconf 88' lang='lat' dir='ltr'>non</span> <span class='ocrx_word' id='word_1_344' title='bbox 406 2383 536 2408; x_wconf 87' lang='lat' dir='ltr'>temere</span> <span class='ocrx_word' id='word_1_345' title='bbox 555 2371 624 2409; x_wconf 83' lang='lat' dir='ltr'>aliis</span> <span class='ocrx_word' id='word_1_346' title='bbox 640 2371 822 2409; x_wconf 88' lang='lat' dir='ltr'>utebantur</span> <span class='ocrx_word' id='word_1_347' title='bbox 839 2385 946 2422; x_wconf 85' lang='lat' dir='ltr'>quam</span> <span class='ocrx_word' id='word_1_348' title='bbox 959 2371 1168 2409; x_wconf 88' lang='lat' dir='ltr'>feminarum</span> 
     </span>
     <span class='ocr_line' id='line_1_45' title="bbox 159 2417 454 2458; baseline 0.007 -2"><span class='ocrx_word' id='word_1_349' title='bbox 159 2430 267 2456; x_wconf 85' lang='lat' dir='ltr'>manu</span> <span class='ocrx_word' id='word_1_350' title='bbox 280 2417 454 2458; x_wconf 72' lang='lat' dir='ltr'>confectis.</span> 
     </span>
    </p>
   </div>
   <div class='ocr_carea' id='block_1_11' title="bbox 467 2504 854 2541">
    <p class='ocr_par' dir='ltr' id='par_1_15' title="bbox 467 2504 854 2541">
     <span class='ocr_line' id='line_1_46' title="bbox 467 2504 854 2541; baseline 0.005 -2"><span class='ocrx_word' id='word_1_351' title='bbox 467 2504 854 2541; x_wconf 52' lang='lat' dir='ltr'>csssruzon.</span> 
     </span>
    </p>
   </div>
   <div class='ocr_carea' id='block_1_12' title="bbox 156 2572 1172 2976">
    <p class='ocr_par' dir='ltr' id='par_1_16' title="bbox 156 2572 1172 2976">
     <span class='ocr_line' id='line_1_47' title="bbox 216 2572 1172 2622; baseline 0.002 -13"><span class='ocrx_word' id='word_1_352' title='bbox 216 2573 297 2620; x_wconf 61' lang='lat' dir='ltr'>Qu</span> <span class='ocrx_word' id='word_1_353' title='bbox 306 2572 467 2609; x_wconf 81' lang='lat' dir='ltr'>dicuntur</span> <span class='ocrx_word' id='word_1_354' title='bbox 477 2573 654 2621; x_wconf 83' lang='lat' dir='ltr'>gigantum</span> <span class='ocrx_word' id='word_1_355' title='bbox 663 2573 764 2622; x_wconf 64' lang='lat' dir='ltr'>offas]</span> <span class='ocrx_word' id='word_1_356' title='bbox 802 2578 845 2611; x_wconf 91' lang='lat' dir='ltr'>In</span> <span class='ocrx_word' id='word_1_357' title='bbox 863 2576 954 2612; x_wconf 82' lang='lat' dir='ltr'>Mss.</span> <span class='ocrx_word' id='word_1_358' title='bbox 969 2573 1042 2612; x_wconf 85' lang='lat' dir='ltr'>fine</span> <span class='ocrx_word' id='word_1_359' title='bbox 1059 2574 1172 2612; x_wconf 90' lang='lat' dir='ltr'>distin-</span> 
     </span>
     <span class='ocr_line' id='line_1_48' title="bbox 161 2621 1168 2673; baseline 0 -13"><span class='ocrx_word' id='word_1_360' title='bbox 161 2623 280 2660; x_wconf 66' lang='lat' dir='ltr'>&amp;ione</span> <span class='ocrx_word' id='word_1_361' title='bbox 298 2623 345 2658; x_wconf 82' lang='lat' dir='ltr'>ita</span> <span class='ocrx_word' id='word_1_362' title='bbox 361 2621 481 2673; x_wconf 78' lang='lat' dir='ltr'>legitur</span> <span class='ocrx_word' id='word_1_363' title='bbox 496 2652 507 2666; x_wconf 96' lang='lat'><em>‚</em></span> <span class='ocrx_word' id='word_1_364' title='bbox 528 2623 748 2672; x_wconf 71' lang='lat' dir='ltr'>ferarumque</span> <span class='ocrx_word' id='word_1_365' title='bbox 768 2624 919 2660; x_wconf 79' lang='lat' dir='ltr'>membra</span> <span class='ocrx_word' id='word_1_366' title='bbox 934 2626 1168 2673; x_wconf 59' lang='lat' dir='ltr'>pregrandia,</span> 
     </span>
     <span class='ocr_line' id='line_1_49' title="bbox 156 2671 1171 2725; baseline 0.003 -16"><span class='ocrx_word' id='word_1_367' title='bbox 156 2686 225 2723; x_wconf 76' lang='lat' dir='ltr'>quae</span> <span class='ocrx_word' id='word_1_368' title='bbox 235 2674 397 2710; x_wconf 80' lang='lat' dir='ltr'>dicuntur</span> <span class='ocrx_word' id='word_1_369' title='bbox 410 2674 586 2721; x_wconf 77' lang='lat' dir='ltr'>gigantum</span> <span class='ocrx_word' id='word_1_370' title='bbox 599 2671 674 2721; x_wconf 78' lang='lat' dir='ltr'>offa.</span> <span class='ocrx_word' id='word_1_371' title='bbox 727 2674 818 2721; x_wconf 84' lang='lat' dir='ltr'>Qae</span> <span class='ocrx_word' id='word_1_372' title='bbox 829 2673 873 2710; x_wconf 89' lang='lat' dir='ltr'>de</span> <span class='ocrx_word' id='word_1_373' title='bbox 889 2675 1082 2725; x_wconf 49' lang='lat' dir='ltr'>ginantibus</span> <span class='ocrx_word' id='word_1_374' title='bbox 1094 2688 1171 2724; x_wconf 89' lang='lat' dir='ltr'>pro-</span> 
     </span>
     <span class='ocr_line' id='line_1_50' title="bbox 158 2718 1169 2775; baseline 0.002 -15"><span class='ocrx_word' id='word_1_375' title='bbox 158 2723 229 2761; x_wconf 85' lang='lat' dir='ltr'>dita</span> <span class='ocrx_word' id='word_1_376' title='bbox 242 2723 316 2760; x_wconf 89' lang='lat' dir='ltr'>sunt</span> <span class='ocrx_word' id='word_1_377' title='bbox 332 2723 376 2759; x_wconf 87' lang='lat' dir='ltr'>ab</span> <span class='ocrx_word' id='word_1_378' title='bbox 399 2725 544 2774; x_wconf 84' lang='lat' dir='ltr'>antiquis</span> <span class='ocrx_word' id='word_1_379' title='bbox 562 2725 671 2775; x_wconf 86' lang='lat' dir='ltr'>poetis</span> <span class='ocrx_word' id='word_1_380' title='bbox 691 2727 729 2760; x_wconf 74' lang='grc' dir='ltr'>δε</span> <span class='ocrx_word' id='word_1_381' title='bbox 748 2718 1001 2771; x_wconf 56' lang='grc' dir='ltr'>λογογρώφᾶις,</span> <span class='ocrx_word' id='word_1_382' title='bbox 1029 2737 1070 2761; x_wconf 87' lang='lat' dir='ltr'>ea</span> <span class='ocrx_word' id='word_1_383' title='bbox 1095 2724 1169 2763; x_wconf 88' lang='lat' dir='ltr'>sunt</span> 
     </span>
     <span class='ocr_line' id='line_1_51' title="bbox 159 2772 1166 2818; baseline 0.001 -7"><span class='ocrx_word' id='word_1_384' title='bbox 159 2775 204 2811; x_wconf 88' lang='lat' dir='ltr'>ita</span> <span class='ocrx_word' id='word_1_385' title='bbox 221 2773 396 2818; x_wconf 81' lang='lat' dir='ltr'>fabulosa,</span> <span class='ocrx_word' id='word_1_386' title='bbox 423 2786 458 2810; x_wconf 90' lang='lat' dir='ltr'>ut</span> <span class='ocrx_word' id='word_1_387' title='bbox 467 2774 593 2811; x_wconf 87' lang='lat' dir='ltr'>merito</span> <span class='ocrx_word' id='word_1_388' title='bbox 604 2772 782 2812; x_wconf 85' lang='lat' dir='ltr'>Suetonius</span> <span class='ocrx_word' id='word_1_389' title='bbox 790 2775 828 2811; x_wconf 91' lang='lat' dir='ltr'>iis</span> <span class='ocrx_word' id='word_1_390' title='bbox 845 2774 973 2811; x_wconf 87' lang='lat' dir='ltr'>nullam</span> <span class='ocrx_word' id='word_1_391' title='bbox 984 2773 1092 2811; x_wconf 86' lang='lat' dir='ltr'>fidem</span> <span class='ocrx_word' id='word_1_392' title='bbox 1109 2775 1166 2812; x_wconf 83' lang='lat' dir='ltr'>ha-</span> 
     </span>
     <span class='ocr_line' id='line_1_52' title="bbox 158 2823 1169 2875; baseline 0.001 -13"><span class='ocrx_word' id='word_1_393' title='bbox 158 2824 279 2862; x_wconf 82' lang='lat' dir='ltr'>buerit.</span> <span class='ocrx_word' id='word_1_394' title='bbox 335 2823 402 2861; x_wconf 89' lang='lat' dir='ltr'>Sed</span> <span class='ocrx_word' id='word_1_395' title='bbox 417 2824 510 2875; x_wconf 81' lang='lat' dir='ltr'>quod</span> <span class='ocrx_word' id='word_1_396' title='bbox 555 2836 709 2875; x_wconf 83' lang='lat' dir='ltr'>ropterea</span> <span class='ocrx_word' id='word_1_397' title='bbox 739 2825 894 2873; x_wconf 83' lang='lat' dir='ltr'>gigantes</span> <span class='ocrx_word' id='word_1_398' title='bbox 919 2824 1030 2862; x_wconf 86' lang='lat' dir='ltr'>nullos</span> <span class='ocrx_word' id='word_1_399' title='bbox 1052 2823 1146 2864; x_wconf 83' lang='lat' dir='ltr'>fuiffe</span> <span class='ocrx_word' id='word_1_400' title='bbox 1157 2855 1169 2870; x_wconf 92' lang='lat'><em>,</em></span> 
     </span>
     <span class='ocr_line' id='line_1_53' title="bbox 158 2873 1168 2925; baseline 0.002 -13"><span class='ocrx_word' id='word_1_401' title='bbox 158 2886 216 2912; x_wconf 85' lang='lat' dir='ltr'>aut</span> <span class='ocrx_word' id='word_1_402' title='bbox 232 2875 322 2912; x_wconf 87' lang='lat' dir='ltr'>nulla</span> <span class='ocrx_word' id='word_1_403' title='bbox 341 2887 464 2912; x_wconf 88' lang='lat' dir='ltr'>eorum</span> <span class='ocrx_word' id='word_1_404' title='bbox 481 2879 517 2913; x_wconf 83' lang='lat'>01</span> <span class='ocrx_word' id='word_1_405' title='bbox 532 2887 553 2912; x_wconf 93' lang='lat' dir='ltr'>a</span> <span class='ocrx_word' id='word_1_406' title='bbox 567 2876 703 2925; x_wconf 84' lang='lat' dir='ltr'>reperiri</span> <span class='ocrx_word' id='word_1_407' title='bbox 718 2873 916 2912; x_wconf 72' lang='lat' dir='ltr'>existimasse</span> <span class='ocrx_word' id='word_1_408' title='bbox 934 2875 1069 2914; x_wconf 87' lang='lat' dir='ltr'>videtur</span> <span class='ocrx_word' id='word_1_409' title='bbox 1084 2904 1096 2921; x_wconf 95' lang='lat'><em>,</em></span> <span class='ocrx_word' id='word_1_410' title='bbox 1132 2878 1168 2914; x_wconf 90' lang='lat' dir='ltr'>in</span> 
     </span>
     <span class='ocr_line' id='line_1_54' title="bbox 158 2924 1172 2976; baseline 0.002 -14"><span class='ocrx_word' id='word_1_411' title='bbox 158 2938 205 2963; x_wconf 87' lang='lat' dir='ltr'>eo</span> <span class='ocrx_word' id='word_1_412' title='bbox 220 2924 305 2976; x_wconf 77' lang='lat' dir='ltr'>fugit</span> <span class='ocrx_word' id='word_1_413' title='bbox 324 2939 406 2962; x_wconf 90' lang='lat' dir='ltr'>eum</span> <span class='ocrx_word' id='word_1_414' title='bbox 427 2927 525 2964; x_wconf 82' lang='lat' dir='ltr'>ratio.</span> <span class='ocrx_word' id='word_1_415' title='bbox 571 2925 658 2963; x_wconf 89' lang='lat' dir='ltr'>lllud</span> <span class='ocrx_word' id='word_1_416' title='bbox 673 2925 856 2963; x_wconf 82' lang='lat' dir='ltr'>manifesto</span> <span class='ocrx_word' id='word_1_417' title='bbox 874 2929 982 2963; x_wconf 83' lang='lat' dir='ltr'>Sacrae</span> <span class='ocrx_word' id='word_1_418' title='bbox 1000 2926 1102 2963; x_wconf 77' lang='lat' dir='ltr'>litera:</span> <span class='ocrx_word' id='word_1_419' title='bbox 1119 2937 1172 2964; x_wconf 85' lang='lat' dir='ltr'>ar-</span> 
     </span>
    </p>
   </div>
   <div class='ocr_carea' id='block_1_13' title="bbox 1215 562 2239 2006">
    <p class='ocr_par' dir='ltr' id='par_1_17' title="bbox 2032 562 2229 627">
     <span class='ocr_line' id='line_1_55' title="bbox 2032 562 2229 627; baseline -0.005 -17"><span class='ocrx_word' id='word_1_420' title='bbox 2032 562 2229 627; x_wconf 85' lang='lat' dir='ltr'>angusto:</span> 
     </span>
    </p>

    <p class='ocr_par' dir='ltr' id='par_1_18' title="bbox 1216 635 2237 787">
     <span class='ocr_line' id='line_1_56' title="bbox 1271 635 2237 687; baseline 0.001 -14"><span class='ocrx_word' id='word_1_421' title='bbox 1271 641 1315 673; x_wconf 79' lang='lat' dir='ltr'>Et</span> <span class='ocrx_word' id='word_1_422' title='bbox 1328 649 1429 673; x_wconf 76' lang='lat' dir='ltr'>arma</span> <span class='ocrx_word' id='word_1_423' title='bbox 1441 637 1628 684; x_wconf 76' lang='lat' dir='ltr'>Heroum]</span> <span class='ocrx_word' id='word_1_424' title='bbox 1689 637 1814 687; x_wconf 81' lang='lat' dir='ltr'>Qalia</span> <span class='ocrx_word' id='word_1_425' title='bbox 1830 635 1940 674; x_wconf 86' lang='lat' dir='ltr'>multa</span> <span class='ocrx_word' id='word_1_426' title='bbox 1967 636 2184 674; x_wconf 86' lang='lat' dir='ltr'>recensentur</span> <span class='ocrx_word' id='word_1_427' title='bbox 2213 647 2237 674; x_wconf 75' lang='lat' dir='ltr'>a</span> 
     </span>
     <span class='ocr_line' id='line_1_57' title="bbox 1216 687 2235 736; baseline 0.003 -13"><span class='ocrx_word' id='word_1_428' title='bbox 1216 687 1379 726; x_wconf 84' lang='lat' dir='ltr'>Pausania</span> <span class='ocrx_word' id='word_1_429' title='bbox 1395 715 1406 730; x_wconf 97' lang='lat'><em>,</em></span> <span class='ocrx_word' id='word_1_430' title='bbox 1445 700 1521 736; x_wconf 86' lang='lat' dir='ltr'>quae</span> <span class='ocrx_word' id='word_1_431' title='bbox 1542 689 1615 733; x_wconf 84' lang='lat' dir='ltr'>ejus</span> <span class='ocrx_word' id='word_1_432' title='bbox 1632 687 1742 724; x_wconf 83' lang='lat' dir='ltr'>adhuc</span> <span class='ocrx_word' id='word_1_433' title='bbox 1761 700 1859 726; x_wconf 85' lang='lat' dir='ltr'>aetate</span> <span class='ocrx_word' id='word_1_434' title='bbox 1879 688 1966 725; x_wconf 87' lang='lat' dir='ltr'>inter</span> <span class='ocrx_word' id='word_1_435' title='bbox 1981 687 2126 729; x_wconf 86' lang='lat' dir='ltr'>donaria</span> <span class='ocrx_word' id='word_1_436' title='bbox 2144 699 2235 726; x_wconf 88' lang='lat' dir='ltr'>tem-</span> 
     </span>
     <span class='ocr_line' id='line_1_58' title="bbox 1218 737 1740 787; baseline 0.004 -14"><span class='ocrx_word' id='word_1_437' title='bbox 1218 737 1356 787; x_wconf 87' lang='lat' dir='ltr'>plorum</span> <span class='ocrx_word' id='word_1_438' title='bbox 1375 738 1514 774; x_wconf 85' lang='lat' dir='ltr'>Graeciae</span> <span class='ocrx_word' id='word_1_439' title='bbox 1537 737 1740 776; x_wconf 85' lang='lat' dir='ltr'>visebantur.</span> 
     </span>
    </p>

    <p class='ocr_par' dir='ltr' id='par_1_19' title="bbox 1215 786 2238 1393">
     <span class='ocr_line' id='line_1_59' title="bbox 1270 786 2236 838; baseline 0.001 -14"><span class='ocrx_word' id='word_1_440' title='bbox 1270 801 1325 833; x_wconf 85' lang='lat'>73.</span> <span class='ocrx_word' id='word_1_441' title='bbox 1355 793 1426 823; x_wconf 84' lang='lat' dir='ltr'>Nec</span> <span class='ocrx_word' id='word_1_442' title='bbox 1435 797 1505 822; x_wconf 87' lang='lat' dir='ltr'>toro</span> <span class='ocrx_word' id='word_1_443' title='bbox 1514 788 1651 836; x_wconf 83' lang='lat' dir='ltr'>quidem</span> <span class='ocrx_word' id='word_1_444' title='bbox 1665 787 1802 837; x_wconf 71' lang='lat' dir='ltr'>cubuisse</span> <span class='ocrx_word' id='word_1_445' title='bbox 1811 791 1910 838; x_wconf 83' lang='lat' dir='ltr'>ajunt</span> <span class='ocrx_word' id='word_1_446' title='bbox 1919 788 1982 838; x_wconf 77' lang='lat' dir='ltr'>nlfi</span> <span class='ocrx_word' id='word_1_447' title='bbox 1990 786 2148 835; x_wconf 58' lang='lat' dir='ltr'>humili]</span> <span class='ocrx_word' id='word_1_448' title='bbox 2161 790 2236 825; x_wconf 88' lang='lat' dir='ltr'>Ve-</span> 
     </span>
     <span class='ocr_line' id='line_1_60' title="bbox 1216 836 2238 889; baseline 0.003 -16"><span class='ocrx_word' id='word_1_449' title='bbox 1216 848 1307 874; x_wconf 87' lang='lat' dir='ltr'>teres</span> <span class='ocrx_word' id='word_1_450' title='bbox 1327 836 1405 873; x_wconf 71' lang='lat' dir='ltr'>leffi</span> <span class='ocrx_word' id='word_1_451' title='bbox 1419 836 1472 873; x_wconf 88' lang='lat' dir='ltr'>alii</span> <span class='ocrx_word' id='word_1_452' title='bbox 1496 849 1590 874; x_wconf 86' lang='lat' dir='ltr'>erant</span> <span class='ocrx_word' id='word_1_453' title='bbox 1609 851 1681 874; x_wconf 89' lang='lat' dir='ltr'>non</span> <span class='ocrx_word' id='word_1_454' title='bbox 1697 837 1775 881; x_wconf 83' lang='lat' dir='ltr'>alti,</span> <span class='ocrx_word' id='word_1_455' title='bbox 1806 840 1840 876; x_wconf 90' lang='lat' dir='ltr'>in</span> <span class='ocrx_word' id='word_1_456' title='bbox 1858 851 1945 889; x_wconf 89' lang='lat' dir='ltr'>quos</span> <span class='ocrx_word' id='word_1_457' title='bbox 1961 836 2137 875; x_wconf 84' lang='lat' dir='ltr'>scansione</span> <span class='ocrx_word' id='word_1_458' title='bbox 2154 837 2238 876; x_wconf 81' lang='lat' dir='ltr'>sun-</span> 
     </span>
     <span class='ocr_line' id='line_1_61' title="bbox 1221 886 2235 937; baseline 0.003 -15"><span class='ocrx_word' id='word_1_459' title='bbox 1221 886 1296 935; x_wconf 87' lang='lat' dir='ltr'>plici</span> <span class='ocrx_word' id='word_1_460' title='bbox 1315 891 1352 923; x_wconf 91' lang='lat'>&amp;</span> <span class='ocrx_word' id='word_1_461' title='bbox 1372 887 1516 923; x_wconf 70' lang='lat' dir='ltr'>scamno</span> <span class='ocrx_word' id='word_1_462' title='bbox 1541 887 1772 924; x_wconf 84' lang='lat' dir='ltr'>ascendebant</span> <span class='ocrx_word' id='word_1_463' title='bbox 1790 903 1800 925; x_wconf 71' lang='grc' dir='ltr'>ι</span> <span class='ocrx_word' id='word_1_464' title='bbox 1827 889 1881 925; x_wconf 86' lang='lat' dir='ltr'>alii</span> <span class='ocrx_word' id='word_1_465' title='bbox 1909 888 2066 931; x_wconf 83' lang='lat' dir='ltr'>altiores,</span> <span class='ocrx_word' id='word_1_466' title='bbox 2093 890 2130 924; x_wconf 91' lang='lat' dir='ltr'>in</span> <span class='ocrx_word' id='word_1_467' title='bbox 2146 901 2235 937; x_wconf 76' lang='lat' dir='ltr'>quos</span> 
     </span>
     <span class='ocr_line' id='line_1_62' title="bbox 1221 936 2235 988; baseline 0 -15"><span class='ocrx_word' id='word_1_468' title='bbox 1221 936 1378 974; x_wconf 89' lang='lat' dir='ltr'>subselliis</span> <span class='ocrx_word' id='word_1_469' title='bbox 1396 936 1624 975; x_wconf 86' lang='lat' dir='ltr'>conscendere</span> <span class='ocrx_word' id='word_1_470' title='bbox 1642 938 1827 988; x_wconf 85' lang='lat' dir='ltr'>oportebat</span> <span class='ocrx_word' id='word_1_471' title='bbox 1846 953 1856 975; x_wconf 90' lang='lat'>:</span> <span class='ocrx_word' id='word_1_472' title='bbox 1892 939 1928 974; x_wconf 88' lang='lat' dir='ltr'>in</span> <span class='ocrx_word' id='word_1_473' title='bbox 1955 938 2041 976; x_wconf 86' lang='lat' dir='ltr'>alios</span> <span class='ocrx_word' id='word_1_474' title='bbox 2066 937 2235 987; x_wconf 84' lang='lat' dir='ltr'>duplicata</span> 
     </span>
     <span class='ocr_line' id='line_1_63' title="bbox 1218 986 2237 1039; baseline 0.001 -16"><span class='ocrx_word' id='word_1_475' title='bbox 1218 986 1419 1031; x_wconf 77' lang='lat' dir='ltr'>scansione,</span> <span class='ocrx_word' id='word_1_476' title='bbox 1450 987 1515 1024; x_wconf 87' lang='lat' dir='ltr'>hoc</span> <span class='ocrx_word' id='word_1_477' title='bbox 1536 987 1603 1031; x_wconf 87' lang='lat' dir='ltr'>est,</span> <span class='ocrx_word' id='word_1_478' title='bbox 1630 988 1792 1039; x_wconf 82' lang='lat' dir='ltr'>gradibus</span> <span class='ocrx_word' id='word_1_479' title='bbox 1809 988 2021 1026; x_wconf 86' lang='lat' dir='ltr'>veniebatur.</span> <span class='ocrx_word' id='word_1_480' title='bbox 2081 991 2125 1024; x_wconf 90' lang='lat' dir='ltr'>In</span> <span class='ocrx_word' id='word_1_481' title='bbox 2141 988 2237 1025; x_wconf 68' lang='lat' dir='ltr'>lectis</span> 
     </span>
     <span class='ocr_line' id='line_1_64' title="bbox 1218 1037 2235 1089; baseline 0 -15"><span class='ocrx_word' id='word_1_482' title='bbox 1218 1050 1315 1075; x_wconf 87' lang='lat' dir='ltr'>erant</span> <span class='ocrx_word' id='word_1_483' title='bbox 1333 1039 1420 1081; x_wconf 89' lang='lat' dir='ltr'>tori,</span> <span class='ocrx_word' id='word_1_484' title='bbox 1447 1052 1535 1089; x_wconf 91' lang='lat' dir='ltr'>quos</span> <span class='ocrx_word' id='word_1_485' title='bbox 1544 1038 1609 1075; x_wconf 76' lang='lat' dir='ltr'>alte</span> <span class='ocrx_word' id='word_1_486' title='bbox 1619 1038 1771 1077; x_wconf 84' lang='lat' dir='ltr'>suffultos</span> <span class='ocrx_word' id='word_1_487' title='bbox 1780 1039 1908 1076; x_wconf 83' lang='lat' dir='ltr'>habere</span> <span class='ocrx_word' id='word_1_488' title='bbox 1924 1042 1962 1076; x_wconf 71' lang='grc' dir='ltr'>δε</span> <span class='ocrx_word' id='word_1_489' title='bbox 1983 1037 2144 1075; x_wconf 88' lang='lat' dir='ltr'>sublimes</span> <span class='ocrx_word' id='word_1_490' title='bbox 2166 1037 2235 1074; x_wconf 87' lang='lat' dir='ltr'>ele-</span> 
     </span>
     <span class='ocr_line' id='line_1_65' title="bbox 1215 1086 2237 1140; baseline -0.002 -15"><span class='ocrx_word' id='word_1_491' title='bbox 1215 1090 1342 1139; x_wconf 80' lang='lat' dir='ltr'>gantiae</span> <span class='ocrx_word' id='word_1_492' title='bbox 1361 1100 1455 1126; x_wconf 87' lang='lat' dir='ltr'>erat:</span> <span class='ocrx_word' id='word_1_493' title='bbox 1484 1088 1615 1140; x_wconf 85' lang='lat' dir='ltr'>prorsus</span> <span class='ocrx_word' id='word_1_494' title='bbox 1624 1101 1661 1127; x_wconf 91' lang='lat' dir='ltr'>ut</span> <span class='ocrx_word' id='word_1_495' title='bbox 1670 1089 1774 1126; x_wconf 86' lang='lat' dir='ltr'>hodie</span> <span class='ocrx_word' id='word_1_496' title='bbox 1788 1091 1822 1126; x_wconf 90' lang='lat' dir='ltr'>in</span> <span class='ocrx_word' id='word_1_497' title='bbox 1831 1088 2037 1140; x_wconf 89' lang='lat' dir='ltr'>quibusdam</span> <span class='ocrx_word' id='word_1_498' title='bbox 2060 1088 2143 1124; x_wconf 91' lang='lat' dir='ltr'>locis</span> <span class='ocrx_word' id='word_1_499' title='bbox 2159 1086 2237 1124; x_wconf 81' lang='lat' dir='ltr'>fieri</span> 
     </span>
     <span class='ocr_line' id='line_1_66' title="bbox 1219 1137 2238 1190; baseline -0.002 -14"><span class='ocrx_word' id='word_1_500' title='bbox 1219 1141 1412 1183; x_wconf 87' lang='lat' dir='ltr'>cernimus,</span> <span class='ocrx_word' id='word_1_501' title='bbox 1451 1140 1510 1177; x_wconf 92' lang='lat' dir='ltr'>ubi</span> <span class='ocrx_word' id='word_1_502' title='bbox 1531 1140 1659 1176; x_wconf 87' lang='lat' dir='ltr'>culcitae</span> <span class='ocrx_word' id='word_1_503' title='bbox 1679 1140 1826 1190; x_wconf 80' lang='lat' dir='ltr'>plumea:</span> <span class='ocrx_word' id='word_1_504' title='bbox 1843 1151 1977 1177; x_wconf 88' lang='lat' dir='ltr'>tantum</span> <span class='ocrx_word' id='word_1_505' title='bbox 1994 1138 2101 1190; x_wconf 85' lang='lat' dir='ltr'>paleae</span> <span class='ocrx_word' id='word_1_506' title='bbox 2112 1137 2238 1188; x_wconf 89' lang='lat' dir='ltr'>suppo-</span> 
     </span>
     <span class='ocr_line' id='line_1_67' title="bbox 1217 1188 2238 1241; baseline -0.002 -15"><span class='ocrx_word' id='word_1_507' title='bbox 1217 1191 1326 1234; x_wconf 87' lang='lat' dir='ltr'>nitur,</span> <span class='ocrx_word' id='word_1_508' title='bbox 1352 1202 1389 1228; x_wconf 90' lang='lat' dir='ltr'>ut</span> <span class='ocrx_word' id='word_1_509' title='bbox 1408 1192 1443 1227; x_wconf 90' lang='lat' dir='ltr'>in</span> <span class='ocrx_word' id='word_1_510' title='bbox 1459 1189 1671 1228; x_wconf 86' lang='lat' dir='ltr'>altitudinem</span> <span class='ocrx_word' id='word_1_511' title='bbox 1680 1204 1850 1241; x_wconf 76' lang='lat' dir='ltr'>magnam</span> <span class='ocrx_word' id='word_1_512' title='bbox 1866 1188 2012 1240; x_wconf 71' lang='lat' dir='ltr'>assurgat</span> <span class='ocrx_word' id='word_1_513' title='bbox 2029 1201 2133 1227; x_wconf 87' lang='lat' dir='ltr'>torus.</span> <span class='ocrx_word' id='word_1_514' title='bbox 2165 1191 2238 1225; x_wconf 88' lang='lat' dir='ltr'>Ta-</span> 
     </span>
     <span class='ocr_line' id='line_1_68' title="bbox 1218 1240 2237 1291; baseline -0.002 -14"><span class='ocrx_word' id='word_1_515' title='bbox 1218 1240 1266 1278; x_wconf 89' lang='lat' dir='ltr'>les</span> <span class='ocrx_word' id='word_1_516' title='bbox 1284 1241 1453 1291; x_wconf 86' lang='lat' dir='ltr'>Augustus</span> <span class='ocrx_word' id='word_1_517' title='bbox 1470 1242 1698 1291; x_wconf 85' lang='lat' dir='ltr'>gravabatur,</span> <span class='ocrx_word' id='word_1_518' title='bbox 1729 1242 1875 1280; x_wconf 87' lang='lat' dir='ltr'>humiles</span> <span class='ocrx_word' id='word_1_519' title='bbox 1884 1240 2066 1291; x_wconf 83' lang='lat' dir='ltr'>probabat.</span> <span class='ocrx_word' id='word_1_520' title='bbox 2104 1242 2147 1276; x_wconf 89' lang='lat' dir='ltr'>In</span> <span class='ocrx_word' id='word_1_521' title='bbox 2163 1250 2237 1288; x_wconf 84' lang='lat' dir='ltr'>quo</span> 
     </span>
     <span class='ocr_line' id='line_1_69' title="bbox 1216 1288 2237 1342; baseline -0.002 -14"><span class='ocrx_word' id='word_1_522' title='bbox 1216 1289 1310 1328; x_wconf 72' lang='lat' dir='ltr'>fuisse</span> <span class='ocrx_word' id='word_1_523' title='bbox 1319 1291 1457 1342; x_wconf 86' lang='lat' dir='ltr'>aliquod</span> <span class='ocrx_word' id='word_1_524' title='bbox 1474 1293 1648 1342; x_wconf 86' lang='lat' dir='ltr'>specimen</span> <span class='ocrx_word' id='word_1_525' title='bbox 1657 1306 1799 1330; x_wconf 88' lang='lat' dir='ltr'>morum</span> <span class='ocrx_word' id='word_1_526' title='bbox 1807 1292 1982 1330; x_wconf 84' lang='lat' dir='ltr'>declarant</span> <span class='ocrx_word' id='word_1_527' title='bbox 1999 1303 2040 1328; x_wconf 93' lang='lat' dir='ltr'>ea</span> <span class='ocrx_word' id='word_1_528' title='bbox 2051 1319 2064 1335; x_wconf 92' lang='lat'>,</span> <span class='ocrx_word' id='word_1_529' title='bbox 2090 1303 2166 1341; x_wconf 74' lang='lat' dir='ltr'>qua:</span> <span class='ocrx_word' id='word_1_530' title='bbox 2177 1288 2237 1326; x_wconf 86' lang='lat' dir='ltr'>ali-</span> 
     </span>
     <span class='ocr_line' id='line_1_70' title="bbox 1218 1341 2018 1393; baseline 0.001 -14"><span class='ocrx_word' id='word_1_531' title='bbox 1218 1341 1253 1379; x_wconf 90' lang='lat' dir='ltr'>bi</span> <span class='ocrx_word' id='word_1_532' title='bbox 1271 1355 1352 1380; x_wconf 90' lang='lat' dir='ltr'>cum</span> <span class='ocrx_word' id='word_1_533' title='bbox 1370 1354 1448 1379; x_wconf 84' lang='lat' dir='ltr'>cura</span> <span class='ocrx_word' id='word_1_534' title='bbox 1464 1342 1669 1393; x_wconf 86' lang='lat' dir='ltr'>disputamus</span> <span class='ocrx_word' id='word_1_535' title='bbox 1686 1344 1730 1380; x_wconf 91' lang='lat' dir='ltr'>de</span> <span class='ocrx_word' id='word_1_536' title='bbox 1747 1344 1840 1381; x_wconf 74' lang='lat' dir='ltr'>lectis</span> <span class='ocrx_word' id='word_1_537' title='bbox 1849 1354 2018 1383; x_wconf 86' lang='lat' dir='ltr'>veterum.</span> 
     </span>
    </p>

    <p class='ocr_par' dir='ltr' id='par_1_20' title="bbox 1218 1389 2239 1847">
     <span class='ocr_line' id='line_1_71' title="bbox 1275 1389 2238 1444; baseline -0.002 -16"><span class='ocrx_word' id='word_1_538' title='bbox 1275 1392 1361 1439; x_wconf 82' lang='lat' dir='ltr'>Veste</span> <span class='ocrx_word' id='word_1_539' title='bbox 1376 1406 1442 1428; x_wconf 84' lang='lat' dir='ltr'>non</span> <span class='ocrx_word' id='word_1_540' title='bbox 1460 1404 1580 1429; x_wconf 83' lang='lat' dir='ltr'>temere</span> <span class='ocrx_word' id='word_1_541' title='bbox 1595 1392 1781 1444; x_wconf 80' lang='lat' dir='ltr'>aliaquam</span> <span class='ocrx_word' id='word_1_542' title='bbox 1791 1393 1967 1440; x_wconf 73' lang='lat' dir='ltr'>domestica</span> <span class='ocrx_word' id='word_1_543' title='bbox 1976 1393 2052 1441; x_wconf 87' lang='lat' dir='ltr'>usus</span> <span class='ocrx_word' id='word_1_544' title='bbox 2071 1389 2151 1438; x_wconf 87' lang='lat' dir='ltr'>est.]</span> <span class='ocrx_word' id='word_1_545' title='bbox 2172 1389 2238 1426; x_wconf 78' lang='lat' dir='ltr'>Ni-</span> 
     </span>
     <span class='ocr_line' id='line_1_72' title="bbox 1220 1441 2239 1487; baseline -0.003 -8"><span class='ocrx_word' id='word_1_546' title='bbox 1220 1443 1266 1479; x_wconf 86' lang='lat' dir='ltr'>hil</span> <span class='ocrx_word' id='word_1_547' title='bbox 1283 1443 1500 1481; x_wconf 83' lang='lat' dir='ltr'>mutandum.</span> <span class='ocrx_word' id='word_1_548' title='bbox 1554 1443 1683 1481; x_wconf 80' lang='lat' dir='ltr'>Frustra</span> <span class='ocrx_word' id='word_1_549' title='bbox 1702 1445 1750 1481; x_wconf 87' lang='lat' dir='ltr'>est</span> <span class='ocrx_word' id='word_1_550' title='bbox 1767 1446 1819 1483; x_wconf 83' lang='lat' dir='ltr'>vir</span> <span class='ocrx_word' id='word_1_551' title='bbox 1835 1444 1958 1481; x_wconf 70' lang='lat' dir='ltr'>dostus</span> <span class='ocrx_word' id='word_1_552' title='bbox 1974 1471 1986 1487; x_wconf 86' lang='lat'>‚</span> <span class='ocrx_word' id='word_1_553' title='bbox 2027 1443 2081 1478; x_wconf 92' lang='lat' dir='ltr'>cui</span> <span class='ocrx_word' id='word_1_554' title='bbox 2104 1441 2239 1477; x_wconf 84' lang='lat' dir='ltr'>mirum</span> 
     </span>
     <span class='ocr_line' id='line_1_73' title="bbox 1218 1489 2239 1533; baseline -0.004 -3"><span class='ocrx_word' id='word_1_555' title='bbox 1218 1494 1307 1530; x_wconf 85' lang='lat' dir='ltr'>adeo</span> <span class='ocrx_word' id='word_1_556' title='bbox 1323 1494 1456 1531; x_wconf 91' lang='lat' dir='ltr'>videtur</span> <span class='ocrx_word' id='word_1_557' title='bbox 1473 1493 1582 1531; x_wconf 91' lang='lat' dir='ltr'>vestes</span> <span class='ocrx_word' id='word_1_558' title='bbox 1599 1491 1751 1533; x_wconf 87' lang='lat' dir='ltr'>forenses</span> <span class='ocrx_word' id='word_1_559' title='bbox 1767 1508 1787 1531; x_wconf 85' lang='lat' dir='ltr'>a</span> <span class='ocrx_word' id='word_1_560' title='bbox 1812 1493 1968 1532; x_wconf 87' lang='lat' dir='ltr'>foeminis</span> <span class='ocrx_word' id='word_1_561' title='bbox 1983 1489 2078 1530; x_wconf 75' lang='lat' dir='ltr'>fuisse</span> <span class='ocrx_word' id='word_1_562' title='bbox 2096 1501 2239 1527; x_wconf 88' lang='lat' dir='ltr'>contex-</span> 
     </span>
     <span class='ocr_line' id='line_1_74' title="bbox 1218 1540 2238 1590; baseline -0.004 -10"><span class='ocrx_word' id='word_1_563' title='bbox 1218 1555 1280 1582; x_wconf 90' lang='lat' dir='ltr'>tas.</span> <span class='ocrx_word' id='word_1_564' title='bbox 1305 1556 1377 1580; x_wconf 92' lang='lat' dir='ltr'>non</span> <span class='ocrx_word' id='word_1_565' title='bbox 1394 1546 1662 1582; x_wconf 84' lang='lat' dir='ltr'>meminerattot</span> <span class='ocrx_word' id='word_1_566' title='bbox 1672 1557 1833 1583; x_wconf 88' lang='lat' dir='ltr'>veterum</span> <span class='ocrx_word' id='word_1_567' title='bbox 1844 1543 2124 1582; x_wconf 80' lang='lat' dir='ltr'>testimoniorum</span> <span class='ocrx_word' id='word_1_568' title='bbox 2135 1569 2147 1584; x_wconf 92' lang='lat'><em>‚</em></span> <span class='ocrx_word' id='word_1_569' title='bbox 2162 1540 2238 1590; x_wconf 85' lang='lat' dir='ltr'>qui-</span> 
     </span>
     <span class='ocr_line' id='line_1_75' title="bbox 1220 1591 2238 1646; baseline -0.004 -16"><span class='ocrx_word' id='word_1_570' title='bbox 1220 1594 1285 1631; x_wconf 90' lang='lat' dir='ltr'>bus</span> <span class='ocrx_word' id='word_1_571' title='bbox 1305 1595 1372 1631; x_wconf 86' lang='lat' dir='ltr'>hoc</span> <span class='ocrx_word' id='word_1_572' title='bbox 1384 1594 1426 1631; x_wconf 89' lang='lat' dir='ltr'>de</span> <span class='ocrx_word' id='word_1_573' title='bbox 1440 1593 1529 1631; x_wconf 86' lang='lat' dir='ltr'>facili</span> <span class='ocrx_word' id='word_1_574' title='bbox 1548 1596 1685 1644; x_wconf 86' lang='lat' dir='ltr'>probari</span> <span class='ocrx_word' id='word_1_575' title='bbox 1702 1595 1823 1646; x_wconf 86' lang='lat' dir='ltr'>potest.</span> <span class='ocrx_word' id='word_1_576' title='bbox 1869 1596 1970 1631; x_wconf 89' lang='lat' dir='ltr'>Mitto</span> <span class='ocrx_word' id='word_1_577' title='bbox 1982 1591 2164 1630; x_wconf 88' lang='lat' dir='ltr'>Alexandri</span> <span class='ocrx_word' id='word_1_578' title='bbox 2175 1603 2238 1627; x_wconf 90' lang='lat' dir='ltr'>ex-</span> 
     </span>
     <span class='ocr_line' id='line_1_76' title="bbox 1220 1641 2235 1695; baseline -0.003 -15"><span class='ocrx_word' id='word_1_579' title='bbox 1220 1644 1399 1695; x_wconf 86' lang='lat' dir='ltr'>emplum,</span> <span class='ocrx_word' id='word_1_580' title='bbox 1427 1646 1484 1694; x_wconf 89' lang='lat' dir='ltr'>qui</span> <span class='ocrx_word' id='word_1_581' title='bbox 1502 1644 1591 1695; x_wconf 85' lang='lat' dir='ltr'>apud</span> <span class='ocrx_word' id='word_1_582' title='bbox 1611 1649 1770 1683; x_wconf 84' lang='lat' dir='ltr'>Curtium</span> <span class='ocrx_word' id='word_1_583' title='bbox 1787 1646 1875 1683; x_wconf 84' lang='lat' dir='ltr'>libro</span> <span class='ocrx_word' id='word_1_584' title='bbox 1886 1658 1919 1683; x_wconf 89' lang='lat' dir='ltr'>v.</span> <span class='ocrx_word' id='word_1_585' title='bbox 1940 1643 2076 1685; x_wconf 86' lang='lat' dir='ltr'>vestem</span> <span class='ocrx_word' id='word_1_586' title='bbox 2097 1652 2166 1692; x_wconf 84' lang='lat' dir='ltr'>qua</span> <span class='ocrx_word' id='word_1_587' title='bbox 2184 1641 2235 1677; x_wconf 86' lang='lat' dir='ltr'>in·</span> 
     </span>
     <span class='ocr_line' id='line_1_77' title="bbox 1220 1694 2238 1745; baseline -0.005 -15"><span class='ocrx_word' id='word_1_588' title='bbox 1220 1694 1319 1732; x_wconf 90' lang='lat' dir='ltr'>dutus</span> <span class='ocrx_word' id='word_1_589' title='bbox 1335 1707 1424 1738; x_wconf 87' lang='lat' dir='ltr'>erat,</span> <span class='ocrx_word' id='word_1_590' title='bbox 1447 1695 1600 1742; x_wconf 80' lang='lat' dir='ltr'>sororum</span> <span class='ocrx_word' id='word_1_591' title='bbox 1609 1708 1676 1733; x_wconf 82' lang='lat' dir='ltr'>non</span> <span class='ocrx_word' id='word_1_592' title='bbox 1684 1698 1808 1734; x_wconf 75' lang='lat' dir='ltr'>donum</span> <span class='ocrx_word' id='word_1_593' title='bbox 1811 1696 1921 1745; x_wconf 66' lang='lat' dir='ltr'>filum</span> <span class='ocrx_word' id='word_1_594' title='bbox 1931 1723 1943 1739; x_wconf 94' lang='lat'><em>‚</em></span> <span class='ocrx_word' id='word_1_595' title='bbox 1962 1694 2026 1743; x_wconf 71' lang='lat' dir='ltr'>fied</span> <span class='ocrx_word' id='word_1_596' title='bbox 2037 1694 2143 1729; x_wconf 81' lang='lat' dir='ltr'>etiam</span> <span class='ocrx_word' id='word_1_597' title='bbox 2159 1699 2238 1739; x_wconf 77' lang='lat' dir='ltr'>opus</span> 
     </span>
     <span class='ocr_line' id='line_1_78' title="bbox 1220 1742 2239 1798; baseline 0.003 -18"><span class='ocrx_word' id='word_1_598' title='bbox 1220 1745 1295 1792; x_wconf 58' lang='lat' dir='ltr'>effe,</span> <span class='ocrx_word' id='word_1_599' title='bbox 1325 1744 1412 1781; x_wconf 84' lang='lat' dir='ltr'>serio</span> <span class='ocrx_word' id='word_1_600' title='bbox 1433 1744 1597 1782; x_wconf 79' lang='lat' dir='ltr'>affirmat.</span> <span class='ocrx_word' id='word_1_601' title='bbox 1642 1747 1742 1798; x_wconf 86' lang='lat' dir='ltr'>Apud</span> <span class='ocrx_word' id='word_1_602' title='bbox 1774 1748 1918 1784; x_wconf 86' lang='lat' dir='ltr'>Statium</span> <span class='ocrx_word' id='word_1_603' title='bbox 1954 1758 2007 1784; x_wconf 83' lang='lat' dir='ltr'>lv.</span> <span class='ocrx_word' id='word_1_604' title='bbox 2055 1742 2239 1794; x_wconf 77' lang='lat' dir='ltr'>sylvarum</span> 
     </span>
     <span class='ocr_line' id='line_1_79' title="bbox 1220 1798 1929 1847; baseline 0.001 -16"><span class='ocrx_word' id='word_1_605' title='bbox 1220 1807 1315 1846; x_wconf 85' lang='lat' dir='ltr'>optat</span> <span class='ocrx_word' id='word_1_606' title='bbox 1332 1798 1451 1832; x_wconf 82' lang='lat' dir='ltr'>Roma</span> <span class='ocrx_word' id='word_1_607' title='bbox 1472 1799 1678 1847; x_wconf 87' lang='lat' dir='ltr'>Imperatori</span> <span class='ocrx_word' id='word_1_608' title='bbox 1695 1798 1929 1834; x_wconf 89' lang='lat' dir='ltr'>Domitiano:</span> 
     </span>
    </p>

    <p class='ocr_par' dir='ltr' id='par_1_21' title="bbox 1317 1854 2214 2006">
     <span class='ocr_line' id='line_1_80' title="bbox 1617 1854 2056 1906; baseline -0.005 -13"><span class='ocrx_word' id='word_1_609' title='bbox 1617 1880 1632 1885; x_wconf 98' lang='lat'>-</span> <span class='ocrx_word' id='word_1_610' title='bbox 1656 1881 1670 1886; x_wconf 97' lang='lat'><em>-</em></span> <span class='ocrx_word' id='word_1_611' title='bbox 1695 1881 1709 1886; x_wconf 95' lang='lat'>-</span> <span class='ocrx_word' id='word_1_612' title='bbox 1737 1863 1798 1893; x_wconf 81' lang='lat' dir='ltr'>Da</span> <span class='ocrx_word' id='word_1_613' title='bbox 1814 1857 1947 1906; x_wconf 78' lang='lat' dir='ltr'>gaudia</span> <span class='ocrx_word' id='word_1_614' title='bbox 1955 1854 2056 1902; x_wconf 77' lang='lat' dir='ltr'>fastis</span> 
     </span>
     <span class='ocr_line' id='line_1_81' title="bbox 1317 1903 2214 1957; baseline -0.001 -15"><span class='ocrx_word' id='word_1_615' title='bbox 1317 1906 1490 1943; x_wconf 59' lang='lat' dir='ltr'>Continuat</span> <span class='ocrx_word' id='word_1_616' title='bbox 1498 1922 1510 1942; x_wconf 89' lang='lat'><em>:</em></span> <span class='ocrx_word' id='word_1_617' title='bbox 1530 1905 1587 1941; x_wconf 80' lang='lat' dir='ltr'>hos</span> <span class='ocrx_word' id='word_1_618' title='bbox 1596 1905 1747 1943; x_wconf 82' lang='lat' dir='ltr'>humeros</span> <span class='ocrx_word' id='word_1_619' title='bbox 1757 1909 1862 1944; x_wconf 82' lang='lat' dir='ltr'>multo</span> <span class='ocrx_word' id='word_1_620' title='bbox 1864 1906 1958 1957; x_wconf 80' lang='lat' dir='ltr'>sinus</span> <span class='ocrx_word' id='word_1_621' title='bbox 1964 1904 2099 1942; x_wconf 76' lang='lat' dir='ltr'>ambiat</span> <span class='ocrx_word' id='word_1_622' title='bbox 2109 1903 2189 1953; x_wconf 79' lang='lat' dir='ltr'>ostro</span> <span class='ocrx_word' id='word_1_623' title='bbox 2199 1931 2214 1948; x_wconf 89' lang='lat'><strong><em>,</em></strong></span> 
     </span>
     <span class='ocr_line' id='line_1_82' title="bbox 1320 1955 2148 2006; baseline -0.001 -13"><span class='ocrx_word' id='word_1_624' title='bbox 1320 1962 1363 1993; x_wconf 85' lang='lat' dir='ltr'>Et</span> <span class='ocrx_word' id='word_1_625' title='bbox 1376 1966 1557 2005; x_wconf 76' lang='lat' dir='ltr'>properata</span> <span class='ocrx_word' id='word_1_626' title='bbox 1566 1967 1627 1992; x_wconf 69' lang='lat' dir='ltr'>tua</span> <span class='ocrx_word' id='word_1_627' title='bbox 1636 1957 1794 1993; x_wconf 79' lang='lat' dir='ltr'>manibus</span> <span class='ocrx_word' id='word_1_628' title='bbox 1801 1966 1963 2006; x_wconf 54' lang='lat' dir='ltr'>pretextu</span> <span class='ocrx_word' id='word_1_629' title='bbox 1972 1955 2148 1992; x_wconf 71' lang='lat' dir='ltr'>Minerva.</span> 
     </span>
    </p>
   </div>
   <div class='ocr_carea' id='block_1_14' title="bbox 1218 2014 2238 2976">
    <p class='ocr_par' dir='ltr' id='par_1_22' title="bbox 1218 2014 2238 2561">
     <span class='ocr_line' id='line_1_83' title="bbox 1219 2014 2238 2068; baseline -0.002 -13"><span class='ocrx_word' id='word_1_630' title='bbox 1219 2023 1306 2056; x_wconf 86' lang='lat' dir='ltr'>Ecce</span> <span class='ocrx_word' id='word_1_631' title='bbox 1325 2029 1440 2068; x_wconf 87' lang='lat' dir='ltr'>optat,</span> <span class='ocrx_word' id='word_1_632' title='bbox 1467 2029 1502 2054; x_wconf 93' lang='lat' dir='ltr'>ut</span> <span class='ocrx_word' id='word_1_633' title='bbox 1519 2018 1701 2068; x_wconf 85' lang='lat' dir='ltr'>quotannis</span> <span class='ocrx_word' id='word_1_634' title='bbox 1718 2017 1922 2060; x_wconf 86' lang='lat' dir='ltr'>fiatconsul,</span> <span class='ocrx_word' id='word_1_635' title='bbox 1952 2020 1989 2053; x_wconf 90' lang='lat'>&amp;</span> <span class='ocrx_word' id='word_1_636' title='bbox 2007 2014 2143 2065; x_wconf 87' lang='lat' dir='ltr'>semper</span> <span class='ocrx_word' id='word_1_637' title='bbox 2153 2028 2238 2053; x_wconf 85' lang='lat' dir='ltr'>cou-</span> 
     </span>
     <span class='ocr_line' id='line_1_84' title="bbox 1218 2066 2236 2118; baseline -0.001 -13"><span class='ocrx_word' id='word_1_638' title='bbox 1218 2068 1314 2105; x_wconf 86' lang='lat' dir='ltr'>sulari</span> <span class='ocrx_word' id='word_1_639' title='bbox 1331 2080 1491 2118; x_wconf 80' lang='lat' dir='ltr'>praetexta</span> <span class='ocrx_word' id='word_1_640' title='bbox 1502 2069 1633 2106; x_wconf 83' lang='lat' dir='ltr'>manib.</span> <span class='ocrx_word' id='word_1_641' title='bbox 1657 2070 1772 2106; x_wconf 85' lang='lat' dir='ltr'>uxoris</span> <span class='ocrx_word' id='word_1_642' title='bbox 1789 2067 1948 2105; x_wconf 70' lang='lat' dir='ltr'>confesta</span> <span class='ocrx_word' id='word_1_643' title='bbox 1966 2066 2156 2103; x_wconf 90' lang='lat' dir='ltr'>decoretur.</span> <span class='ocrx_word' id='word_1_644' title='bbox 2184 2070 2236 2104; x_wconf 81' lang='lat' dir='ltr'>Ex</span> 
     </span>
     <span class='ocr_line' id='line_1_85' title="bbox 1224 2116 2232 2170; baseline -0.001 -15"><span class='ocrx_word' id='word_1_645' title='bbox 1224 2119 1829 2170; x_wconf 83' lang='lat' dir='ltr'>hocmoreinterpretandum,quod</span> <span class='ocrx_word' id='word_1_646' title='bbox 1839 2118 1941 2156; x_wconf 85' lang='lat' dir='ltr'>refert</span> <span class='ocrx_word' id='word_1_647' title='bbox 1956 2117 2096 2154; x_wconf 82' lang='lat' dir='ltr'>Tacitus</span> <span class='ocrx_word' id='word_1_648' title='bbox 2104 2116 2162 2154; x_wconf 89' lang='lat' dir='ltr'>lib.</span> <span class='ocrx_word' id='word_1_649' title='bbox 2179 2130 2191 2153; x_wconf 87' lang='lat'>1</span> <span class='ocrx_word' id='word_1_650' title='bbox 2205 2131 2232 2154; x_wconf 81' lang='grc' dir='ltr'>ι.</span> 
     </span>
     <span class='ocr_line' id='line_1_86' title="bbox 1222 2166 2234 2219; baseline -0.004 -13"><span class='ocrx_word' id='word_1_651' title='bbox 1222 2169 1347 2206; x_wconf 86' lang='lat' dir='ltr'>Annal.</span> <span class='ocrx_word' id='word_1_652' title='bbox 1373 2183 1424 2214; x_wconf 82' lang='lat'>14.</span> <span class='ocrx_word' id='word_1_653' title='bbox 1455 2171 1702 2207; x_wconf 83' lang='lat' dir='ltr'>Germanicum</span> <span class='ocrx_word' id='word_1_654' title='bbox 1712 2179 1771 2218; x_wconf 85' lang='lat' dir='ltr'>per</span> <span class='ocrx_word' id='word_1_655' title='bbox 1790 2171 1935 2219; x_wconf 82' lang='lat' dir='ltr'>quietem</span> <span class='ocrx_word' id='word_1_656' title='bbox 1951 2166 2109 2215; x_wconf 75' lang='lat' dir='ltr'>vidiffi‘se</span> <span class='ocrx_word' id='word_1_657' title='bbox 2123 2176 2234 2214; x_wconf 83' lang='lat' dir='ltr'>opera-</span> 
     </span>
     <span class='ocr_line' id='line_1_87' title="bbox 1220 2216 2235 2269; baseline -0.003 -14"><span class='ocrx_word' id='word_1_658' title='bbox 1220 2229 1318 2264; x_wconf 83' lang='lat' dir='ltr'>tum,</span> <span class='ocrx_word' id='word_1_659' title='bbox 1346 2219 1667 2268; x_wconf 70' lang='lat' dir='ltr'>&amp;sanguinesacro</span> <span class='ocrx_word' id='word_1_660' title='bbox 1680 2220 1819 2268; x_wconf 81' lang='lat' dir='ltr'>respersa</span> <span class='ocrx_word' id='word_1_661' title='bbox 1821 2228 2004 2269; x_wconf 52' lang='lat' dir='ltr'>praetexta«,</span> <span class='ocrx_word' id='word_1_662' title='bbox 2009 2216 2235 2266; x_wconf 83' lang='lat' dir='ltr'>pulchriorem</span> 
     </span>
     <span class='ocr_line' id='line_1_88' title="bbox 1220 2265 2234 2318; baseline -0.003 -12"><span class='ocrx_word' id='word_1_663' title='bbox 1220 2270 1331 2306; x_wconf 79' lang='lat' dir='ltr'>aliam</span> <span class='ocrx_word' id='word_1_664' title='bbox 1350 2271 1510 2306; x_wconf 59' lang='lat' dir='ltr'>manibus</span> <span class='ocrx_word' id='word_1_665' title='bbox 1531 2270 1615 2306; x_wconf 67' lang='lat' dir='ltr'>avia</span> <span class='ocrx_word' id='word_1_666' title='bbox 1633 2269 1783 2317; x_wconf 64' lang='lat' dir='ltr'>Augusta</span> <span class='ocrx_word' id='word_1_667' title='bbox 1791 2268 1949 2318; x_wconf 60' lang='lat' dir='ltr'>accepiffi’.</span> <span class='ocrx_word' id='word_1_668' title='bbox 1976 2281 2048 2304; x_wconf 88' lang='lat' dir='ltr'>non</span> <span class='ocrx_word' id='word_1_669' title='bbox 2057 2267 2152 2304; x_wconf 87' lang='lat' dir='ltr'>enim</span> <span class='ocrx_word' id='word_1_670' title='bbox 2160 2265 2234 2305; x_wconf 81' lang='lat' dir='ltr'>fine</span> 
     </span>
     <span class='ocr_line' id='line_1_89' title="bbox 1221 2317 2233 2368; baseline -0.003 -11"><span class='ocrx_word' id='word_1_671' title='bbox 1221 2334 1257 2357; x_wconf 88' lang='lat' dir='ltr'>re</span> <span class='ocrx_word' id='word_1_672' title='bbox 1279 2322 1345 2357; x_wconf 88' lang='lat' dir='ltr'>hoc</span> <span class='ocrx_word' id='word_1_673' title='bbox 1365 2319 1566 2363; x_wconf 83' lang='lat' dir='ltr'>somniavit,</span> <span class='ocrx_word' id='word_1_674' title='bbox 1597 2319 1652 2356; x_wconf 83' lang='lat' dir='ltr'>sed</span> <span class='ocrx_word' id='word_1_675' title='bbox 1676 2318 1826 2357; x_wconf 76' lang='lat' dir='ltr'>caussam</span> <span class='ocrx_word' id='word_1_676' title='bbox 1844 2320 1961 2357; x_wconf 82' lang='lat' dir='ltr'>habuit</span> <span class='ocrx_word' id='word_1_677' title='bbox 1980 2331 2020 2355; x_wconf 86' lang='lat' dir='ltr'>ex</span> <span class='ocrx_word' id='word_1_678' title='bbox 2043 2331 2107 2361; x_wconf 91' lang='lat' dir='ltr'>e0,</span> <span class='ocrx_word' id='word_1_679' title='bbox 2136 2317 2233 2368; x_wconf 75' lang='lat' dir='ltr'>quod</span> 
     </span>
     <span class='ocr_line' id='line_1_90' title="bbox 1223 2369 2235 2421; baseline -0.003 -13"><span class='ocrx_word' id='word_1_680' title='bbox 1223 2371 1391 2420; x_wconf 76' lang='lat' dir='ltr'>Augustus</span> <span class='ocrx_word' id='word_1_681' title='bbox 1410 2376 1447 2408; x_wconf 75' lang='grc' dir='ltr'>ὃ(</span> <span class='ocrx_word' id='word_1_682' title='bbox 1469 2370 1527 2407; x_wconf 79' lang='lat' dir='ltr'>filii</span> <span class='ocrx_word' id='word_1_683' title='bbox 1545 2382 1617 2406; x_wconf 81' lang='lat' dir='ltr'>tam</span> <span class='ocrx_word' id='word_1_684' title='bbox 1634 2369 1735 2421; x_wconf 77' lang='lat' dir='ltr'>ipsius</span> <span class='ocrx_word' id='word_1_685' title='bbox 1752 2384 1858 2420; x_wconf 83' lang='lat' dir='ltr'>quam</span> <span class='ocrx_word' id='word_1_686' title='bbox 1877 2371 1982 2407; x_wconf 85' lang='lat' dir='ltr'>Liviae</span> <span class='ocrx_word' id='word_1_687' title='bbox 1999 2379 2117 2416; x_wconf 80' lang='lat' dir='ltr'>togas,</span> <span class='ocrx_word' id='word_1_688' title='bbox 2149 2381 2235 2419; x_wconf 81' lang='lat' dir='ltr'>prae-</span> 
     </span>
     <span class='ocr_line' id='line_1_91' title="bbox 1221 2419 2232 2470; baseline -0.004 -12"><span class='ocrx_word' id='word_1_689' title='bbox 1221 2432 1327 2458; x_wconf 86' lang='lat' dir='ltr'>textas</span> <span class='ocrx_word' id='word_1_690' title='bbox 1342 2450 1354 2465; x_wconf 95' lang='lat'><em>‚</em></span> <span class='ocrx_word' id='word_1_691' title='bbox 1382 2426 1419 2459; x_wconf 70' lang='lat'>6&lt;</span> <span class='ocrx_word' id='word_1_692' title='bbox 1437 2422 1470 2459; x_wconf 91' lang='lat' dir='ltr'>id</span> <span class='ocrx_word' id='word_1_693' title='bbox 1491 2433 1598 2470; x_wconf 81' lang='lat' dir='ltr'>genus</span> <span class='ocrx_word' id='word_1_694' title='bbox 1618 2421 1727 2458; x_wconf 83' lang='lat' dir='ltr'>vestes</span> <span class='ocrx_word' id='word_1_695' title='bbox 1747 2421 1896 2459; x_wconf 85' lang='lat' dir='ltr'>forenses</span> <span class='ocrx_word' id='word_1_696' title='bbox 1913 2419 2087 2457; x_wconf 70' lang='lat' dir='ltr'>confestas</span> <span class='ocrx_word' id='word_1_697' title='bbox 2102 2420 2232 2464; x_wconf 77' lang='lat' dir='ltr'>Liviae,</span> 
     </span>
     <span class='ocr_line' id='line_1_92' title="bbox 1221 2466 2227 2522; baseline -0.001 -14"><span class='ocrx_word' id='word_1_698' title='bbox 1221 2473 1402 2516; x_wconf 58' lang='lat' dir='ltr'>octaviae,</span> <span class='ocrx_word' id='word_1_699' title='bbox 1427 2477 1464 2510; x_wconf 67' lang='grc' dir='ltr'>ὅ(</span> <span class='ocrx_word' id='word_1_700' title='bbox 1487 2473 1651 2516; x_wconf 73' lang='lat' dir='ltr'>juliarum</span> <span class='ocrx_word' id='word_1_701' title='bbox 1669 2472 1828 2510; x_wconf 83' lang='lat' dir='ltr'>manibus</span> <span class='ocrx_word' id='word_1_702' title='bbox 1847 2471 1977 2522; x_wconf 82' lang='lat' dir='ltr'>gestare</span> <span class='ocrx_word' id='word_1_703' title='bbox 1999 2466 2104 2506; x_wconf 83' lang='lat' dir='ltr'>essent</span> <span class='ocrx_word' id='word_1_704' title='bbox 2129 2468 2227 2508; x_wconf 88' lang='lat' dir='ltr'>soliti.</span> 
     </span>
     <span class='ocr_line' id='line_1_93' title="bbox 1223 2521 1743 2561; baseline -0.004 -1"><span class='ocrx_word' id='word_1_705' title='bbox 1223 2526 1358 2561; x_wconf 89' lang='lat' dir='ltr'>Verum</span> <span class='ocrx_word' id='word_1_706' title='bbox 1375 2523 1417 2559; x_wconf 88' lang='lat' dir='ltr'>de</span> <span class='ocrx_word' id='word_1_707' title='bbox 1437 2524 1487 2560; x_wconf 83' lang='lat' dir='ltr'>his</span> <span class='ocrx_word' id='word_1_708' title='bbox 1503 2521 1636 2558; x_wconf 76' lang='lat' dir='ltr'>affatim</span> <span class='ocrx_word' id='word_1_709' title='bbox 1653 2521 1743 2558; x_wconf 83' lang='lat' dir='ltr'>alibi.</span> 
     </span>
    </p>

    <p class='ocr_par' dir='ltr' id='par_1_23' title="bbox 1222 2569 2232 2725">
     <span class='ocr_line' id='line_1_94' title="bbox 1278 2569 2232 2623; baseline -0.004 -15"><span class='ocrx_word' id='word_1_710' title='bbox 1278 2574 1370 2621; x_wconf 87' lang='lat' dir='ltr'>Togis</span> <span class='ocrx_word' id='word_1_711' title='bbox 1386 2587 1491 2623; x_wconf 77' lang='lat' dir='ltr'>neque</span> <span class='ocrx_word' id='word_1_712' title='bbox 1508 2571 1661 2620; x_wconf 49' lang='lat' dir='ltr'>rdlricffis</span> <span class='ocrx_word' id='word_1_713' title='bbox 1678 2586 1735 2609; x_wconf 86' lang='lat' dir='ltr'>nec</span> <span class='ocrx_word' id='word_1_714' title='bbox 1748 2569 1871 2622; x_wconf 74' lang='lat' dir='ltr'><strong><em>fufi5·]</em></strong></span> <span class='ocrx_word' id='word_1_715' title='bbox 1930 2569 2001 2607; x_wconf 73' lang='lat' dir='ltr'>111ae</span> <span class='ocrx_word' id='word_1_716' title='bbox 2027 2580 2123 2606; x_wconf 87' lang='lat' dir='ltr'>erant</span> <span class='ocrx_word' id='word_1_717' title='bbox 2146 2581 2232 2619; x_wconf 84' lang='lat' dir='ltr'>prae-</span> 
     </span>
     <span class='ocr_line' id='line_1_95' title="bbox 1223 2621 2232 2674; baseline -0.004 -14"><span class='ocrx_word' id='word_1_718' title='bbox 1223 2636 1404 2674; x_wconf 87' lang='lat' dir='ltr'>parcorum</span> <span class='ocrx_word' id='word_1_719' title='bbox 1433 2628 1471 2661; x_wconf 68' lang='grc' dir='ltr'>ὃ(</span> <span class='ocrx_word' id='word_1_720' title='bbox 1500 2621 1711 2671; x_wconf 65' lang='grc' dir='ltr'>μικρολόγων</span> <span class='ocrx_word' id='word_1_721' title='bbox 1722 2651 1735 2666; x_wconf 86' lang='grc'><em>,</em></span> <span class='ocrx_word' id='word_1_722' title='bbox 1773 2623 1824 2660; x_wconf 81' lang='lat' dir='ltr'>hae</span> <span class='ocrx_word' id='word_1_723' title='bbox 1853 2622 2095 2661; x_wconf 69' lang='lat' dir='ltr'>distin-{torum</span> <span class='ocrx_word' id='word_1_724' title='bbox 2116 2622 2153 2656; x_wconf 71' lang='grc' dir='ltr'>ὅ(</span> <span class='ocrx_word' id='word_1_725' title='bbox 2171 2632 2232 2657; x_wconf 86' lang='lat' dir='ltr'>ne-</span> 
     </span>
     <span class='ocr_line' id='line_1_96' title="bbox 1222 2687 1967 2725; baseline -0.008 -14"><span class='ocrx_word' id='word_1_726' title='bbox 1222 2687 1355 2725; x_wconf 82' lang='lat' dir='ltr'>potum.</span> <span class='ocrx_word' id='word_1_727' title='bbox 1962 2701 1967 2705; x_wconf 88' lang='lat'>.</span> 
     </span>
    </p>

    <p class='ocr_par' dir='ltr' id='par_1_24' title="bbox 1220 2722 2236 2976">
     <span class='ocr_line' id='line_1_97' title="bbox 1276 2722 2236 2772; baseline -0.003 -12"><span class='ocrx_word' id='word_1_728' title='bbox 1276 2724 1387 2761; x_wconf 74' lang='lat' dir='ltr'>clavo</span> <span class='ocrx_word' id='word_1_729' title='bbox 1404 2738 1460 2762; x_wconf 82' lang='lat' dir='ltr'>nec</span> <span class='ocrx_word' id='word_1_730' title='bbox 1477 2723 1545 2760; x_wconf 75' lang='lat' dir='ltr'>lato</span> <span class='ocrx_word' id='word_1_731' title='bbox 1557 2735 1614 2759; x_wconf 85' lang='lat' dir='ltr'>nec</span> <span class='ocrx_word' id='word_1_732' title='bbox 1629 2723 1773 2772; x_wconf 80' lang='lat' dir='ltr'>angusto.</span> <span class='ocrx_word' id='word_1_733' title='bbox 1788 2723 1803 2770; x_wconf 85' lang='lat'>]</span> <span class='ocrx_word' id='word_1_734' title='bbox 1832 2724 1944 2758; x_wconf 72' lang='lat' dir='ltr'>Caute</span> <span class='ocrx_word' id='word_1_735' title='bbox 1955 2722 2079 2771; x_wconf 84' lang='lat' dir='ltr'>accipe.</span> <span class='ocrx_word' id='word_1_736' title='bbox 2105 2731 2149 2757; x_wconf 88' lang='lat' dir='ltr'>an</span> <span class='ocrx_word' id='word_1_737' title='bbox 2158 2732 2236 2757; x_wconf 77' lang='lat' dir='ltr'>non</span> 
     </span>
     <span class='ocr_line' id='line_1_98' title="bbox 1223 2771 2233 2824; baseline -0.006 -12"><span class='ocrx_word' id='word_1_738' title='bbox 1223 2776 1318 2812; x_wconf 89' lang='lat' dir='ltr'>enim</span> <span class='ocrx_word' id='word_1_739' title='bbox 1334 2775 1403 2812; x_wconf 84' lang='lat' dir='ltr'>lato</span> <span class='ocrx_word' id='word_1_740' title='bbox 1424 2776 1524 2812; x_wconf 80' lang='lat' dir='ltr'>clavo</span> <span class='ocrx_word' id='word_1_741' title='bbox 1540 2773 1613 2810; x_wconf 83' lang='lat' dir='ltr'>usus</span> <span class='ocrx_word' id='word_1_742' title='bbox 1623 2774 1813 2824; x_wconf 78' lang='lat' dir='ltr'>Augustus?</span> <span class='ocrx_word' id='word_1_743' title='bbox 1842 2776 1942 2809; x_wconf 90' lang='lat' dir='ltr'>Sane.</span> <span class='ocrx_word' id='word_1_744' title='bbox 1971 2771 2027 2808; x_wconf 86' lang='lat' dir='ltr'>sed</span> <span class='ocrx_word' id='word_1_745' title='bbox 2042 2773 2088 2807; x_wconf 83' lang='lat' dir='ltr'>ita</span> <span class='ocrx_word' id='word_1_746' title='bbox 2106 2783 2142 2807; x_wconf 87' lang='lat' dir='ltr'>ut</span> <span class='ocrx_word' id='word_1_747' title='bbox 2155 2784 2233 2821; x_wconf 87' lang='lat' dir='ltr'>pur-</span> 
     </span>
     <span class='ocr_line' id='line_1_99' title="bbox 1223 2821 2233 2876; baseline -0.005 -14"><span class='ocrx_word' id='word_1_748' title='bbox 1223 2838 1364 2875; x_wconf 78' lang='lat' dir='ltr'>puram,</span> <span class='ocrx_word' id='word_1_749' title='bbox 1390 2839 1430 2863; x_wconf 88' lang='lat' dir='ltr'>ex</span> <span class='ocrx_word' id='word_1_750' title='bbox 1440 2836 1506 2876; x_wconf 90' lang='lat' dir='ltr'>qua</span> <span class='ocrx_word' id='word_1_751' title='bbox 1521 2823 1634 2862; x_wconf 88' lang='lat' dir='ltr'>clavus</span> <span class='ocrx_word' id='word_1_752' title='bbox 1644 2823 1770 2869; x_wconf 86' lang='lat' dir='ltr'>fiebat,</span> <span class='ocrx_word' id='word_1_753' title='bbox 1803 2824 1901 2874; x_wconf 88' lang='lat' dir='ltr'>supra</span> <span class='ocrx_word' id='word_1_754' title='bbox 1910 2821 2060 2859; x_wconf 87' lang='lat' dir='ltr'>modum</span> <span class='ocrx_word' id='word_1_755' title='bbox 2069 2835 2140 2857; x_wconf 89' lang='lat' dir='ltr'>non</span> <span class='ocrx_word' id='word_1_756' title='bbox 2152 2821 2233 2858; x_wconf 82' lang='lat' dir='ltr'>dila·</span> 
     </span>
     <span class='ocr_line' id='line_1_100' title="bbox 1220 2872 2231 2926; baseline 0 -14"><span class='ocrx_word' id='word_1_757' title='bbox 1220 2888 1305 2913; x_wconf 88' lang='lat' dir='ltr'>taret</span> <span class='ocrx_word' id='word_1_758' title='bbox 1313 2876 1531 2925; x_wconf 87' lang='lat' dir='ltr'>quorundam</span> <span class='ocrx_word' id='word_1_759' title='bbox 1540 2888 1661 2918; x_wconf 88' lang='lat' dir='ltr'>more,</span> <span class='ocrx_word' id='word_1_760' title='bbox 1684 2876 1742 2926; x_wconf 89' lang='lat' dir='ltr'>qui</span> <span class='ocrx_word' id='word_1_761' title='bbox 1759 2877 1810 2922; x_wconf 71' lang='grc' dir='ltr'>τῷ</span> <span class='ocrx_word' id='word_1_762' title='bbox 1824 2874 1953 2911; x_wconf 68' lang='grc' dir='ltr'>πλάτει</span> <span class='ocrx_word' id='word_1_763' title='bbox 1971 2874 2027 2913; x_wconf 69' lang='grc' dir='ltr'>τῆς</span> <span class='ocrx_word' id='word_1_764' title='bbox 2044 2872 2231 2919; x_wconf 60' lang='grc' dir='ltr'><strong><em>πορφύρας,</em></strong></span> 
     </span>
     <span class='ocr_line' id='line_1_101' title="bbox 1222 2924 2229 2976; baseline -0.007 -12"><span class='ocrx_word' id='word_1_765' title='bbox 1222 2939 1258 2964; x_wconf 92' lang='lat' dir='ltr'>ut</span> <span class='ocrx_word' id='word_1_766' title='bbox 1267 2928 1436 2965; x_wconf 79' lang='lat' dir='ltr'>Lucianus</span> <span class='ocrx_word' id='word_1_767' title='bbox 1447 2928 1512 2969; x_wconf 90' lang='lat' dir='ltr'>ait,</span> <span class='ocrx_word' id='word_1_768' title='bbox 1522 2924 1589 2962; x_wconf 90' lang='lat' dir='ltr'>sese</span> <span class='ocrx_word' id='word_1_769' title='bbox 1598 2926 1687 2976; x_wconf 85' lang='lat' dir='ltr'>apud</span> <span class='ocrx_word' id='word_1_770' title='bbox 1696 2926 1814 2976; x_wconf 75' lang='lat' dir='ltr'>vulgus</span> <span class='ocrx_word' id='word_1_771' title='bbox 1825 2924 2059 2965; x_wconf 79' lang='lat' dir='ltr'>venditabant.</span> <span class='ocrx_word' id='word_1_772' title='bbox 2089 2925 2229 2958; x_wconf 86' lang='lat' dir='ltr'>Horum</span> 
     </span>
    </p>
   </div>
   <div class='ocr_carea' id='block_1_15' title="bbox 158 2974 2231 3034">
    <p class='ocr_par' dir='ltr' id='par_1_25' title="bbox 158 2974 2231 3034">
     <span class='ocr_line' id='line_1_102' title="bbox 158 2974 2231 3034; baseline -0.002 -22"><span class='ocrx_word' id='word_1_773' title='bbox 158 2989 286 3034; x_wconf 76' lang='lat' dir='ltr'>guum,</span> <span class='ocrx_word' id='word_1_774' title='bbox 306 2976 371 3013; x_wconf 86' lang='lat' dir='ltr'>hoc</span> <span class='ocrx_word' id='word_1_775' title='bbox 381 2975 544 3022; x_wconf 56' lang='lat' dir='ltr'>euro-,pla</span> <span class='ocrx_word' id='word_1_776' title='bbox 553 2977 764 3014; x_wconf 81' lang='lat' dir='ltr'>multorum:</span> <span class='ocrx_word' id='word_1_777' title='bbox 793 2976 933 3027; x_wconf 87' lang='lat' dir='ltr'>suntque</span> <span class='ocrx_word' id='word_1_778' title='bbox 954 2978 1057 3013; x_wconf 88' lang='lat' dir='ltr'>etiam</span> <span class='ocrx_word' id='word_1_779' title='bbox 1068 2977 1168 3015; x_wconf 90' lang='lat' dir='ltr'>nobis</span> <span class='ocrx_word' id='word_1_780' title='bbox 1223 2978 1375 3028; x_wconf 66' lang='lat' dir='ltr'>respectu</span> <span class='ocrx_word' id='word_1_781' title='bbox 1397 2975 1655 3027; x_wconf 81' lang='lat' dir='ltr'>angusticlavius</span> <span class='ocrx_word' id='word_1_782' title='bbox 1672 2977 1839 3027; x_wconf 67' lang='lat' dir='ltr'>Augustus</span> <span class='ocrx_word' id='word_1_783' title='bbox 1849 2974 2009 3028; x_wconf 84' lang='lat' dir='ltr'>appellari</span> <span class='ocrx_word' id='word_1_784' title='bbox 2018 2974 2147 3025; x_wconf 87' lang='lat' dir='ltr'>potuit,</span> <span class='ocrx_word' id='word_1_785' title='bbox 2171 2974 2231 3021; x_wconf 88' lang='lat' dir='ltr'>qui</span> 
     </span>
    </p>
   </div>
   <div class='ocr_carea' id='block_1_16' title="bbox 159 3026 1202 3099">
    <p class='ocr_par' dir='ltr' id='par_1_26' title="bbox 159 3026 1202 3099">
     <span class='ocr_line' id='line_1_103' title="bbox 159 3026 1202 3099; baseline 0.007 -37"><span class='ocrx_word' id='word_1_786' title='bbox 159 3026 342 3076; x_wconf 74' lang='lat' dir='ltr'>aliquando</span> <span class='ocrx_word' id='word_1_787' title='bbox 358 3026 438 3065; x_wconf 85' lang='lat' dir='ltr'>visa.</span> <span class='ocrx_word' id='word_1_788' title='bbox 463 3027 557 3068; x_wconf 86' lang='lat' dir='ltr'>Vide</span> <span class='ocrx_word' id='word_1_789' title='bbox 573 3027 751 3079; x_wconf 79' lang='lat' dir='ltr'>Auguffin.</span> <span class='ocrx_word' id='word_1_790' title='bbox 775 3027 819 3066; x_wconf 91' lang='lat' dir='ltr'>de</span> <span class='ocrx_word' id='word_1_791' title='bbox 837 3028 973 3070; x_wconf 80' lang='lat' dir='ltr'>Civitat.</span> <span class='ocrx_word' id='word_1_792' title='bbox 1001 3027 1169 3069; x_wconf 86' lang='lat' dir='ltr'>Deilibro</span> <span class='ocrx_word' id='word_1_793' title='bbox 1192 3036 1202 3099; x_wconf 75' lang='grc' dir='ltr'>Ι</span> 
     </span>
    </p>
   </div>
   <div class='ocr_carea' id='block_1_17' title="bbox 159 3088 458 3129">
    <p class='ocr_par' dir='ltr' id='par_1_27' title="bbox 159 3088 458 3129">
     <span class='ocr_line' id='line_1_104' title="bbox 159 3088 458 3129; baseline 0 -12"><span class='ocrx_word' id='word_1_794' title='bbox 159 3088 215 3117; x_wconf 82' lang='lat' dir='ltr'>xv.</span> <span class='ocrx_word' id='word_1_795' title='bbox 242 3089 314 3129; x_wconf 87' lang='lat' dir='ltr'>cap.</span> <span class='ocrx_word' id='word_1_796' title='bbox 333 3090 458 3117; x_wconf 66' lang='lat' dir='ltr'>intui.</span> 
     </span>
    </p>
   </div>
   <div class='ocr_carea' id='block_1_18' title="bbox 1221 3019 2234 3180">
    <p class='ocr_par' dir='ltr' id='par_1_28' title="bbox 1221 3019 2234 3180">
     <span class='ocr_line' id='line_1_105' title="bbox 1223 3019 2229 3065; baseline -0.007 0"><span class='ocrx_word' id='word_1_797' title='bbox 1223 3040 1342 3065; x_wconf 86' lang='lat' dir='ltr'>tamen</span> <span class='ocrx_word' id='word_1_798' title='bbox 1359 3028 1490 3064; x_wconf 88' lang='lat' dir='ltr'>ratione</span> <span class='ocrx_word' id='word_1_799' title='bbox 1509 3025 1678 3065; x_wconf 87' lang='lat' dir='ltr'>inferioris</span> <span class='ocrx_word' id='word_1_800' title='bbox 1701 3019 1828 3065; x_wconf 68' lang='lat' dir='ltr'>oidinis</span> <span class='ocrx_word' id='word_1_801' title='bbox 1847 3027 2028 3065; x_wconf 84' lang='lat' dir='ltr'>laticlavius</span> <span class='ocrx_word' id='word_1_802' title='bbox 2046 3035 2130 3061; x_wconf 81' lang='lat' dir='ltr'>erat.</span> <span class='ocrx_word' id='word_1_803' title='bbox 2187 3026 2229 3059; x_wconf 77' lang='lat' dir='ltr'>ln</span> 
     </span>
     <span class='ocr_line' id='line_1_106' title="bbox 1221 3071 2231 3169; baseline -0.007 -52"><span class='ocrx_word' id='word_1_804' title='bbox 1221 3080 1292 3122; x_wconf 80' lang='lat' dir='ltr'>vita</span> <span class='ocrx_word' id='word_1_805' title='bbox 1310 3078 1495 3119; x_wconf 81' lang='lat' dir='ltr'>Alexandri</span> <span class='ocrx_word' id='word_1_806' title='bbox 1510 3079 1627 3169; x_wconf 53' lang='lat' dir='ltr'>Sevtgi</span> <span class='ocrx_word' id='word_1_807' title='bbox 1642 3078 1756 3129; x_wconf 84' lang='lat' dir='ltr'>legere</span> <span class='ocrx_word' id='word_1_808' title='bbox 1765 3079 1935 3124; x_wconf 81' lang='lat' dir='ltr'>memini,</span> <span class='ocrx_word' id='word_1_809' title='bbox 1960 3073 2173 3161; x_wconf 64' lang='lat' dir='ltr'>mitiffununlt</span> <span class='ocrx_word' id='word_1_810' title='bbox 2193 3071 2231 3107; x_wconf 78' lang='lat' dir='ltr'>il·</span> 
     </span>
     <span class='ocr_line' id='line_1_107' title="bbox 1629 3135 2234 3180; baseline -0.005 -11"><span class='ocrx_word' id='word_1_811' title='bbox 1629 3143 1657 3180; x_wconf 75' lang='lat' dir='ltr'>g</span> <span class='ocrx_word' id='word_1_812' title='bbox 1682 3142 1705 3169; x_wconf 79' lang='lat' dir='ltr'><strong><em>z</em></strong></span> <span class='ocrx_word' id='word_1_813' title='bbox 2172 3135 2234 3166; x_wconf 73' lang='lat' dir='ltr'>um</span> 
     </span>
    </p>
   </div>
  </div>
 </body>
</html>
