2504 3425
606 158 995 239 THEon.
1073 156 1140 212 M

166 250 454 291 Anteambulones
471 251 525 296 [²5
548 253 707 301 togatulos
732 254 821 291 inter

162 306 312 340 Centum
333 302 481 340 merebor
496 303 666 352 plumbeos
684 303 737 340 die
756 314 833 343 toto.

162 353 454 391 Anteambulones
482 352 535 396 Εἴ
554 353 715 403 togatulos
734 353 787 396 δὶς
807 357 842 392 τὸ
861 354 942 391 ἀντὶ
963 352 1045 391 dixit
1070 365 1134 402 pro

106 404 397 443 anteambulones
420 416 570 454 togatos.
614 406 666 441 Sic
689 407 806 456 Epigr.
837 419 967 444 xv111.
995 404 1054 442 lib.
1081 418 1134 441 11.

163 460 245 491 Sum
262 469 366 493 comes
383 458 444 504 ipse
462 465 540 492 tufts
551 484 560 496 ,
591 454 784 505 tumidique
809 454 1023 493 anteambulo
1041 454 1134 502 regis.

112 507 254 542 Tumidl
267 520 397 558 nempe
428 518 510 557 toga
528 507 646 544 durata
666 536 677 550 ,
711 510 749 544 δε
783 507 914 544 tabellis
943 503 1138 556 composita

109 553 182 593 {ive
211 556 342 596 tabula.
400 557 677 594 Anteambulare
696 587 707 601 ,
752 558 969 607 προπέμπειν
989 586 1001 601 ,
1037 567 1073 592 ut
1101 556 1135 591 in

105 607 255 646 Gloffisi
290 608 548 653 Anteambuu,
580 607 791 655 προπέμπω.
853 608 971 645 Iidem
995 619 1133 658 quoque

106 660 310 708 Antepedes.
355 660 524 710 Agraetius
545 674 556 696 ι
594 660 828 708 circumpedes
847 659 1028 707 servorum
1051 656 1135 703 obse-

103 708 186 756 quia
201 729 212 754 5
249 713 424 759 antepedes
441 710 639 747 amicorum.
689 714 739 747 Ex
758 709 951 754 Juvenale,
985 709 1133 760 opinor,

102 760 200 806 cujus
216 760 296 799 illud
315 764 433 812 Satyra
451 775 493 801 vr
507 775 533 799 1.

215 832 276 842 -‹--
301 815 420 861 Togati
437 812 623 860 antepedes.

155 863 214 899 De
232 863 283 900 his
301 875 440 914 quoque
461 862 650 912 Simplicius
671 862 706 897 in
731 862 941 909 Epistetum.
998 856 1131 908 Vespa-

102 910 216 950 sianus
244 915 344 963 igitur
372 913 467 965 quasi
494 911 722 949 anteambulo
751 911 798 947 sui
825 910 920 947 fratis
946 938 958 952 ,
997 909 1130 946 albatus

101 964 227 1014 quippe
256 965 370 1002 solitus
397 972 479 1000 cum
521 973 726 1011 praetextato
769 965 805 996 ὃ(
842 959 1012 998 laticlavio
1048 956 1124 995 ess'e.
1146 942 1151 1012 l

99 1016 218 1064 Reges
241 1028 359 1053 autem
384 1012 446 1064 ipsi
466 1013 653 1063 praetextati
684 1015 814 1048 Romae
833 1027 844 1048 ε
881 1009 1031 1046 clientuli
1055 1009 1127 1047 five
1146 1014 1148 1043 1

99 1067 389 1103 anteambulones
405 1062 451 1099 illi
474 1062 593 1105 albati,
624 1074 659 1099 ut
683 1061 773 1113 apud
790 1061 988 1099 Martialem
1011 1061 1124 1113 Epigr.

99 1126 181 1153 ινι.
201 1115 259 1154 lib.
279 1130 306 1154 ι.
340 1116 432 1151 Hinc
451 1114 542 1165 apud
562 1113 717 1158 Juvenal.
742 1116 808 1150 Sat.
821 1127 854 1151 x.

211 1188 269 1196 -—-
294 1165 470 1214 Niveique
487 1165 653 1211 adfraena
672 1164 837 1213 Qirites.

155 1211 460 1254 Anteambulones
476 1229 561 1254 vero
585 1215 629 1252 illi
649 1227 720 1250 non
739 1213 875 1265 semper
898 1213 1050 1263 pedites,
1075 1210 1133 1249 sed

98 1264 259 1304 lautiores
277 1281 417 1318 quoque
434 1268 470 1304 in
489 1267 584 1318 equis
599 1295 611 1310 ,
648 1265 733 1302 sellis
749 1294 761 1310 ,
800 1265 939 1302 lesticis.
996 1263 1133 1301 Indicio

63 1345 65 1347 .
99 1316 150 1354 est
169 1318 270 1356 Idem
290 1323 359 1357 Sat.
376 1333 405 1356 1.

146 1369 319 1406 Tribunus
350 1367 545 1416 militum]
592 1369 645 1405 Sic
678 1366 804 1404 melius
850 1366 1005 1418 plerique
1034 1366 1131 1411 libri,

100 1430 208 1468 quam
227 1419 305 1462 alii,
334 1418 530 1455 Tribunatu
548 1419 726 1461 militum,
754 1422 823 1455 δίς.
865 1431 901 1455 ιιι
921 1420 1028 1455 etiam
1046 1431 1133 1455 mox

102 1470 246 1516 Qaeslor
267 1474 414 1506 Cretam
433 1498 445 1512 ‚
487 1472 558 1506 δίς.
596 1482 669 1506 non
688 1480 806 1506 autem
822 1468 997 1517 Qteflura
1017 1498 1028 1512 ,
1065 1472 1136 1506 &c.

104 1517 246 1556 Tamen
265 1519 345 1564 Julii
364 1532 395 1558 c.
414 1534 466 1557 ιν.
499 1519 602 1563 dixit,
633 1519 831 1555 Tribunatu
848 1520 1003 1557 militum
1024 1522 1140 1557 auft'o-

102 1579 153 1604 res
163 1570 286 1618 juvit,
314 1573 384 1608 &c.
442 1569 509 1607 Sed
525 1584 578 1608 res
595 1568 729 1609 diversa
745 1569 804 1608 est.

156 1621 301 1668 Qaestor
319 1625 462 1657 Cretam
487 1620 540 1663 Εἴ
559 1625 710 1669 Cyrenas
725 1620 987 1669 provinciam]
1034 1623 1139 1658 Creta

100 1668 207 1706 insula
223 1700 234 1714 ,
263 1675 303 1708 «Sc
325 1674 473 1721 Cyrenae
499 1670 569 1709 five
604 1671 801 1721 Pentapolis
837 1683 906 1707 una
935 1672 1139 1721 provincia,

105 1732 141 1757 ιιι
163 1722 312 1771 Appian.
334 1721 390 1758 lib.
418 1735 453 1757 11
469 1736 494 1758 ι.
525 1722 583 1758 ubi
601 1725 645 1759 C.
659 1720 776 1759 Caffio
796 1721 940 1759 Caesaris
959 1720 1140 1772 percussori

108 1773 289 1823 provincia
314 1774 453 1822 Cyrena
478 1775 515 1807 δε
530 1775 646 1808 Creta.

161 1822 362 1872 Qaestores
398 1833 518 1858 autem
562 1823 616 1858 alii
655 1822 881 1873 provinciales
907 1852 918 1867 ‚
972 1833 1008 1859 ut
1050 1836 1141 1860 nunc

105 1872 361 1923 Vespasianus,
391 1872 448 1909 alii
467 1872 638 1910 candidati
655 1873 822 1918 Caesaris,
841 1885 877 1910 ut
894 1873 916 1910 l.
929 1874 1068 1916 unica§.
1087 1888 1096 1910 1
1112 1888 1138 1911 1.

105 1926 153 1961 D.
183 1923 226 1960 de
251 1924 362 1962 offic.
402 1923 518 1974 quaest.
572 1925 685 1975 Atque
714 1925 841 1961 horum
876 1923 1004 1960 melior
1035 1923 1141 1973 longe

104 1974 283 2018 conditio,
313 1976 357 2013 de
368 1987 434 2026 qua
463 1974 617 2022 Velleius
638 1975 694 2013 lib.
715 1989 766 2013 ιι.
798 1979 838 2012 Ει
858 1976 1009 2025 tangitur
1029 1970 1142 2022 Qun-

107 2026 234 2063 &iliani
254 2039 329 2077 cap.
350 2040 429 2064 111.
451 2024 509 2063 lib.
521 2041 555 2065 v.
588 2027 636 2063 Hi
655 2027 690 2063 in
710 2025 841 2077 republ.
862 2037 979 2063 vetere
996 2024 1138 2074 quaesto·

76 2109 79 2111 Α
108 2090 162 2114 res
185 2079 291 2115 aerarii
308 2108 321 2122 ,
370 2075 441 2115 five
459 2078 646 2127 quaestores
663 2078 796 2116 urbani.
833 2076 960 2114 Ascon.
1002 2076 1036 2112 in
1059 2090 1137 2115 ιιι.

109 2130 249 2167 verrin.
280 2133 325 2167 T.
337 2129 453 2167 Livius
472 2128 529 2165 lib.
548 2143 601 2167 xv.

163 2183 256 2215 Sorte
273 2178 391 2229 cepit.]
417 2182 477 2215 De
504 2180 684 2231 quaestoria
705 2179 962 2231 provinciarum
986 2177 1131 2215 sortitio-

111 2242 157 2265 ne
174 2229 305 2266 Tullius
331 2243 396 2279 pro
420 2233 567 2268 Murena
583 2260 595 2275 ,
624 2231 771 2282 Philipp.
795 2246 847 2268 11.
876 2227 979 2279 Epist.
999 2243 1057 2270 vx.
1078 2229 1137 2268 lib.

110 2292 168 2318 vt.
201 2279 245 2316 ad
264 2280 364 2318 Attic.

169 2334 330 2378 Sextoque
354 2330 454 2379 loca]
491 2336 610 2380 quue
635 2331 771 2369 ultimo.
826 2331 930 2368 Tullii
959 2331 1035 2368 Cic.
1077 2330 1139 2368 sa:-

115 2380 196 2418 culo
215 2380 353 2419 ultimus
372 2382 407 2417 in
432 2381 582 2418 aediliutn
609 2383 782 2418 creatione
800 2411 811 2425 ,
858 2394 996 2432 quartus
1023 2381 1138 2429 locus;

113 2445 199 2469 nam
223 2431 339 2468 aediles
367 2443 446 2468 tunc
472 2446 522 2471 ιν.
562 2431 765 2481 Vespasiani
782 2444 942 2481 tempore
960 2461 973 2475 ,
1013 2431 1135 2472 sextus.

115 2495 202 2522 nam
234 2482 348 2519 aediles
376 2479 435 2520 vr.
475 2481 495 2518 l.
528 2496 581 2518 11.
604 2486 633 2525 ἕ.
674 2483 803 2518 Deinde
830 2482 1004 2518 Cornelius
1035 2485 1137 2530 sylla.

116 2535 162 2572 de
183 2535 283 2585 Orig.
310 2535 380 2578 Jur.
408 2536 454 2570 T.
479 2533 595 2571 Livius
619 2531 690 2568 fine
709 2532 767 2569 lib.
789 2545 847 2571 vl.
878 2533 951 2569 Dio
969 2530 1047 2581 ⁴fine
1077 2533 1136 2571 lib.

116 2599 180 2623 xm
195 2600 246 2623 ιι.

173 2638 238 2672 Vix
253 2637 393 2684 adeptus
410 2633 488 2683 eft]
527 2634 589 2670 Vix
608 2634 758 2684 intellige
776 2645 846 2668 non
867 2631 1000 2669 senatus
1023 2632 1138 2670 suffra-

118 2689 182 2740 giis
202 2716 213 2730 ,
254 2687 309 2732 sed
339 2685 513 2724 beneficio
541 2687 703 2735 Principis
730 2684 806 2726 Caii
830 2711 842 2726 ,
889 2694 1142 2734 proptereaque

122 2737 355 2788 Vespafianus
374 2736 520 2774 infensus
535 2737 661 2772 senatui
681 2765 690 2779 ‚
721 2747 754 2772 ιιι
782 2733 867 2769 inti-a
888 2733 1035 2770 dicturus
1064 2738 1144 2771 Sue-

122 2792 264 2833 tonius,
301 2789 483 2832 videlicet,
517 2789 594 2838 quia
633 2787 801 2836 repulsam
833 2783 939 2834 paffus
969 2796 988 2819 a
1018 2783 1143 2822 senatu.

75 2851 79 2856 ·
123 2840 443 2891 Quemadmodum
480 2852 566 2877 vero
598 2837 813 2887 magistratus
842 2833 1013 2871 beneficia
1042 2834 1146 2872 essent

127 2894 313 2943 Principis,
341 2902 433 2941 patet
454 2891 578 2926 Dionis
594 2890 652 2926 lib.
665 2902 727 2926 ινι
744 2903 796 2925 ιι.

180 2943 278 2981 Olim
301 2942 462 2980 videlicet
490 2941 615 2978 sivein
640 2938 813 2992 republica
841 2949 956 2974 vetere
988 2934 1147 2987 suffragia

125 2995 240 3046 populi
257 2995 294 3030 in
316 2994 463 3030 comitiis
481 3007 490 3028 2
521 2991 596 3042 post
616 2993 651 3027 in
670 3004 740 3040 rep.
756 3003 848 3026 nova
873 2989 1006 3025 senatus
1029 2987 1145 3025 sustra-

127 3058 183 3095 gra
199 3059 233 3081 in
252 3046 341 3081 curia
359 3073 370 3089 ,
399 3056 434 3080 ut
451 3055 542 3094 patet
561 3043 684 3078 Dionis
704 3042 783 3077 loco
803 3039 918 3077 anted.
955 3039 1026 3089 Qii
1050 3039 1146 3078 locus
1202 3053 1284 3078 nota
1305 3052 1385 3076 cum
1407 3036 1544 3074 aliunde
1566 3063 1576 3077 ,
1618 3046 1691 3070 tum
1718 3045 1758 3068 ex
1779 3030 1948 3076 Plutarchi
1979 3034 2094 3067 Bruto.

126 3094 314 3133 mendosus
334 3095 427 3132 male
445 3105 562 3132 notata
580 3091 847 3144 interpofitione.

1181 168 1734 209 ARCILIUS·
2149 167 2210 207 11

1250 250 1411 299 Princeps
1438 248 1552 299 itaque
1581 258 1638 284 aut
1665 245 1733 297 ipse
1761 257 1822 295 per
1849 242 1882 282 se
1898 243 2087 283 mandabat
2107 251 2218 296 magi-

1188 299 1327 345 stratus,
1356 312 1415 337 aut
1427 300 1586 349 petitores
1598 295 1871 335 commendabat
1881 294 2045 348 suffragiis
2061 296 2192 335 senatus
2205 317 2218 338 :

1189 351 1312 402 quibus
1329 363 1490 388 neutrum
1516 349 1596 387 esset
1613 362 1632 384 a
1651 348 1808 396 Principe
1827 375 1838 390 ‚
1868 347 1918 383 his
1937 359 2053 396 petere
2083 348 2217 386 necess'e

1188 415 1207 438 a
1228 403 1374 446 senatu,
1410 402 1537 438 Dionis
1570 400 1649 437 loco
1679 399 1820 436 eodem.
1879 397 2048 435 Postremi
2078 399 2213 445 hujusce

1186 455 1321 503 generis
1344 454 1468 503 petitor
1484 449 1715 501 Vespasianus
1738 448 1906 499 repulsam
1926 448 2033 499 passus
2060 461 2080 486 a
2098 450 2215 488 senatu

1186 506 1220 541 in
1247 504 1413 541 aedilitatis
1441 503 1606 553 petitione
1630 531 1640 545 ‚
1699 502 1849 537 eandem
1884 500 2029 550 adeptus
2065 513 2086 537 a
2123 505 2217 547 Cajo

1186 556 1356 603 Principe,
1416 556 1508 590 Hinc
1534 553 1655 589 odium
1681 554 1753 597 eius
1787 552 1821 587 in
1848 550 2025 595 senatum,
2058 550 2213 591 benevo-

1183 604 1286 641 lentia
1306 606 1340 640 in
1360 606 1500 649 Caium.
1558 605 1608 640 Ac
1624 602 1877 638 commendare
1897 602 2037 652 quidem
2059 603 2213 640 tribuum

1184 654 1352 705 suffragiis
1372 655 1501 702 primus
1529 653 1666 690 instituit
1683 653 1787 696 „lulius
1805 652 1939 695 Caesar,
1968 655 2119 690 Suetonii
2136 666 2212 704 cap.

1182 717 1262 742 xm.
1290 704 1357 741 Sed
1389 703 1559 753 Augustus
1586 717 1666 740 curn
1694 704 1770 753 lege
1799 705 1890 752 regia
1921 703 2037 754 populi
2067 704 2215 753 potestas

1183 757 1299 792 omnis
1320 756 1355 790 in
1375 767 1456 790 eum
1473 754 1632 790 transsata
1651 752 1731 789 esset
1751 783 1762 797 ,
1799 753 1956 802 suffragia
1984 755 2149 791 transtulit
2170 754 2214 792 ad

1180 805 1364 848 senatum,
1411 817 1454 841 eo
1478 815 1641 854 praetextu
1667 832 1679 846 ‚
1726 803 1817 852 quasi
1849 804 2065 842 multitudine
2087 818 2216 856 praepe-

1180 855 1294 892 dieute
1321 884 1332 898 ‚
1374 858 1445 902 jam
1473 854 1618 905 populus
1648 855 1835 891 convenire
1863 867 1937 890 non
1967 854 2076 903 poffet
2095 871 2106 893 ι
2148 856 2212 906 qui

1181 918 1361 956 praetextus
1397 917 1433 942 ut
1464 917 1545 942 vera
1574 903 1670 940 causa
1699 906 1834 952 ponitur
1862 903 1883 940 l.
1906 917 1957 941 ιι.
1992 909 2049 948 ἕῳ
2078 907 2213 943 Deinde

1181 971 1264 1006 quta
1294 955 1428 1004 dzfficile
1468 958 1515 992 D.
1553 955 1596 991 de
1624 955 1769 1003 Origine
1787 955 1859 997 Jur.
1893 957 1926 996 δ.
1962 955 2128 1002 Scriptum
2153 969 2215 993 au-

1180 1009 1326 1056 temjus.
1374 1006 1479 1044 Instit.
1527 1005 1569 1042 de
1597 1007 1677 1049 Jure
1705 1015 1772 1041 nat.
1814 1005 1865 1040 Sic
1890 1003 2045 1053 intellige
2081 1005 2213 1044 dietum

1181 1058 1367 1096 Modestini
1389 1058 1410 1095 l.
1430 1058 1530 1094 unica
1555 1056 1597 1093 de
1617 1057 1762 1093 Ambitu
1788 1069 1798 1090 :
1827 1055 1891 1090 Aa
1909 1067 2029 1090 curam
2049 1056 2214 1104 Principis

1183 1110 1446 1159 magistratuum
1464 1107 1589 1145 creatio
1599 1107 1747 1156 pertinet
1764 1134 1776 1150 ,
1817 1118 1883 1142 non
1908 1106 1956 1141 ad
1976 1104 2089 1154 populi
2108 1106 2215 1152 savo-

1186 1174 1279 1203 rem,
1305 1163 1375 1197 &a

1243 1215 1290 1248 Ut
1321 1222 1439 1248 autem
1467 1222 1556 1247 nunc
1588 1206 1821 1258 Vespaflanus
1846 1207 1902 1243 vix
1929 1204 2001 1243 sine
2038 1204 2216 1245 beneficio

1185 1262 1370 1313 Principis,
1396 1265 1443 1304 δε,
1458 1261 1581 1297 ultimo
1605 1259 1685 1296 loco
1704 1258 1808 1296 aedilis
1831 1255 1959 1300 fastus,
1985 1269 2059 1293 non
2076 1256 2216 1294 diffimia

1195 1312 1270 1349 liter
1286 1313 1378 1363 apud
1398 1313 1609 1348 Ciceronem
1629 1311 1788 1347 Vatinius
1810 1309 1870 1347 vix
1898 1307 2003 1344 aedilis
2029 1306 2140 1344 factus
2158 1308 2219 1348 be·-

1188 1362 1316 1401 neficio
1332 1375 1413 1400 cos.
1433 1366 1470 1401 ὅ(
1496 1362 1700 1413 postremus.

1244 1419 1288 1450 Et
1315 1414 1471 1463 inprimis
1491 1422 1623 1461 prator.
1647 1413 1661 1458 j
1715 1412 1950 1450 Renunciatio
1984 1408 2218 1460 quaestorum,

1189 1464 1343 1502 aediliurn
1364 1494 1375 1508 ,
1407 1475 1594 1515 praetorum
1619 1463 1729 1514 plures
1758 1464 1877 1501 habuit
1902 1461 2038 1512 gradus.
2098 1464 2220 1510 Itaque

1191 1516 1322 1553 Tullius
1340 1530 1404 1565 pro
1425 1518 1572 1551 Murena
1589 1543 1600 1557 ‚
1639 1516 1862 1552 Renuntiatio
1880 1542 1892 1557 ,
1931 1512 2038 1562 inquit
2057 1540 2069 1554 ‚
2090 1512 2219 1560 gradus

1191 1566 1304 1604 babet.
1363 1568 1411 1603 Hi
1430 1565 1555 1615 gradus
1580 1563 1799 1615 poriffimum
1818 1577 1886 1601 tres
1909 1579 1918 1601 :
1948 1564 2078 1613 primus
2095 1591 2106 1605 ,
2144 1575 2221 1598 me-

1192 1617 1296 1662 dius,
1349 1617 1556 1667 postremus.
1615 1618 1737 1653 Primo
1762 1615 1870 1668 gradu
1909 1614 1984 1656 illi,
2033 1613 2089 1662 qui
2117 1614 2221 1662 primi

1192 1670 1433 1705 renunciantur
1452 1682 1461 1705 :
1514 1667 1650 1703 ecundo
1675 1665 1746 1704 five
1764 1665 1884 1704 medio
1904 1694 1914 1709 ‚
1953 1665 2010 1714 qui
2029 1664 2186 1712 inprimis
2206 1693 2219 1707 ‚

1192 1730 1227 1756 ut
1249 1733 1339 1757 nunc
1359 1717 1612 1769 Vespasianus,
1641 1721 1678 1754 δι
1704 1717 1835 1754 Tullius
1853 1716 1896 1752 de
1924 1715 1956 1751 se
1976 1714 2048 1763 ipso
2076 1714 2111 1750 in
2131 1713 2223 1750 Piso-

1194 1784 1278 1808 nem
1299 1786 1310 1807 :
1335 1771 1457 1806 Tertio
1478 1767 1549 1806 five
1575 1769 1754 1818 postremo
1772 1797 1782 1811 ,
1811 1769 1869 1817 qui
1888 1766 1999 1802 ultimi
2016 1766 2223 1801 renuncian-

1195 1833 1268 1866 tur‚
1294 1833 1329 1858 ut
1346 1834 1437 1857 nunc
1465 1819 1694 1869 Vespasianus
1706 1818 1876 1868 quaestor,
1907 1816 2116 1852 &Vatinius
2129 1816 2221 1864 apud

1196 1873 1274 1913 Cic.
1313 1871 1493 1921 Imprimis
1519 1872 1630 1920 itaque
1647 1870 1833 1906 renunciati
1852 1897 1863 1910 ,
1895 1868 1954 1916 qui
1973 1864 2122 1901 secundo
2150 1864 2222 1902 five

1197 1922 1318 1959 medio
1337 1922 1602 1958 renunciationis
1621 1919 1745 1971 gradu.
1804 1920 1940 1954 Primus
1957 1916 2224 1953 renunciationis

1222 1974 1321 2010 radus
1360 1970 1612 2009 honestiffimus
1629 2000 1640 2013 ‚
1675 1970 1766 2006 unde
1790 1968 1952 2017 frequens
1978 1966 2136 2016 gloriatio
2163 1970 2216 2003 M.

1196 2024 1326 2067 Tullii,
1357 2024 1390 2060 se
1419 2024 1575 2073 primum
1594 2033 1778 2072 praetorem
1806 2020 2071 2060 renunciatum,
2101 2028 2136 2053 ut
2154 2031 2219 2067 pro

1194 2077 1370 2126 Pompeio
1389 2103 1400 2117 ‚
1430 2075 1464 2111 in
1493 2076 1597 2123 Toga
1625 2071 1772 2108 candida
1792 2100 1803 2113 ,
1837 2070 1928 2121 apud
1948 2068 2072 2105 Ascon.
2113 2068 2147 2103 in
2171 2069 2224 2104 Pi-

1192 2128 1316 2164 sonem
1339 2154 1351 2169 ,
1389 2123 1461 2161 fine
1487 2125 1589 2160 Bruti.
1637 2124 1833 2160 &Servius
1860 2120 1982 2171 Sulpic.
2029 2117 2118 2169 apud
2147 2120 2219 2156 Cic.

1193 2191 1256 2229 pro
1265 2179 1434 2219 Murena,
1460 2173 1645 2225 gloriatur,
1663 2172 1695 2210 se
1710 2174 1861 2221 primum
1877 2170 2056 2221 qzmstorem
2067 2168 2221 2212 fanum,

1191 2235 1228 2268 ὃς
1274 2228 1444 2265 Ausonius
1477 2228 1510 2261 in
1534 2228 1628 2261 Grat.
1674 2227 1740 2260 ast.
1784 2222 1817 2258 se
1860 2220 2036 2267 Consulem
2072 2221 2222 2266 priorem

1179 2272 1333 2328 saelum.
1362 2278 1482 2316 Medio
1510 2276 1618 2325 gradu
1636 2274 1689 2310 alii
1713 2273 1923 2310 ¹nonestiores
1944 2270 2032 2312 aliis,
2060 2282 2187 2318 nempe
2205 2299 2214 2312 ‚

1192 2345 1229 2369 ut
1264 2331 1381 2382 primo
1418 2327 1557 2379 quisque
1591 2326 1782 2374 proximus.
1838 2321 1906 2359 Sed
1946 2333 2073 2357 omnes
2117 2320 2220 2370 inpri-

1190 2385 1276 2426 mis,
1305 2383 1384 2431 quia
1402 2392 1481 2415 ante
1505 2378 1730 2427 postremum.
1788 2377 1829 2410 Et
1860 2373 1938 2409 hinc
1965 2371 2071 2408 etiam
2091 2369 2219 2419 gloria-

1190 2435 1238 2472 tio
1256 2433 1361 2469 Tullii
1384 2433 1418 2467 in
1438 2429 1550 2467 Pison.
1589 2428 1621 2464 se
1646 2425 1825 2475 quesitorem
1847 2424 2085 2459 renunciatum
2114 2420 2218 2467 inpri-

1189 2487 1266 2521 mis.
1309 2487 1347 2519 &
1381 2495 1472 2519 nunc
1502 2479 1657 2516 Suetonii
1694 2477 1737 2511 de
1774 2472 2000 2523 Vespasiano.
2067 2469 2221 2509 Ultimus

1190 2546 1307 2570 autem
1327 2533 1421 2568 locus
1443 2544 1514 2566 uon
1544 2528 1615 2563 line
1634 2528 1758 2563 rubore
1786 2529 1823 2561 ὃ(
1844 2519 1995 2574 quadam
2014 2519 2108 2569 quasi
2131 2519 2216 2557 infa-

1189 2585 1260 2621 mia
1275 2612 1287 2627 ‚
1316 2594 1353 2618 ut
1369 2594 1458 2618 nunc
1484 2577 1718 2629 Vespasiano,
1746 2580 1782 2612 δε
1802 2576 1942 2613 Vatinio
1965 2570 2055 2622 apud
2075 2572 2218 2609 Cicero„

1194 2649 1288 2671 nem·

1252 2682 1568 2721 Renunciationem
1594 2680 1709 2729 accipe
1731 2690 1821 2713 nunc
1838 2676 1967 2712 factam
1985 2672 2030 2709 ab
2053 2685 2098 2708 eo
2116 2701 2126 2716 ,
2156 2674 2214 2723 qui

1202 2735 1307 2772 habet
1330 2733 1473 2770 comitia
1492 2760 1503 2774 ‚
1537 2742 1572 2766 ut
1597 2742 1677 2766 cos,
1710 2732 1812 2764 Erant
1831 2728 1923 2763 enim
1952 2728 1988 2761 δε
2023 2722 2096 2758 aliae
2117 2723 2214 2766 duae,

1202 2798 1269 2823 una
1285 2798 1373 2823 voce
1390 2784 1533 2826 alicuius
1554 2780 1597 2817 de
1618 2780 1768 2817 centuria
1787 2777 1842 2815 {iia
1856 2806 1868 2821 ,
1899 2776 2004 2813 altera
2024 2786 2112 2812 voce
2132 2787 2216 2825 prae-

1200 2837 1295 2874 conis
1309 2837 1343 2872 in
1365 2834 1526 2872 centuria.

1254 2888 1363 2924 Ludos
1385 2881 1672 2921 extraordinarios
1692 2889 1753 2928 pro
1782 2879 1928 2916 vir‘lorta
1948 2878 2014 2925 ejus
2035 2877 2220 2913 Germani-

1201 2937 1276 2987 ca.]
1305 2936 1393 2974 Ludi
1413 2933 1574 2972 ordinarii
1595 2961 1605 2975 ,
1643 2944 1731 2981 quos
1763 2942 1887 2980 praetor
1914 2929 2010 2965 initio
2040 2940 2097 2964 aut
2127 2927 2218 2962 exitu

1199 3001 1350 3043 praeturae
1367 3017 1379 3032 ‚
1420 2990 1455 3023 δε
1483 2984 1532 3021 ob
1555 2994 1707 3034 praetura:
1736 2981 1907 3017 honorem
1933 2979 2036 3018 dabat
2058 3009 2069 3023 ‚
2109 2988 2144 3012 ut
2169 2988 2223 3062 {Es-

2152 3030 2165 3061 [
2212 3038 2223 3060 ι

1203 3096 1245 3131 C.
1267 3088 1398 3131 Caffius
1415 3091 1463 3125 M.
1488 3090 1630 3123 Brutum
1669 3082 1714 3120 (ic
1740 3077 1896 3126 adfatur,
1932 3081 1976 3118 ab
2000 3081 2077 3118 aliis
2105 3083 2225 3136 Praesto-

1428 3136 1624 3178 Bbbbbb
1656 3148 1675 3171 z
2141 3137 2234 3161 mus
