2504 3425
508 75 1930 166 T.FLAv1usDoM’²111ANth.
2175 110 2284 181 665

196 193 363 258 quoties
395 190 633 253 prodirent,
665 193 811 239 lectica
841 191 1121 256 sequebatur:
1166 206 1212 238 ac
1238 193 1495 257 triumphum
1517 197 1732 259 utriusque
1754 196 2007 260 Judaicum,
2054 212 2167 260 equo
2197 201 2293 249 albo

193 257 414 302 comitatus
445 254 518 300 est.
583 260 634 301 In
666 255 731 302 sex
765 257 1044 304 consulatibus
1068 292 1081 312 ‚
1133 273 1221 302 non
1264 257 1339 302 nili
1369 276 1502 304 unum
1524 260 1777 306 ordinarium
1802 259 1923 321 gessit
1944 278 1957 305 t
2003 277 2184 323 eumque
2218 279 2290 308 ce-

193 318 317 364 dente
333 354 346 374 ,
380 322 425 363 &
450 317 692 382 suffragante
718 319 854 368 fratre.
923 323 1141 367 Simulavit
1175 325 1219 366 &
1253 321 1336 381 ipse
1360 325 1462 369 mire
1486 322 1726 369 modestiam
1750 341 1761 368 ε
1796 326 1838 369 in
1864 324 2089 386 primisque
2114 327 2289 386 poeticae

191 379 397 438 studium,
432 396 514 427 tam
540 382 745 430 insuetum
764 401 879 430 antea
903 384 976 430 sibi
996 421 1008 441 ‚
1044 402 1169 447 quam
1189 383 1327 446 postea
1350 385 1528 448 spretum
1555 392 1597 432 δε
1612 387 1840 444 abjeetum:
1878 389 2147 451 recitavitque
2165 391 2288 437 ctiam

189 444 374 507 publice.
442 449 539 492 Nec
565 461 704 493 tamen
727 465 779 493 eo
797 448 948 504 secius,
982 464 1077 493 cum
1098 445 1338 509 Vologesus
1368 450 1608 496 Parthorum
1632 468 1700 496 rex
1716 452 1865 496 auxilia
1885 450 2074 498 adversus
2098 452 2289 509 Alanos,

187 507 425 572 ducemque
447 511 620 557 alterum
643 529 693 557 ex
725 512 963 574 Vespasiani
986 512 1125 556 liberis
1147 510 1468 572 depoposcisset‚
1498 516 1615 558 omni
1641 531 1720 574 ope
1743 514 1989 571 contendit,
2021 530 2068 561 ut
2100 515 2186 576 ipse
2208 533 2289 578 po-

183 571 390 618 ¹tissimum
414 576 655 635 mitteretur.
719 576 775 620 Et
795 578 892 638 quia
911 574 1077 619 discussa
1097 590 1157 618 res
1175 571 1257 628 est,
1293 576 1394 620 alios
1421 578 1609 621 Orientis
1629 594 1769 639 reges,
1804 592 1849 622 ut
1872 579 1984 624 idem
2006 577 2284 640 postularent,

188 634 313 682 donis
334 653 379 682 ac
405 638 778 699 pollicitationibus
800 635 1013 684 sollicitare
1037 638 1222 683 tentavit.
1287 641 1406 683 Patre
1430 638 1655 696 defuneto,
1690 641 1761 685 diu
1772 643 2004 699 cunc‘latus,
2038 659 2089 687 an
2111 641 2287 704 duplum

189 771 314 821 bitaret
340 784 374 810 nt
388 775 544 823 privatus.
605 774 705 809 Nam
724 773 823 810 Titus
839 771 897 821 qui
915 785 988 808 non
1005 770 1116 808 solum
1136 772 1211 806 Cae-

188 822 262 867 sar,
290 822 348 860 sed
365 823 533 874 Augustus
547 822 793 865 consalutatus,
813 820 959 858 seorsim
979 819 1205 864 habitabat.J.

189 875 290 912 Lm.

241 922 431 972 sellamque
451 922 518 972 ejus
537 934 578 958 ac
586 921 738 967 fratris,
764 920 888 968 quoties
900 919 1098 967 prodirent,
1118 917 1209 953 [eori-

186 971 230 1009 σᾶ
240 971 483 1022 sequebatur]
524 970 687 1020 Intelligit
705 969 925 1019 gestatoriam
941 997 954 1013 ‚
992 981 1066 1005 non
1093 981 1128 1006 ut
1147 971 1211 1004 Be-

185 1023 325 1060 roaldus
358 1021 524 1058 curulem.
582 1022 722 1058 Lectica
755 1020 946 1057 vehebatur
983 1020 1209 1056 Domitianus

182 1070 329 1121 sequens
345 1097 359 1113 ,
385 1070 479 1120 quod
501 1071 674 1108 hdnorem
690 1069 792 1108 valde
809 1070 988 1107 deminuit.
1045 1071 1144 1106 Nam
1164 1069 1209 1105 le-

181 1121 272 1158 stica
288 1119 406 1158 minor
423 1132 516 1163 erat,
541 1134 650 1170 quam
665 1120 756 1158 sella.
785 1121 822 1157 in
843 1119 897 1156 illa
917 1121 1013 1156 enim
1031 1121 1205 1164 jacente5‚

2150 706 2283 751 dona-

1259 770 1332 814 lor,
1361 772 1546 820 (Namque
1556 774 1657 821 pote)
1688 773 1740 817 Εἴ
1755 774 1902 820 Solymo,
1929 780 2000 815 &c,
2036 779 2116 814 Nec
2135 773 2280 813 firmare

1260 833 1346 870 opus
1364 823 1528 872 exemplis
1555 825 1672 860 tritum
1693 824 1760 859 boc
1781 822 1974 873 significatu
1985 836 2059 875 pote
2079 827 2114 864 in
2142 827 2284 877 optimis

1260 872 1456 908 audior-ibus
1474 900 1485 915 ‚
1526 877 1562 909 ὃ(
1586 885 1604 908 e
1630 875 1803 910 contrario
1831 874 1961 912 dierum
1990 877 2128 914 Catullo
2150 877 2279 924 impote.

1261 926 1362 957 Nunc
1377 924 1457 970 jam
1482 922 1544 958 illa
1565 935 1630 958 non
1648 923 1736 959 vult.
1768 927 1819 958 Tu
1837 936 1963 972 quoque
1980 926 2100 972 impote
2117 940 2158 963 es.
2222 938 2282 962 ua·

1258 983 1293 1006 re
1315 977 1383 1007 Nec
1398 982 1466 1021 quae
1474 972 1570 1020 fugit
1579 973 1730 1018 seciare,
1756 984 1813 1007 nec
1823 973 1922 1020 miser
1941 974 2036 1010 vive.
2092 977 2169 1012 Scio
2187 977 2281 1013 aliter

1258 1034 1350 1058 nunc
1369 1021 1455 1073 legi,
1483 1022 1539 1059 sed
1559 1022 1655 1072 quod
1673 1020 1784 1072 scripsi
1797 1050 1808 1066 ,
1837 1022 1984 1059 arbitror
2000 1035 2138 1060 verum.

1313 1077 1358 1108 Et
1378 1073 1461 1121 quia
1478 1072 1615 1121 discussis
1631 1085 1680 1108 res
1700 1070 1780 1119 effi]
1829 1072 1949 1109 Scribo
1969 1071 2041 1109 fine
2056 1073 2110 1119 est.
2146 1073 2281 1121 Discusss

1249 1121 1330 1169 sam
1347 1133 1465 1159 autem
1489 1136 1559 1159 rem
1581 1122 1661 1159 dicit
1676 1123 1799 1171 quovis
1815 1122 1927 1160 modo
1944 1123 2149 1160 tranlhesam
2176 1135 2279 1173 atque

183 1171 221 1209 in
236 1170 300 1209 hac
317 1169 472 1209 sedentes
485 1170 709 1213 ferebantur,
747 1172 806 1221 ¹qui
823 1170 1036 1222 Principibus
1059 1171 1128 1206 cari
1157 1169 1206 1206 ob
1257 1171 1504 1222 compositam.
1553 1173 1605 1209 Sic
1623 1173 1818 1218 diffindere,
1835 1172 1971 1218 secare,
1995 1173 2155 1211 decidere.

184 1234 261 1259 rem
285 1220 376 1257 bene
395 1220 553 1270 gestam,
588 1234 645 1259 aut
665 1222 772 1258 etiam
799 1219 925 1257 eadem
951 1233 1032 1256 cum
1051 1221 1207 1270 Principe

1311 1222 1471 1270 Displuni
1483 1223 1689 1260 donativum
1704 1221 1809 1258 militi
1827 1222 2005 1270 donaret.]
2045 1223 2215 1267 Mallem,
2243 1234 2280 1261 ut

182 1267 263 1310 sella
281 1270 508 1317 ferebantur,
543 1282 581 1307 ut
608 1273 709 1308 Titus
733 1284 814 1307 cum
839 1281 934 1320 patre
953 1298 965 1313 ,
1002 1270 1095 1320 quod
1120 1271 1208 1307 inter
1255 1271 1290 1307 in
1315 1285 1386 1310 uno
1411 1272 1490 1311 cod.
1512 1273 1658 1322 offerret,
1685 1285 1758 1309 non
1773 1271 1867 1322 quod
1883 1272 2054 1323 displiceat
2070 1274 2277 1310 donativum

178 1322 336 1360 honores
355 1319 423 1358 ess‘e
449 1321 596 1358 ostendit
611 1323 646 1369 in
669 1324 805 1358 Neron.
827 1333 900 1369 cap.
924 1335 955 1364 9.
991 1334 1071 1356 cum
1089 1333 1207 1357 recen·
1255 1322 1381 1359 donare
1394 1351 1406 1366 ,
1435 1320 1491 1360 sed
1508 1325 1588 1374 quia
1606 1321 1717 1370 offerre
1735 1321 1789 1359 hic
1804 1324 1916 1373 magis
1935 1323 2101 1360 idoneum
2120 1322 2181 1361 est.
2210 1324 2275 1359 du-

179 1372 230 1411 set
253 1371 379 1423 quibus
404 1371 594 1408 honoribus
621 1382 774 1408 matrem
800 1371 1030 1420 Agrippinam
1058 1370 1200 1408 coluerit
1244 1371 1345 1418 plum
1367 1374 1462 1411 enirn
1482 1373 1635 1424 intelligo
1653 1375 1725 1421 ejus
1743 1401 1756 1417 ,
1793 1373 1886 1424 quod
1905 1372 2008 1411 frater
2023 1375 2124 1413 Titus
2142 1374 2274 1423 promi-

178 1424 267 1462 inter
279 1422 364 1464 hos,
380 1421 474 1470 quod
493 1421 672 1458 veheretur
697 1421 824 1459 eadem
842 1421 940 1465 sella,
973 1433 1014 1457 ac
1032 1421 1179 1471 detnceps
1188 1449 1202 1466 ,
1252 1422 1353 1463 sei-ate

179 1474 408 1524 ejusdemsaepe
425 1470 544 1508 leHica
552 1480 612 1520 per
622 1468 796 1520 publicum
812 1474 939 1508 vestas.
996 1474 1111 1509 IDEM.

502 1542 537 1575 T
565 1552 590 1575 o
620 1547 645 1576 'R
675 1545 702 1576 it
731 1551 753 1576 E
783 1552 808 1576 N
837 1546 877 1577 T.

235 1598 331 1646 Equo
343 1595 418 1632 albo
435 1599 616 1634 comitatus
632 1598 715 1646 esth]
743 1598 826 1634 Ἐπὶ
846 1597 991 1639 κέλητος
1012 1598 1113 1636 vertit
1132 1603 1202 1636 Zo-

1561 1496 1954 1533 CAsAuBoN.

1303 1563 1493 1601 Simulavit
1513 1562 1566 1607 ξδ’
1581 1564 1643 1612 ipse
1666 1563 1753 1599 mire
1772 1560 1966 1610 modestiam
1988 1590 2000 1607 ‚
2037 1564 2075 1598 in
2087 1563 2274 1612 primisque

1244 1614 1372 1660 poetica
1386 1614 1583 1661 studium.]
1628 1612 1750 1650 Codex
1767 1614 1899 1660 Cujacii
1918 1611 1990 1658 sim.
2016 1610 2070 1655 Εἴ
2100 1613 2105 1619 ’
2118 1614 2150 1659 s
2228 1613 2237 1620 ‘

178 1658 291 1684 naras·
343 1649 422 1684 Nec
451 1646 547 1684 male
570 1652 719 1685 zonal'ae
741 1651 906 1698 interpres
933 1661 1062 1699 equum
1089 1647 1202 1699 fingu·
1249 1663 1443 1710 modestiam
1463 1667 1500 1700 in
1515 1665 1658 1712 primis,
1678 1665 1867 1712 poeticaque
1876 1663 1920 1710 st
1952 1665 2010 1699 De
2034 1664 2169 1711 poetica
2191 1666 2270 1700 Do-

179 1696 290 1734 larem
303 1697 458 1747 exponit.
501 1710 588 1734 nam
611 1702 650 1735 ἃ.
674 1700 811 1749 navigia
838 1699 1001 1749 quaedam
1028 1701 1200 1744 astum-ia,

1250 1715 1387 1751 mitiani·
1412 1714 1507 1751 idem
1531 1715 1671 1751 Tacitus
1696 1728 1707 1751 ε
1751 1724 1786 1750 at
1808 1713 1930 1751 Fabius
1960 1716 1999 1750 δε
2026 1712 2152 1750 Plinius
2178 1714 2268 1750 mire

179 1746 275 1796 quod
289 1759 367 1783 non·
379 1758 514 1784 tantum
535 1759 636 1785 remo
652 1759 796 1797 agantur
811 1778 822 1792 ‚
862 1748 920 1785 seu
938 1762 1117 1787 remorum
1141 1763 1198 1786 or·
1247 1762 1398 1802 laudant.

177 1797 260 1833 dine
287 1797 398 1846 potius
416 1824 428 1838 ,
481 1798 593 1833 Graeci
618 1798 764 1838 κέλήταες
792 1809 943 1841 vocant,
977 1799 1090 1835 celoces
1118 1799 1197 1836 Gel-

175 1845 251 1885 lius.
311 1846 402 1884 Vide
423 1858 502 1896 quae
527 1848 726 1887 notavimus
742 1847 787 1884 ad
808 1847 892 1887 Tib.
908 1860 982 1899 cap.
999 1861 1057 1886 vr.

174 1909 269 1946 equo.

225 1951 338 1983 Unum
352 1944 604 1995 ordinarium]
643 1945 824 1984 ordinarii
840 1947 981 1996 confides
996 1947 1196 1988 dicebantur

144 2019 156 2024 ι
171 1997 231 2048 qui
249 1996 328 2035 Kal.
340 1998 418 2041 Jan.
436 1996 569 2034 inibant
585 2025 598 2040 ‚
636 2008 657 2033 a
675 2009 828 2047 quorum
851 1999 956 2036 etiam
976 2000 1121 2037 nomine
1137 2014 1193 2038 or-

171 2047 353 2086 dinabatur
369 2059 497 2090 annus,
525 2047 579 2084 alii
587 2047 730 2096 suffbffl.
761 2047 847 2086 Caes.
859 2062 933 2100 cap.
942 2061 1067 2087 lxxvi.

227 2098 358 2135 Poeticae
368 2097 560 2145 studium]
594 2099 770 2134 Pertinent
785 2098 850 2135 huc
867 2099 1041 2148 elegantes
1059 2099 1189 2138 Valerii

172 2149 285 2190 Flacci
308 2161 349 2186 ex
370 2161 479 2200 opere
499 2149 613 2196 primo
630 2149 896 2198 Argonauticon
911 2152 1033 2188 versus.
1089 2152 1192 2200 Quos

173 2196 388 2242 adscribam,
414 2203 452 2236 ὃ(
466 2197 559 2249 quod
580 2198 713 2236 obscuri
726 2199 820 2241 sunt,
847 2202 884 2236 6:
907 2199 1006 2238 simul
1025 2213 1062 2240 ut
1080 2203 1191 2240 medi-

174 2251 291 2286 cinam
308 2250 358 2285 ein
373 2248 500 2286 faciam
515 2263 526 2286 ι
550 2249 684 2296 Versam
696 2249 802 2297 proles
816 2260 878 2286 ma
889 2253 1016 2298 pandit
1026 2254 1186 2296 Idumen,

1301 1813 1480 1862 Adversics
1499 1821 1532 1854 A
1538 1812 1667 1862 lanos.]
1691 1813 1858 1864 Jos'epbus
1875 1810 2054 1852 Ἀλώτεως
2072 1812 2160 1851 libro
2171 1812 2269 1864 septi.

1074 1850 1196 1895 sunali
1245 1877 1309 1903 mo
1324 1877 1398 1916 cap.
1409 1878 1515 1902 xxix.
1573 1863 1796 1915 Hegesippus
1813 1863 1900 1900 libro
1920 1875 1957 1899 v.
1972 1874 2046 1913 cap.
2058 1873 2095 1900 L.

1598 1936 1900 1971 VAitxoR.

1297 2004 1390 2050 Equo
1417 2001 1494 2038 albo
1523 1999 1736 2049 comitatus.]
1793 2003 1939 2051 Optime
1965 1999 2067 2039 vertit
2102 2003 2260 2039 Zonaras

1239 2048 1299 2087 ἐπὶ
1322 2052 1480 2096 κέλητος,
1496 2063 1531 2089 nt
1546 2052 1748 2088 Torrentius
1765 2062 1875 2089 notat.
1932 2050 2043 2092 Κέλης
2063 2053 2158 2088 enim
2167 2055 2260 2089 Grae-

1240 2100 1287 2136 cis
1310 2101 1357 2138 est
1373 2116 1478 2152 equus
1494 2100 1688 2151 singularis,
1705 2105 1743 2138 &
1756 2115 1859 2152 eques
1875 2103 1933 2152 qui
1949 2101 2021 2139 solo
2040 2114 2079 2138 ac
2098 2101 2258 2152 singulari

1238 2162 1329 2199 equo
1342 2152 1446 2190 vehit.
1507 2155 1573 2189 Pro
1584 2152 1682 2192 κέλης
1698 2152 1813 2189 AEoles
1829 2152 1945 2190 dicunt
1962 2151 2084 2199 κέληρ,
2107 2163 2142 2188 ut
2158 2153 2255 2192 πίθος

1237 2202 1338 2249 πίθος
1359 2231 1371 2246 ,
1411 2206 1448 2240 &
1473 2201 1606 2239 similia.
1663 2203 1750 2240 Inde
1778 2203 1890 2239 Latini
1916 2203 2120 2240 recentiores
2141 2202 2252 2238 celotes

1237 2251 1342 2287 etiam
1363 2252 1545 2296 dixerunt,
1581 2264 1715 2291 veteres
1745 2265 1833 2289 vero
1860 2252 1972 2288 celeres
1990 2280 2002 2296 ‚
2049 2263 2084 2290 ut
2102 2251 2252 2302 pluribus

175 2300 366 2348 (Namque
372 2298 497 2347 potest)
529 2298 658 2347 Solymo
673 2301 865 2348 nigrantem
874 2300 1017 2348 pulvere
1021 2303 1189 2349 fratrem,
1234 2300 1382 2340 ostendit
1413 2307 1570 2341 SALMAS.
1604 2302 1649 2338 ad
1678 2302 1753 2339 AElii
1779 2302 1960 2353 Lamprid.
2001 2301 2251 2339 Commodum

174 2354 452 2398 spargentemque
469 2349 565 2394 fito-'cs
583 2377 596 2391 ‚

174 2399 308 2436 Prolem
337 2399 373 2434 in
397 2398 513 2447 primis
536 2399 783 2436 Domitianum
814 2400 922 2438 sentit.

174 2463 220 2486 ex
241 2462 285 2485 eo
305 2448 398 2498 quod
408 2447 601 2495 subiungit,
624 2447 786 2492 fratrem,
816 2449 940 2487 scilicet
956 2454 1105 2496 Titum,
1132 2455 1189 2502 qui

174 2500 336 2536 duntaxat
356 2499 440 2548 patri
458 2497 681 2547 expeditionis
697 2498 846 2541 judaicae
866 2513 997 2539 comes.
1056 2504 1110 2539 Ab
1132 2517 1192 2539 eo-

176 2563 244 2600 que
257 2549 419 2597 scriptum
447 2548 484 2584 iri
510 2547 664 2584 carmine
683 2547 862 2590 Judaicum
891 2549 1020 2587 bellum
1049 2564 1192 2601 augura-

176 2611 251 2643 tur,
286 2598 453 2649 siquidem
478 2598 553 2635 leve
571 2597 739 2634 mendum
760 2610 779 2633 e
796 2599 894 2636 versu
910 2600 1070 2638 tollimus.
1108 2613 1191 2638 nam

174 2662 383 2701 germanum
402 2648 449 2684 est
462 2651 606 2695 panget,
635 2659 707 2684 non
717 2649 867 2695 pandit„
891 2649 935 2686 ab
953 2662 993 2685 ea
1020 2651 1086 2699 ipsa
1114 2665 1190 2701 quae

177 2704 215 2739 in
238 2699 400 2736 manibus
421 2698 519 2735 studii
548 2698 673 2747 poetici
697 2708 826 2734 mente.
885 2701 1048 2736 Proxime
1082 2703 1190 2738 etiam.

176 2750 316 2791 turbant
335 2749 471 2786 codices
488 2777 500 2792 ‚
536 2759 572 2784 ut
587 2749 621 2784 in
645 2747 744 2784 causa
762 2747 864 2785 dubia
882 2749 997 2786 testes..
1022 2751 1074 2786 alii
1093 2754 1188 2788 enim

167 2811 280 2851 potes,
308 2800 363 2837 alii
371 2799 472 2847 potest
497 2798 679 2842 exhibent,
706 2799 814 2834 neutri
832 2812 916 2836 meo
943 2801 1063 2837 animo
1087 2801 1194 2839 benet

176 2856 219 2889 Et
239 2851 363 2901 alioqui
383 2848 758 2899 deplendaconiuni'cio
776 2847 848 2893 est,
867 2861 975 2900 quam
991 2861 1106 2899 aperte
1117 2851 1189 2888 sen-

176 2901 229 2941 sus
256 2900 425 2953 postulat,
452 2899 636 2942 Idumen,
660 2901 698 2935 &
725 2897 881 2937 fratrem,
936 2904 1056 2950 Itaque
1080 2901 1188 2939 visum

177 2953 295 2989 amico
310 2952 445 2994 nostr0‚
462 2952 520 3001 qui
537 2962 679 3000 poetam
697 2963 777 2986 eum
790 2953 970 3002 purgavit,
987 2951 1189 2996 rescribere,

180 3003 370 3053 solymaque
387 3004 603 3051 nigra-atem,
626 3005 694 3040 &c.
751 3001 818 3038 Sed
840 3004 951 3044 verius
973 3014 1063 3052 ego,
1087 3001 1192 3043 nifal-

706 2350 743 2385 in
765 2351 857 2386 omni
885 2362 982 2387 turre
998 2353 1187 2399 furentem.
1234 2363 1266 2399 p.
1284 2365 1361 2398 114.
1397 2357 1479 2391 Hoc
1494 2366 1611 2389 autem
1631 2352 1709 2388 ideo
1726 2350 1854 2389 fastum
1872 2381 1884 2395 ,
1912 2363 1948 2390 ut
1964 2351 2150 2403 depressior
2168 2351 2254 2389 ess'et

982 2402 1126 2440 Clarum
1156 2403 1190 2440 id
1230 2400 1353 2446 statre,
1383 2415 1509 2441 utcum
1524 2403 1715 2439 statercum
1735 2414 1826 2451 patre
1842 2403 2043 2446 veheretur,
2068 2403 2136 2453 ipse
2147 2415 2253 2439 more

1233 2454 1416 2490 ovantium
1437 2467 1527 2504 equo
1548 2453 1628 2489 albo
1648 2452 1817 2490 insideret.
1835 2455 1866 2497 J.
1886 2456 1986 2491 Lips.
2003 2453 2072 2493 vid.
2090 2465 2166 2502 quae
2184 2466 2249 2489 no·

1234 2513 1303 2538 tata
1322 2503 1398 2539 sunt.
1414 2503 1508 2553 supra
1527 2504 1569 2539 ad
1589 2503 1759 2551 Τώκας».
1773 2510 1806 2540 6.

1289 2554 1468 2599 Adversus
1486 2552 1629 2589 Alanos.
1647 2553 1658 2600 j
1691 2553 1788 2589 Alani
1803 2552 1918 2602 populi
1932 2552 2166 2602 SuntScytliiae
2178 2558 2244 2592 Eu-

1234 2615 1385 2651 ropaeae,
1417 2605 1509 2647 iuxta
1535 2615 1622 2652 quos
1648 2602 1723 2638 sunt
1741 2603 1913 2639 Roxolani
1937 2618 1946 2640 ι
1982 2605 2101 2640 ειυᾶοι·
2121 2604 2249 2642 Plinius-

1234 2652 1270 2688 in'
1294 2666 1343 2689 iv.
1382 2652 1504 2688 Refert
1523 2654 1728 2690 Ammianus
1754 2653 1991 2696 Marcellinus,
2030 2654 2159 2691 Alanos
2184 2667 2247 2706 ap—

1232 2702 1348 2752 pellari
1361 2730 1374 2744 ,
1391 2716 1481 2753 quos
1503 2701 1596 2752 prisci
1617 2702 1820 2753 Massagetas
1838 2703 1993 2740 dixerunt
2012 2718 2026 2741 ι
2048 2704 2093 2741 ab
2112 2704 2248 2742 eodem

1232 2752 1331 2790 Alani
1351 2755 1509 2803 Europaei
1527 2753 1827 2801 cognominantur.
1885 2755 2046 2790 Martialis
2058 2769 2073 2791 z

1344 2809 1414 2839 Nec
1430 2813 1462 2839 te
1483 2803 1669 2838 sarmatico
1686 2802 1806 2851 transit
1826 2805 1962 2841 Alanus
1978 2817 2076 2853 equo,

1234 2853 1352 2897 Alani,
1381 2866 1418 2889 ut
1436 2853 1540 2890 docet
1558 2853 1716 2891 Eusebius
1732 2856 1766 2892 in
1780 2868 1837 2894 vi.
1855 2856 2112 2904 Praeparationis
2128 2860 2244 2892 Evan„

1232 2904 1369 2953 gelicac,
1389 2904 1546 2940 carnibus
1563 2902 1714 2947 aluntur,
1744 2918 1871 2954 panem
1895 2918 1967 2941 non
1989 2903 2125 2942 esitann
2178 2911 2244 2942 Bi<-

1237 2967 1381 2993 nosm.
1436 2954 1536 2992 Ale-ui
1551 2953 1701 3006 duplices
1715 2955 1850 2994 suerunt
1868 2984 1885 3001 ,
1916 2957 2071 3005 Europaei
2095 2960 2134 2993 δε
2152 2956 2250 2992 Alim-

1233 3017 1299 3045 tici,

2094 3059 2130 3094 T
2154 3072 2176 3093 ω
2213 3071 2256 3093 fl..-
