2504 3425
33 627 91 676 ,μ

559 138 1749 197 GCAEsancitiieuna.
2113 163 2218 219 403

125 230 223 277 vitia
244 225 355 294 quasi
380 226 597 274 necessaria
612 265 625 286 ‚
660 246 758 275 cum
782 245 846 276 tot
869 232 1187 278 criminantibus
1208 234 1461 280 credendum
1485 233 1593 282 ess'et.
1658 233 1905 299 Equestrem
1928 233 2119 282 ordinem
2136 273 2147 291 ,
2182 252 2227 284 ut

125 291 250 340 scenae
274 291 519 355 harenaeque
550 292 749 339 devotum
781 293 933 340 affidue
970 293 1176 356 proscidit.
1243 297 1436 344 quensus
1468 299 1596 347 turbae
1630 300 1790 345 faventi
1822 298 2009 346 adversus
2042 298 2227 347 studium

116 354 233 402 suum
265 356 538 402 exclamavit:
576 362 735 403 Utinam
760 373 850 424 pop.
882 363 1048 404 Roman.
1084 376 1203 407 unam
1224 367 1417 408 cervicem
1438 362 1614 409 haberet!
1653 365 1852 426 Cumque
1879 364 2098 409 Tetrinius
2120 366 2223 410 latro

118 419 389 482 postularetur
411 455 426 476 ‚
473 430 535 467 (9⁰
568 428 635 485 qui
657 422 890 487 postularent
912 457 925 477 ,
972 425 1167 470 Tetrinios
1183 429 1247 486 effi’
1271 428 1338 472 ait.
1409 429 1588 473 Retiarii
1613 429 1785 474 tunicati
1821 429 2009 491 quinque
2045 444 2223 474 numero

115 485 317 546 gregatim
342 483 606 541 dimicantes,
653 498 736 531 nne
754 489 988 532 certamine
1014 488 1099 531 ulio
1118 491 1292 535 totidem
1313 490 1569 537 secutoribus
1589 490 1890 538 succubuerant
1912 511 1923 538 ε
1958 508 2056 537 cum
2079 494 2222 538 occidi

113 547 377 606 juberentur,
415 565 521 593 unus
553 550 727 595 resumta
764 549 943 607 fuscina,
977 568 1127 597 omnes
1162 554 1339 598 victores
1372 557 1596 601 interemit.
1665 559 1791 602 Hanc
1824 571 1871 603 ut
1905 554 2223 604 crudelissimam

118 611 270 657 caedem
290 617 333 657 δε
357 611 526 659 deflevit
551 614 716 670 edicto,
752 619 795 658 &
814 630 886 658 eos
911 616 985 676 qui
1012 614 1189 677 spectare
1209 614 1510 673 sustinuissent,
1546 618 1770 666 exsecratus
1792 619 1863 666 est.
1932 622 2067 678 Qieri
2089 622 2216 668 etiam

114 676 247 737 palam
269 675 320 721 de
344 677 591 722 conditione
615 692 852 739 temporum
874 676 1039 723 suorum
1061 677 1237 725 solebat:
1275 682 1390 742 quod
1405 683 1528 726 nullis
1540 683 1842 729 calamitatibus
1855 684 2222 748 publicisinsigni-

113 753 268 784 rentur.
335 737 519 801 Augusti
542 742 819 802 principatum
833 741 946 785 clade
962 743 1165 787 Variana:
1200 742 1400 800 Tiberii,
1436 745 2221 811 ruinaspesstaculorumapudFideuas,

115 803 433 850 memorabilem
454 801 612 848 factum
638 821 648 849 :
683 802 743 849 sui
769 803 1035 849 oblivionem
1062 807 1284 852 imminere
1309 807 1579 869 prosperitate
1597 827 1750 855 rerum.
1816 815 1961 874 Atque
1983 811 2216 860 identidem

115 868 369 912 exercituum
401 865 529 911 caedes
551 902 564 922 ,
610 864 795 924 famem,
843 866 1119 929 pestilentiam
1143 904 1156 929 ‚
1200 870 1395 917 incendia
1417 906 1431 928 ,
1475 871 1634 918 hiatum
1668 874 1851 936 aliquem
1887 890 1999 920 terrae
2036 877 2215 936 optabat.

114 932 321 975 Animum
346 945 518 993 quoque
538 932 792 987 remittenti,
825 930 1011 994 ludoque
1035 936 1079 977 &
1098 934 1230 994 epulis
1248 934 1413 991 dedito,
1450 935 1594 981 eadem
1619 936 1825 983 dictorum
1840 936 2130 1001 fastorumque
2145 940 2215 985 sae-

113 995 211 1038 vitia
235 993 381 1039 aderat.
449 997 561 1055 Saepe
583 996 628 1039 in
653 993 876 1056 conspechl
897 996 1133 1057 prandentis
1155 998 1220 1042 vel
1244 998 1495 1046 comissantis
1519 999 1628 1047 seriae
1652 1000 1891 1064 quaestionis
1920 1019 1994 1064 per
2010 1015 2217 1049 tormenta

114 1056 383 1104 habebantur.
450 1058 577 1103 Miles
604 1057 841 1104 decollandi
867 1058 1014 1104 artifex
1037 1059 1374 1123 quibuscumque
1397 1080 1420 1108 e
1444 1062 1628 1110 custodia
1650 1067 1781 1128 capita
1810 1065 2062 1129 amputabat.
2130 1071 2220 1111 Pu·-

115 1121 238 1167 teolis
255 1121 514 1168 dedicatione
539 1124 704 1184 pontis,
740 1140 867 1185 quem
899 1125 1182 1187 excogitatum
1208 1126 1259 1172 ab
1283 1144 1336 1171 eo
1361 1127 1709 1189 significavimus,
1748 1148 1846 1175 cum
1870 1131 2027 1176 multos
2047 1147 2071 1176 e
2092 1130 2214 1176 litore

114 1184 315 1233 invitasset
348 1185 400 1232 ad
422 1184 495 1245 se,
533 1200 704 1250 repente
738 1204 886 1235 ornnes
925 1190 1212 1252 praecipitavit.
1276 1191 1492 1253 Quosdam
1526 1191 1807 1258 gubernacula
1840 1193 2215 1258 apprehendentes,

673 1273 675 1275 '
2074 1273 2214 1309 contls

1514 1335 1546 1370 C
1576 1346 1597 1370 Α
1624 1346 1641 1370 s
1671 1346 1693 1371 Α
1720 1348 1745 1371 u
1777 1347 1796 1371 B
1819 1349 1843 1372 ο
1870 1345 1908 1372 Ν.

1240 1401 1332 1435 Cum
1344 1401 1516 1437 Tetrinius
1534 1402 1623 1439 latro
1634 1402 1893 1452 postularetur]
1922 1403 2045 1441 Melius
2070 1402 2116 1440 fic
2134 1402 2209 1440 scri«

1186 1458 1284 1497 ptum
1302 1462 1385 1500 puto
1403 1451 1439 1487 in
1473 1463 1551 1489 mss.
1569 1465 1675 1503 quam
1695 1465 1732 1490 ut
1752 1453 1858 1504 vulgo
1877 1459 2004 1499 Latro,
2033 1453 2129 1504 quod
2143 1451 2210 1491 effe

441 1331 807 1366 Tonnnur.

170 1426 351 1476 Adversus
355 1426 511 1475 studium
519 1428 661 1476 suum]
711 1427 786 1478 Ipse
803 1425 954 1463 faitione
981 1425 1133 1464 Prafinae

111 1473 278 1520 flavebat,
304 1479 405 1515 uti&
427 1481 526 1514 Nero
542 1506 553 1520 ‚
580 1481 617 1514 δε
637 1478 814 1520 Vitellius,
841 1480 878 1513 ὃ(
893 1479 1017 1514 Verus.

172 1527 341 1564 Tetrinius
360 1533 466 1565 Latro
475 1527 707 1576 postularetur.
721 1526 735 1575 ]
765 1526 819 1564 Ad
831 1538 974 1563 arenam
986 1525 1132 1570 scilicet,

117 1587 192 1611 non
208 1575 253 1613 ad
271 1577 453 1624 judicium,
481 1589 516 1614 ut
534 1575 654 1615 volunt
671 1578 880 1628 interpretes.
938 1580 1048 1614 Latro
1075 1588 1134 1613 au-

115 1636 191 1662 tem
210 1639 410 1677 cognomen
427 1628 571 1664 Tetrinii
593 1627 790 1676 gladiatoris
811 1627 868 1664 est.

168 1678 331 1713 Tetrinios
350 1678 407 1725 effi
422 1677 512 1726 ait.]
539 1680 621 1715 Hoc
644 1677 712 1721 est,
741 1678 864 1728 dignos
876 1677 932 1727 qui
949 1676 992 1713 ad
1003 1675 1132 1714 ferrum

112 1727 153 1761 δε
178 1723 242 1775 ipfi
261 1726 432 1764 darentur.

167 1774 513 1826 Refiaemtasuscina,]
548 1778 671 1816 Similis
692 1777 783 1828 apud
804 1777 1010 1822 Juvenalem
1030 1777 1127 1815 locus

112 1826 182 1863 Sat.
198 1838 251 1864 11.

225 1875 313 1912 Vicit
327 1874 381 1919 Εἴ
398 1876 458 1914 hoc
475 1877 657 1926 monstrum
675 1879 821 1916 tunicati
823 1878 961 1928 fiiscina
971 1877 1128 1915 Gracchi.

111 1925 286 1964 retiarium
303 1927 399 1963 enim
427 1927 594 1967 describit.
649 1933 731 1980 Qia
751 1930 794 1967 de
818 1943 855 1967 re
876 1929 986 1966 multa
1003 1930 1039 1965 iu
1053 1932 1129 1966 Ho-

113 1987 174 2014 rat.
187 1975 245 2014 lib.
261 1990 314 2014 11.
339 1979 407 2015 Sat.
428 1991 487 2017 vx.

224 2036 344 2078 Thrax
359 2037 403 2085 est
419 2039 560 2076 Gallina
578 2043 659 2087 Syro
674 2048 741 2088 par
751 2049 766 2077 ἒ

169 2101 185 2133 ³
196 2101 208 2125 1
235 2089 379 2139 Augusti
386 2088 633 2138 principatum.
645 2089 655 2138 ]
669 2090 747 2127 Lib.
759 2090 911 2139 optimus
912 2086 1128 2138 principium.

107 2138 218 2187 Quod
236 2150 272 2176 ut
288 2140 469 2190 sequamur
482 2168 495 2184 ,
520 2151 723 2189 temporum
739 2143 825 2176 ratio
840 2140 1012 2191 prohibet.
1053 2143 1127 2177 Va-

113 2201 169 2226 rus
208 2190 303 2227 enim
335 2191 499 2228 extremis
534 2191 675 2239 Augusti
702 2192 916 2240 temporibus
956 2190 1125 2229 occubuit.

114 2238 193 2278 Nisi
208 2239 298 2277 forte
308 2240 515 2289 principium
532 2254 596 2291 pro
613 2243 800 2292 principatu
814 2241 908 2278 dixit.

167 2290 282 2326 Ruina
288 2290 587 2340 speezaculorumj
625 2292 817 2339 Spectacula
836 2305 898 2341 pro
923 2290 1127 2334 loco‚unde

113 2337 182 2376 ludi
197 2339 454 2391 speEtabautur,
479 2340 574 2378 dixit.
611 2342 782 2378 theatrum
801 2343 896 2378 enim
920 2341 1030 2390 ipsum
1051 2355 1127 2378 cor-

112 2391 197 2432 ruit,
219 2402 254 2427 ut
271 2390 352 2427 Tib.
364 2401 439 2440 cap.
449 2402 504 2428 xt.
520 2391 681 2429 vidimus.
709 2392 800 2428 Male
814 2393 913 2441 igitur
930 2393 966 2428 in
979 2392 1126 2441 vulgatis

111 2438 200 2478 libb.
205 2440 431 2489 spectatorum
449 2468 463 2486 ,
501 2440 792 2492 &speculatorum
810 2442 941 2493 legitur.
969 2442 1126 2486 Juvenal.

108 2492 177 2529 Sat.
188 2504 244 2532 vi.

323 2577 339 2584 -
359 2578 375 2585 -
400 2577 415 2584 —
439 2553 549 2592 cuneis
565 2566 612 2591 an
630 2554 756 2593 habent
766 2552 957 2604 spectacula
974 2556 1069 2599 totis,

219 2605 324 2655 Qod
331 2605 470 2653 securus
483 2615 598 2642 ames?

167 2679 222 2709 32.
237 2667 340 2704 Miles
357 2668 543 2704 decollandi
562 2666 728 2713 artifex]
758 2666 908 2703 Militum
925 2666 959 2703 id
970 2670 1124 2716 erg0,&

113 2715 253 2765 quidem
292 2718 409 2769 (quod
427 2718 510 2755 alibi
536 2717 808 2764 annotavimus)
852 2716 1123 2766 speculatorum,

113 2778 235 2804 munus
251 2780 334 2807 erat.
390 2768 588 2805 Decollancli
617 2779 734 2805 autern
750 2766 862 2807 verbo
889 2779 930 2804 ea
957 2765 1126 2816 significa-

113 2816 206 2853 tione
233 2815 319 2870 saepe
347 2821 447 2857 utitur
464 2823 607 2856 Seneca.
665 2818 801 2855 Plautus
817 2846 828 2861 ‚
854 2821 893 2854 δε
921 2820 1035 2855 Varro
1059 2830 1121 2867 pro

110 2864 256 2904 frustrari
272 2881 311 2906 ac
329 2868 487 2920 decipere
507 2869 685 2912 dixerunt,
709 2869 965 2917 μεταφορικῶς,
996 2868 1056 2914 (ut
1075 2879 1127 2904 ar-

112 2915 242 2966 bitror)
273 2921 427 2957 Caecilius
454 2934 516 2972 pro
545 2934 565 2957 e
593 2919 685 2957 collo
714 2919 899 2971 deponere.
958 2918 1125 2956 Austores

113 2967 274 3014 Nonius,
302 2974 339 3008 ὅ(
360 2971 575 3015 Diomedes,
603 2970 833 3021 grammatici.

157 3022 294 3065 Repente
308 3021 456 3070 omnes.]
506 3022 584 3062 Lib.
614 3035 698 3059 unus
708 3032 808 3072 ponte
827 3033 956 3067 omnes,
981 3022 1020 3058 δε
1037 3033 1122 3059 mox

111 3068 241 3118 retrufit
260 3083 323 3119 pro
340 3071 490 3122 detrusti.

1187 1510 1389 1547 cognomen
1404 1502 1534 1538 Porciae
1549 1506 1659 1553 gentis
1681 1503 1833 1548 scimus',
1866 1517 1938 1541 non
1959 1506 2206 1542 Tetriniorum.

1185 1560 1249 1584 nec
1269 1551 1317 1586 est
1335 1549 1522 1589 absurdum
1540 1580 1552 1595 ‚
1580 1552 1685 1590 istum
1709 1555 1767 1604 qui
1786 1554 1969 1604 postulatur
1981 1555 2026 1592 ad
2048 1554 2195 1598 ferrum,

1186 1596 1359 1648 insignem
1376 1601 1528 1652 aliquem
1544 1602 1715 1642 latronem
1733 1602 1846 1650 fuisse,
1865 1603 2072 1643 damnatum
2089 1606 2124 1643 in
2134 1616 2208 1643 are-

1185 1660 1281 1686 nam.

1238 1704 1286 1736 Et
1304 1699 1442 1748 deflevit
1461 1704 1587 1748 edicto,
1615 1703 1669 1747 Εἴ
1679 1718 1728 1740 eos
1746 1706 1806 1754 qui
1817 1704 2208 1754 speHarefhstinuffl‘nt,

1184 1748 1371 1795 exsecratus
1390 1751 1468 1801 est.]
1528 1754 1624 1791 Nihil
1645 1768 1768 1799 mut0‚
1801 1767 1920 1793 tamen
1941 1756 2076 1794 Viterb.
2108 1755 2212 1791 leetio

1181 1797 1254 1854 ltfec
1270 1801 1318 1838 est
1337 1817 1347 1839 ε
1385 1807 1430 1838 Et
1450 1802 1609 1853 deflevit,
1639 1803 1692 1848 ξς
1711 1820 1760 1842 eos
1778 1807 1884 1842 editio
1904 1807 1964 1856 qui
1974 1807 2123 1855 sperflare
2131 1805 2208 1854 sust

1180 1852 1374 1898 tinuiſjent,
1396 1854 1515 1902 exsecr.

1240 1915 1293 1944 32.
1330 1908 1408 1951 Saepe
1433 1904 1469 1940 in
1501 1904 1666 1953 conspeft'u
1687 1906 1888 1953 prandentis
1921 1905 1978 1941 vel
2006 1905 2209 1953 comiffantie

1172 1949 1266 1996 stria
1281 1953 1463 2001 questiones
1474 1963 1535 2003 per
1546 1965 1715 1991 tormenta
1732 1955 1980 2004 habebantur]
2001 1955 2137 1993 Viterb.
2149 1954 2207 1991 vel

1183 2001 1384 2050 comissantis
1397 2004 1485 2050 sbrie
1499 2033 1511 2048 ,
1528 2004 1633 2053 quast.
1661 2004 1842 2043 mendose.
1880 2019 1993 2055 neque
2017 2007 2112 2042 enirn
2130 2005 2208 2044 satis

1180 2051 1344 2089 Latinum
1355 2065 1493 2101 putem,
1510 2055 1632 2100 seriem
1651 2056 1806 2104 commiffl
1826 2070 1888 2107 pro
1899 2056 2204 2106 agmine&tbiaso

1180 2102 1413 2152 κωμαζόντων.
1469 2103 1683 2143 Βοᾶῐίῑῖηιο
1715 2108 1817 2143 Petro
1844 2107 1957 2145 Fabro
1976 2107 2064 2154 stava
2090 2107 2202 2145 visum

1179 2150 1419 2196 scribendum,
1444 2167 1516 2190 non
1528 2154 1628 2203 fieris.
1668 2169 1742 2193 non
1761 2158 1868 2194 etiam
1886 2157 2082 2210 displiceat,
2111 2158 2202 2206 fhrio

1180 2201 1382 2250 questiones,
1404 2203 1457 2246 ἐς
1471 2213 1529 2253 per
1555 2216 1712 2243 torment.
1731 2206 1812 2245 hah.

1235 2253 1337 2290 Miles
1356 2256 1542 2290 decollandi
1556 2256 1725 2303 artifex]
1765 2257 1833 2294 Sub
1854 2258 2128 2306 Imperator-ibus
2149 2257 2199 2294 in-

1178 2314 1325 2340 ventum
1349 2305 1432 2341 istud
1449 2303 1642 2343 artificium.
1700 2310 1860 2344 Lucanus
1884 2307 1972 2345 libro
1993 2321 2101 2347 vrri.
2151 2308 2197 2345 de

1178 2353 1308 2398 milite,
1342 2358 1399 2406 qui
1422 2358 1634 2406 Pompeium
1652 2355 1855 2396 decollavit:

1292 2410 1384 2441 Tunc
1400 2420 1520 2443 nervos
1537 2407 1704 2454 venasque
1713 2408 1807 2455 secat
1818 2436 1830 2451 ,
1853 2407 2036 2458 nodosaque
2040 2409 2179 2458 frangit

1291 2455 1369 2503 Ossa
1386 2457 1468 2493 diu:
1501 2457 1649 2492 nondum
1669 2458 1754 2493 artis
1773 2468 1848 2494 erat
1867 2467 1964 2507 caput
1982 2459 2053 2507 enfi»
2070 2469 2192 2498 rotare.

1232 2508 1322 2540 Cum
1343 2508 1465 2543 multos
1482 2522 1498 2542 e
1515 2507 1613 2543 litore
1622 2506 1798 2555 invitasset
1815 2509 1930 2556 adse,
1949 2518 2196 2556 repenteomnes

1167 2555 1431 2604 precipitavit]
1461 2558 1575 2594 Placet
1593 2558 1813 2606 quorundam
1835 2558 1917 2596 libb.
1936 2559 2038 2596 lectio
2061 2574 2076 2596 e
2095 2569 2195 2608 ponte

1176 2618 1240 2654 pro
1258 2615 1389 2653 repente
1410 2622 1420 2641 :
1457 2607 1551 2657 quod
1576 2619 1695 2644 tamen
1717 2622 1790 2645 non
1814 2611 1929 2655 rejicio
1951 2624 1960 2646 ε
1989 2620 2029 2645 ac
2054 2609 2190 2652 fortaffie

1173 2655 1391 2693 scribendum
1402 2685 1413 2699 ‚
1435 2667 1564 2705 repente
1579 2673 1596 2694 e
1605 2666 1706 2705 ponte
1725 2672 1834 2694 omnes
1844 2659 2079 2706 praecipitavit.
2098 2661 2171 2696 Dio
2187 2675 2197 2697 ε

1175 2705 1308 2751 aazia&
1327 2709 1391 2744 ‘ti-T»
1406 2706 1541 2757 ἑταίρων
1554 2708 1584 2749 ἔς
1603 2706 1657 2748 τήν
1674 2707 1861 2744 θάλασσαν
1872 2708 1943 2745 ἀπὸ
1962 2709 2019 2749 τῖς
2036 2710 2192 2759 ’γεφύραις

1178 2755 1309 2805 ἐ’ρῤιψε.

1225 2808 1400 2857 Qosa'am
1414 2808 1645 2858 gubernacula
1659 2808 1936 2857 apprehendentes
1955 2810 2057 2846 contis
2076 2823 2192 2847 remis-

1176 2871 1239 2908 que
1256 2858 1395 2908 detrustt
1414 2860 1451 2895 in
1476 2858 1607 2907 mara]
1636 2861 1709 2896 Dio
1727 2859 1839 2908 paullo
1858 2860 1973 2896 aliter:
2001 2859 2131 2906 συχνές
2151 2859 2189 2896 δὲ

1173 2907 1235 2944 xxi
1256 2910 1318 2945 τῶν
1337 2911 1448 2945 ἄλλων
1477 2910 1503 2945 ἐν
1522 2910 1658 2949 πλοίοις
1680 2908 1831 2954 ἔμςόλὲςς
1845 2909 1954 2956 ’ἔχεο-ι
1969 2939 1982 2953 ,
2016 2911 2189 2960 προσελεύ-

1176 2975 1237 2999 σιις
1255 2957 1436 2997 κατέδυσεν
1449 2989 1460 3004 ,
1489 2958 1528 3001 tiis
1553 2976 1587 2996 τε
1606 2959 1666 2996 καὶ
1683 2960 1890 2997 ἀπολέσθαι
1908 2961 2006 3001 τινάς.

1232 3088 1286 3119 30.
1308 3078 1353 3112 Et
1366 3072 1507 3124 deflevit
1526 3024 1726 3164 εζῐῦἳὲῗξὲ
1741 3036 1861 3125 ἵοςὲἑιὶ
1874 3071 2195 3168 speffiarel‘uflimsu'sl

1655 3138 1673 3162 e
1685 3137 1704 3162 e
2147 3132 2202 3160 ent
