2504 3425
426 184 699 242 No’rAE
770 204 864 243 IN
930 185 1425 244 SUETONIt
1493 191 1832 253 TrrvM.

2077 205 2180 274 823

82 276 141 315 ed.
163 277 291 317 -restius
308 286 348 317 ut
367 279 409 317 de
428 279 576 329 quodam
587 286 737 328 procera.
765 287 804 316 ut
823 278 877 317 hic
896 276 944 316 est
955 279 1107 330 exempli
1166 279 1291 318 Christi
1312 295 1370 329 70.
1417 284 1522 334 captis
1556 286 1809 339 Hierosolymis
1828 289 1949 326 Titum
1979 301 1998 327 a
2020 293 2188 334 militibus

117 338 199 365 ntia.

84 339 120 376 gl
138 377 390 416 Nuntiantibus
403 378 561 428 legati5.]
592 379 676 418 Pall.
697 378 836 418 salmas.
847 383 884 417 &
896 379 1000 418 editio
1010 380 1104 419 Rob.

84 427 199 477 steph.
227 429 424 466 nuntiantis
445 429 567 478 legatos
590 443 653 481 pro
676 432 875 467 nuntiantes
893 460 905 475 ,
943 442 980 468 ut
1003 431 1103 482 saepe.

81 478 202 516 Statim
221 478 329 517 iidem
340 478 434 529 Juffi't
458 481 515 516 vel
530 481 684 517 continuo
696 488 878 528 ponerent,
903 495 967 531 pro
988 482 1103 531 vulga-

77 541 119 568 to
132 553 146 570 ,
174 528 263 577 juffi't
280 539 319 566 ut
337 532 491 566 continuo
508 538 680 578 ponerent.
736 530 857 568 Paullo
883 531 958 582 post
978 532 1013 569 in
1032 532 1104 568 Sal-

79 577 240 619 masiano
255 579 306 618 his
331 580 367 617 in
387 580 503 621 verbis
519 582 731 632 Mausoleum
749 581 917 629 Cesaram
945 595 1019 620 non
1042 582 1103 619 ha-

76 631 177 669 hetur
197 631 378 679 Casurum.

133 685 198 724 Ut,
224 681 360 730 inquit,
380 690 483 732 puto,
511 686 605 720 Deus
610 681 692 731 fio]
723 680 865 719 salmas.
880 687 947 725 Va,
965 682 1102 732 inquit,

69 739 175 782 puto,
204 731 371 781 Deusfi09
426 734 550 771 Forte:
579 732 674 778 Vah,
700 730 814 780 inquit
830 761 843 777 ‚
871 740 974 781 puto,
1008 738 1102 770 Dens

11 809 29 822 A,
64 782 129 832 fio·

348 884 441 931 IN
508 885 822 930 T1TUM.

132 988 163 1014 ι.
189 975 285 1012 Titus
298 1002 310 1019 ,
340 973 525 1023 cognomine
539 983 681 1024 paterno
697 1002 710 1018 ,
736 986 832 1010 amor
848 985 891 1010 ac
909 971 1027 1009 delicia
1044 985 1100 1020 ge-

68 1025 163 1062 neris
179 1024 354 1069 humani,
398 1025 413 1072 (
424 1033 561 1060 tantum
586 1024 636 1060 illi
656 1025 704 1059 ad
726 1023 987 1072 promerendam
1013 1022 1066 1064 Εἴ
1070 1037 1096 1059 c.

68 1074 206 1122 caruit)
235 1086 337 1112 natus
351 1075 393 1122 est
413 1088 425 1110 1
438 1088 449 1110 ι
463 1088 491 1110 ¹.
502 1073 686 1111 Kalendas.
701 1074 717 1120 ]
751 1074 803 1110 sic
819 1071 990 1113 verissime
1008 1073 1097 1110 hunc

64 1124 188 1162 locum
206 1125 412 1176 interpunxit
445 1125 476 1168 J.
505 1123 591 1161 Frid.
618 1125 825 1163 Gronovius.
882 1127 925 1160 In
953 1123 1096 1174 vulgatis

68 1173 212 1226 peffime
232 1177 311 1226 post
330 1176 441 1211 caruit
470 1175 727 1224 inter-pungitur.
767 1173 926 1223 &longe
949 1177 1044 1224 pejus
1060 1176 1096 1211 in

62 1227 105 1263 :iis
121 1235 230 1262 natm
247 1224 313 1273 est,
337 1226 421 1265 novi
441 1225 556 1273 capitis
572 1226 706 1264 initium
726 1225 880 1262 habetur.
916 1226 1009 1262 Dein
1027 1225 1096 1262 Sal-

64 1274 149 1313 mas.
175 1285 279 1313 natas
298 1274 342 1323 est
376 1289 480 1314 1111.
496 1275 671 1312 Kalendas
685 1305 697 1321 ‚
737 1275 845 1327 vulgo
868 1288 880 1311 ι
894 1288 904 1311 1
918 1288 945 1311 1.
968 1275 1094 1312 Kalen-

63 1327 142 1364 aas.

112 1391 146 1421 3.
173 1381 265 1415 Cam
283 1375 541 1426 amanuenfibas
555 1376 623 1422 sitis
633 1385 692 1425 per
710 1376 830 1413 ludum
839 1379 1018 1428 jocumque
1026 1390 1093 1413 cer-

65 1436 197 1465 tantem
218 1428 354 1466 imitari
373 1426 603 1475 chirographa.
622 1428 638 1473 J
671 1428 738 1464 Hic
758 1427 851 1464 locus
870 1428 961 1465 male
979 1427 1092 1465 distin-

24 1476 30 1478 ”
63 1478 189 1527 guitur.
242 1480 331 1515 Non
352 1478 388 1514 in
410 1477 586 1514 imitandis
604 1476 836 1527 chirographis
854 1477 993 1515 ludebat
1011 1491 1091 1515 cum

61 1529 130 1564 suis
161 1526 429 1566 amanuensibus
445 1556 457 1571 ,
504 1527 561 1565 sed
589 1528 625 1564 in
648 1528 855 1578 excipiendis
882 1527 1091 1567 velociffime

62 1578 165 1615 notis.
223 1577 347 1615 Codex
367 1577 510 1616 Salmas.
539 1579 740 1627 imitarique
766 1579 1001 1628 chirographa.
1043 1576 1092 1616 fic

62 1627 253 1678 legendum
270 1643 281 1665 ε
310 1642 388 1667 cum
405 1626 744 1677 amanuenfibusficis
756 1638 817 1678 per
836 1629 1092 1679 ludumjocum-

61 1691 127 1728 que
145 1687 329 1716 certantem
344 1707 356 1723 ,
384 1678 582 1728 imitarique
599 1678 817 1728 chirographa
825 1692 1021 1730 quacunque
1036 1679 1090 1718 vi-

62 1727 169 1776 diffit.
197 1726 323 1765 scilicet
338 1728 488 1767 solitum.

117 1792 152 1823 4.
179 1779 356 1815 Marciam
377 1779 568 1816 Furnillam
581 1778 745 1829 splendidi
759 1782 923 1831 generis.]
941 1781 1091 1832 Reposui

63 1840 107 1866 ex
123 1828 262 1866 duobus
282 1831 367 1865 Mss.
403 1842 490 1880 quos
506 1830 589 1868 vidit
605 1834 807 1869 Torrentius
830 1862 842 1877 ‚
882 1836 918 1870 δ(
941 1833 1089 1869 editione

63 1878 161 1917 Rob.
207 1878 368 1928 Stephani
389 1881 563 1916 Marciam
582 1880 744 1918 Fulviam
761 1910 774 1925 ,
811 1881 973 1920 afferente
1002 1883 1090 1919 hanc

66 1929 255 1967 lectionem
271 1928 411 1966 indubie
429 1943 538 1967 numo
550 1959 563 1974 ‚
592 1943 701 1981 quem
723 1932 906 1982 publicavit
922 1935 956 1969 in
971 1936 1091 1970 Sueto-

68 1980 128 2017 nio
143 1992 164 2016 a
179 1979 213 2017 se
229 1979 322 2017 edito
337 1979 384 2017 ad
401 1981 492 2018 hunc
509 1981 626 2018 locum
648 1983 793 2020 Carolus
811 1984 957 2022 Patinus.
988 1983 1092 2020 Illum

70 2029 302 2071 videbisinfra
318 2031 353 2068 in
376 2033 509 2075 numis,
533 2045 620 2082 quos
640 2035 678 2069 &
695 2034 765 2070 Titi
784 2035 861 2072 vitae
886 2032 1031 2085 praefixi.

128 2095 159 2126 5.
185 2085 230 2118 Ut
248 2092 438 2118 remaneret
453 2111 465 2127 ,
502 2093 567 2119 aut
584 2083 691 2120 ficum
709 2097 819 2120 omnes
831 2085 962 2133 pariter
986 2084 1094 2121 abda-

68 2129 193 2180 ceret.]
240 2134 334 2169 Bene
358 2132 502 2170 Salmas.
537 2132 647 2172 codex
663 2162 675 2176 ,
709 2137 746 2171 δε
765 2135 860 2172 Rob.
890 2135 1005 2186 Steph.
1032 2144 1094 2170 aut

69 2191 257 2219 remaneret
267 2210 278 2225 ,
305 2183 488 2231 autsecam
507 2196 616 2221 omnes
626 2185 758 2232 pariter
774 2186 962 2223 abduceret.
984 2188 1023 2222 ὃ(
1034 2184 1098 2222 sta-

73 2234 140 2270 tim
156 2230 263 2268 iidem
280 2246 291 2268 :
319 2232 412 2282 quast
428 2233 596 2283 desciftere
612 2247 634 2271 a
643 2244 744 2283 patre
755 2264 767 2280 ,
803 2249 865 2286 pro
885 2236 1025 2285 vulgato
1042 2236 1099 2271 de-

65 2282 229 2332 scisceret.
268 2283 370 2336 -Mox
391 2283 529 2320 Salmas.
555 2285 597 2321 de
614 2297 703 2321 more
721 2287 880 2336 quidem,
909 2284 1036 2324 omisso
1047 2286 1096 2326 id.

132 2331 234 2374 Veni,
262 2332 395 2379 anquit‚
424 2334 548 2381 veni.]
578 2336 667 2372 Puto
681 2334 945 2382 Titumdixiffe‚
972 2339 1099 2376 &Sue-

78 2382 216 2422 tonium
229 2379 412 2431 scripfiffe:
444 2385 563 2427 Venio,
585 2393 705 2433 pater,
734 2388 844 2425 venio.
903 2425 906 2427 Α

137 2439 172 2469 6.
211 2432 332 2468 Eidem
347 2432 463 2479 collega
482 2431 534 2475 Εἴ
554 2439 591 2470 in
610 2434 794 2473 tribunicia
806 2436 974 2486 potestate.
993 2441 1010 2488 ]
1057 2439 1099 2478 Id

745 2487 812 2524 Sed
836 2500 998 2537 praeterea
1022 2503 1103 2541 pro-

78 2532 256 2573 consulare
269 2533 454 2580 imperium
472 2534 502 2568 ei
520 2545 658 2583 quoque
672 2533 764 2572 fuisse
779 2537 944 2573 tributum
954 2567 966 2582 ,
979 2541 1104 2589 Pagius

82 2584 128 2622 ad
149 2595 281 2621 annum
298 2582 421 2619 Christi
432 2596 488 2628 7¹·
512 2582 635 2628 docet,
660 2587 739 2633 quia
757 2590 794 2622 δε
811 2586 1028 2625 Philostratus
1039 2617 1049 2631 ,
1065 2593 1103 2625 δε

83 2633 252 2685 Jostphus
270 2646 352 2670 eum
366 2634 621 2681 Imperatorem
640 2635 821 2684 appellent·
880 2640 1017 2675 Locum
1028 2640 1106 2675 Phi-

81 2483 191 2522 etiam
209 2480 338 2519 constat
357 2495 398 2518 ex
425 2481 539 2519 multis
563 2485 687 2521 numis.

1136 2040 1274 2088 scenam
1298 2051 1398 2077 tenet.

1160 330 1418 381 Imperatorem
1441 334 1652 385 appellatum
1665 366 1676 381 ‚
1712 339 1779 376 hoc
1796 352 1881 379 vero
1898 353 1992 378 anno
2006 357 2022 387 7
2035 358 2061 379 1.
2089 357 2109 380 a
2130 357 2187 394 pa-

1158 391 1219 419 tre.
1277 386 1397 434 Itaque
1416 384 1608 434 josephum
1628 387 1685 425 lib.
1700 403 1740 427 Vl
1755 404 1782 427 ι.
1802 402 1876 440 cap.
1895 405 1952 436 24.
1986 396 2023 429 δε
2054 395 2187 445 Vespa-

1159 429 1294 470 fianum
1309 437 1347 470 δε
1364 434 1485 472 Titum
1501 464 1514 480 ,
1561 436 1619 474 ubi
1638 438 1680 476 de
1700 439 1869 491 utriusque
1888 443 2065 493 triumpho
2082 457 2184 493 agat,

1159 492 1342 534 utrumque
1360 497 1485 524 vocare
1504 488 1767 537 ἀυτοκραὲτορκς,
1803 491 1970 541 utriusque
1986 495 2122 544 imperii
2135 496 2188 533 di-

1157 534 1326 581 gnitatem
1363 535 1510 586 conspici
1545 539 1581 574 in
1618 542 1732 577 numis
1765 541 1855 591 apud
1899 543 2181 586 Mediobarbam.

1155 583 1310 638 ⁴Quando
1328 598 1543 635 praeponatur
1558 591 1784 637 Imperatoris
1795 605 1928 629 nomen
1941 595 2183 642 proconsulare

1155 635 1342 682 imperium
1358 638 1491 680 notari,
1528 651 1608 674 cum
1632 639 1857 689 postponatur
1873 644 2017 690 militare
2036 646 2181 684 vistoria

1155 693 1302 730 partum.
1362 686 1523 732 Praeponi
1540 699 1657 725 autem
1680 689 1746 727 hoc
1773 692 1916 730 modo:
1963 707 1999 731 τ.
2030 706 2180 734 casm.

1151 743 1237 771 1MP.
1267 744 1366 769 vEsP.
1397 735 1451 770 vel
1471 736 1559 773 isto:
1584 750 1838 777 menna-ron.
1873 756 1907 779 T.
1937 755 2083 780 caesmt.
2117 759 2182 783 Αυ-

1156 792 1269 819 Gusr.
1298 795 1331 820 F.
1356 783 1541 834 Postponi,
1572 788 1832 827 cumreferatur
1849 792 1892 829 ad
1918 794 2076 832 vistorias
2110 798 2183 834 Titi

1152 829 1228 868 sict
1259 844 1294 868 τ.
1327 843 1466 870 casm·
1499 847 1718 874 vesvasmu.
1747 852 1830 877 imp.
1864 857 1964 879 1111.
2004 843 2070 882 effe
2095 859 2183 896 quo-

1151 893 1218 930 que
1237 894 1386 919 numum
1410 883 1444 919 in
1461 896 1531 933 quo
1549 897 1731 936 utrumque
1749 893 1942 937 Imperium
1955 907 2182 934 commemo-

1152 942 1264 976 retur,
1301 934 1394 978 cujus
1417 933 1508 982 apud
1526 936 1793 975 Mediobarbam
1815 940 1887 976 haec
1915 940 1957 977 stt
1985 944 2177 994 inscriptio:

1154 994 1193 1018 τ.
1223 993 1466 1022 CAESAR.1MP·
1488 996 1751 1026 νεεΡΑειΛΝυε.
1777 991 1812 1025 in
1825 989 1952 1039 postica
1972 992 2053 1030 lm‘.
2067 1008 2109 1031 xi
2123 1010 2134 1032 1
2148 1010 2180 1036 ι.

1152 1042 1303 1070 cos.v1.

1203 1085 1441 1129 Praesec‘iaram
1457 1089 1625 1131 Praetorii,
1654 1101 1833 1138 nunquam
1858 1091 1905 1126 ad
1922 1090 1959 1125 id
1973 1100 2098 1141 tempus
2117 1092 2182 1143 nisi

1151 1131 1193 1169 ab
1212 1134 1327 1181 equite
1336 1140 1483 1171 Romano
1499 1138 1810 1187 administratus71.]
1838 1138 1964 1176 Eri-asse
1976 1144 2182 1184 Suetonium

1152 1182 1285 1234 Lipsius
1306 1184 1348 1221 ad
1365 1197 1417 1223 ιν.
1447 1186 1533 1224 Hist.
1573 1189 1687 1225 Taciti
1703 1188 1919 1233 observavit,
1950 1204 2032 1229 cum
2048 1193 2095 1230 ibi
2113 1206 2180 1231 tra-

1149 1232 1206 1270 dat
1235 1236 1375 1272 Tacitus
1398 1237 1598 1277 Arretinum
1622 1239 1846 1276 Clementem
1868 1270 1879 1283 ‚
1916 1240 1993 1278 licet
2019 1242 2179 1281 senatorii

1146 1284 1274 1321 ordinis
1296 1314 1307 1328 ,
1348 1284 1546 1336 praefectum
1571 1291 1731 1337 praetorio
1758 1288 1863 1327 fuisse.
1923 1293 1977 1327 Sic
2011 1296 2049 1329 &
2081 1294 2179 1344 quod

1146 1334 1199 1370 Cl.
1214 1334 1372 1372 Norifius
1391 1337 1584 1376 observavit
1604 1367 1615 1381 ‚
1655 1342 1798 1385 Sejanus
1818 1340 1995 1391 praefectus
2015 1346 2178 1393 praetorio

1142 1384 1203 1421 fuit
1220 1385 1262 1422 ad
1280 1399 1435 1424 mortem
1455 1387 1580 1438 usque,
1610 1403 1691 1426 cum
1711 1402 1829 1426 tamen
1866 1391 1982 1428 consul
2001 1393 2118 1432 fuisset.

1198 1450 1230 1482 7.
1262 1438 1430 1473 Berenices
1459 1438 1607 1487 amore]
1650 1441 1705 1477 Sic
1722 1442 1813 1477 reite
1839 1440 1915 1478 libri
1934 1455 2064 1480 omnes
2078 1448 2176 1483 Mse·

1142 1489 1302 1534 quamvis
1327 1490 1446 1524 Graece
1474 1488 1633 1526 scribatur
1660 1492 1820 1536 Βερονίκη.

1143 1538 1360 1581 neomaenias
1373 1566 1383 1579 ,
1413 1541 1544 1575 Latinis
1561 1539 1778 1578 Ptolemaeus.

1198 1593 1238 1623 In
1255 1588 1489 1636 cognitionibus
1514 1593 1626 1638 patris
1648 1591 1835 1628 nundinam
1852 1594 2084 1644 praemiarique
2095 1594 2178 1642 soli-

1143 1636 1255 1685 tam]
1300 1636 1391 1674 Male
1409 1638 1513 1677 Fulvii
1537 1639 1645 1676 codex
1662 1656 1674 1677 -.
1718 1641 1754 1677 in
1773 1643 2049 1690 negotiationibus
2063 1646 2177 1693 patris

1143 1689 1331 1724 nundinari
1353 1689 1559 1738 predarique
1574 1690 1728 1738 solitum.
1786 1693 1995 1740 Cognitiones
2021 1694 2095 1732 sunt
2126 1698 2176 1741 ju-

1143 1737 1241 1776 dicia.
1268 1739 1451 1789 pecuniam
1466 1740 1510 1776 ab
1527 1741 1565 1777 iis
1581 1741 1790 1791 accipiebat,
1816 1755 1964 1791 quorum
1976 1743 2104 1783 causs'as
2119 1758 2176 1796 pa«

1146 1800 1197 1824 ter
1210 1788 1463 1838 cognoscebat,
1497 1790 1671 1828 vendebat
1691 1803 1831 1828 eventus
1850 1781 1969 1829 litiuin.
2001 1796 2175 1842 praenriari

1144 1851 1228 1877 vero
1245 1839 1292 1876 est
1321 1839 1475 1890 praedari.
1517 1840 1843 1890 hincpramiatores.
1863 1856 1920 1880 res
1937 1843 2010 1880 trita
2029 1873 2042 1888 ,
2086 1848 2125 1882 ὃ(
2152 1857 2175 1884 a

1144 1891 1333 1926 Torrentio
1354 1901 1483 1928 notata.
1649 1920 1652 1923 .

1198 1945 1241 1976 Ut
1258 1953 1336 1976 mox
1344 1939 1480 1988 scenam
1500 1940 1706 1989 tenuerim]
1744 1943 1984 1993 Hieronymus
2000 1944 2034 1981 in
2058 1944 2173 1984 Chro-

1141 1989 1224 2027 nicis
1242 1990 1375 2027 Eusebii
1393 2005 1402 2028 :
1440 1991 1576 2028 Publius
1598 1991 1844 2040 mimographus
1858 2022 1870 2037 ,
1893 1996 2029 2031 natione
2046 1999 2148 2043 Syrus
2159 2025 2172 2041 ,

1466 2042 1590 2080 Cicero
1623 2056 1652 2080 1.
1690 2042 1826 2081 Tuscul.
1865 2044 2070 2094 Pythagoras
2095 2059 2174 2084 cum

1143 2090 1282 2139 Superbo
1300 2099 1457 2141 regnante
1475 2092 1513 2128 in
1533 2092 1673 2130 ltaliam
1690 2091 1830 2140 venisset
1842 2121 1854 2137 ‚
1883 2096 1992 2131 tenuit
2010 2107 2174 2144 magnam

1143 2141 1240 2177 illam
1258 2144 1420 2179 Graciam
1440 2155 1517 2178 cam
1535 2143 1656 2180 honore
1680 2141 1733 2186 Εἴ
1752 2143 1927 2192 disciplina
1940 2174 1951 2188 ‚
1976 2155 2049 2181 tum
2065 2147 2174 2183 etiam

1144 2194 1358 2228 ascoloritate.
1414 2195 1540 2230 Bruto:
1567 2195 1632 2230 Hic
1649 2195 1791 2241 optimas
1812 2194 1878 2231 illts
1899 2195 2100 2243 temporibus
2110 2206 2175 2242 pa·-

1145 2252 1260 2278 tronus
1277 2242 1318 2288 eft
1338 2241 1499 2287 habitas,
1527 2257 1623 2293 eoque
1629 2244 1749 2289 forum
1770 2253 1902 2280 tenente
1906 2245 2011 2292 plura
2022 2245 2102 2290 fieri
2113 2247 2176 2294 ju-

1143 2293 1234 2329 dicia
1257 2301 1432 2341 coeperunt.
1490 2295 1543 2330 Sic
1562 2294 1606 2331 ad
1627 2295 1778 2330 Atticum
1795 2305 1906 2336 tenere
1919 2296 2065 2343 judicia.

1198 2342 1358 2379 Celeriter
1374 2342 1583 2392 exstractis]
1614 2343 1701 2381 Cod.
1727 2343 1867 2381 Salmas.
1895 2344 2076 2382 celebriter.
2105 2346 2175 2384 sed

1146 2392 1295 2430 celeriter
1315 2396 1423 2430 retine
1442 2407 1483 2430 ex
1503 2394 1648 2430 historia.
1708 2395 1762 2431 Sic
1782 2395 1876 2431 enim
1896 2398 1933 2431 δε
1953 2394 2137 2433 Martialis:

1257 2444 1323 2480 Hic
1346 2444 1405 2480 ubi
1417 2446 1587 2480 miramur
1605 2444 1733 2480 velocia
1754 2457 1897 2480 mccnera
1914 2445 2074 2482 thermas.

1881 1492 1935 1529 Sic
1966 1495 2024 1543 qui
2047 1496 2177 1534 Graecis

1203 2499 1234 2530 8.
1281 2499 1322 2528 In
1346 2496 1460 2529 ceteris
1481 2506 1561 2530 vero
1586 2493 1753 2541 defideriis
1785 2496 1935 2530 omnium
1956 2495 2172 2543 hominum]

1147 2542 1250 2580 Salm.
1275 2543 1367 2579 Cod.
1398 2546 1436 2579 δε
1453 2543 1549 2580 Rob.
1568 2544 1681 2594 Stepb.
1722 2543 1776 2580 ed.
1807 2549 1848 2579 In
1870 2547 1983 2581 ceteris
2009 2557 2089 2581 vero
2107 2546 2175 2581 ‘de-

1146 2591 1273 2639 fiderz'is
1290 2593 1477 2628 hominum.
1503 2594 1605 2630 reste.

1205 2640 1407 2676 Cavillatus
1422 2641 1504 2688 est]
1552 2642 1722 2685 Jocularia
1747 2642 1941 2679 scommata
1964 2643 2110 2688 iaciebat
2130 2646 2167 2684 in

83 2684 212 2724 lostrati
231 2696 271 2720 ex
287 2696 347 2722 vr.
376 2683 419 2720 de
441 2684 510 2722 vita
530 2684 705 2734 Apollonii
723 2687 857 2737 Tyanei
875 2700 904 2722 c·
933 2701 984 2733 ¹4·
1027 2701 1105 2738 pro·
1149 2690 1288 2728 diversae
1303 2690 1460 2727 faffionis
1481 2692 1706 2741 gladiatores,
1732 2697 1770 2729 δε
1788 2693 1865 2729 salse
1883 2692 1962 2730 rilit.

87 2733 181 2772 duxit
197 2732 420 2772 casaubonus
439 2733 482 2769 ad
502 2737 642 2771 Sueton.
681 2735 746 2772 Sed
777 2738 895 2785 nugari
920 2740 966 2774 ait
991 2739 1104 2775 Philo·
1204 2741 1341 2776 Partim
1363 2741 1400 2776 in
1408 2746 1524 2788 servos
1546 2741 1703 2790 ficbjici]
1738 2749 1775 2779 In
1784 2744 1900 2790 servos
1918 2756 1982 2779 nec
2001 2744 2034 2780 in
2047 2746 2175 2783 Salma..

87 2783 229 2823 stratum
247 2811 260 2828 ,
288 2797 369 2821 cum
392 2787 519 2821 Roma:
538 2784 582 2821 ab
602 2786 750 2822 exercitu
769 2788 890 2822 Titum
909 2790 1104 2836 Imperato-
1150 2789 1246 2826 siano
1256 2790 1388 2840 legitur,
1400 2792 1507 2828 necin
1520 2791 1704 2842 Lipfii,nec
1717 2792 1901 2842 inCopelii
1916 2805 2030 2830 vetere
2043 2796 2174 2835 codice.

89 2848 166 2873 rem
183 2834 359 2872 salutatum
382 2833 446 2871 effe
465 2835 606 2884 prodat,
637 2849 719 2872 cum
740 2836 771 2872 id
787 2835 919 2873 fastum
939 2836 978 2873 fit
996 2840 1030 2875 in
1049 2850 1105 2874 ca·
1151 2841 1310 2878 Excidifle
1320 2841 1481 2878 voculam
1493 2855 1596 2892 puto,
1609 2846 1644 2878 ὃ(
1659 2844 1859 2879 Suetonium
1877 2842 2057 2894 scripfiffe:
2082 2846 2178 2894 hasta

91 2884 164 2924 stris
184 2885 229 2923 ad
244 2884 486 2935 Hierosolyma
504 2886 644 2935 antiquo
658 2886 848 2936 reipublicae
868 2900 978 2923 more.
1039 2888 1104 2925 Sed
1146 2891 1276 2939 partim
1287 2891 1426 2939 subjici,
1452 2892 1484 2928 id
1505 2893 1573 2935 est,
1604 2905 1666 2942 pro
1686 2895 1864 2943 mancipiis
1887 2894 2002 2932 vendi.
2035 2899 2177 2934 Vocem

94 2937 187 2973 reae
209 2936 334 2986 Pagius
354 2935 499 2973 ostendit
521 2939 558 2974 ὅ(
578 2936 645 2974 hoc
661 2937 773 2974 modo
800 2937 908 2987 ipsum
926 2938 1107 2975 salutatum
1156 2940 1248 2987 hasta
1266 2940 1433 2991 absorpsst
1453 2943 1647 2992 praecedens
1668 2957 1735 2980 vox
1763 2944 1983 2980 harenarum.
2041 2947 2107 2982 Sed
2130 2958 2179 2983 tae

93 2983 161 3023 effe
176 2989 430 3035 Imperatorem
442 3015 453 3030 ,
479 2991 516 3023 δ(
533 2986 601 3023 alio
620 2987 751 3031 modo,
787 3001 857 3038 quo
875 2987 1014 3038 Augusti
1037 2989 1109 3040 post
1155 3004 1240 3027 men
1253 2991 1368 3038 subiici
1385 3005 1457 3028 non
1476 3005 1656 3043 nunquam
1675 2995 1779 3031 eriam
1800 3007 1858 3043 per
1872 2992 2001 3044 ellipsin
2017 2998 2179 3047 accipitur

94 3035 280 3074 institutum
303 3038 488 3087 imperium
508 3066 518 3080 ,
552 3037 710 3088 appellati
726 3038 797 3075 sunt
818 3042 1048 3090 Imperatores
1064 3039 1112 3076 id·
1157 3054 1220 3090 pro
1234 3041 1355 3089 subjici
1366 3041 1471 3088 hasta.

97 3098 165 3137 que
180 3089 308 3128 Romae
323 3087 456 3128 factum
472 3086 537 3126 effe
551 3101 572 3126 a
589 3100 697 3138 patre.
728 3090 833 3130 Anno
842 3088 1011 3142 superiore
1020 3102 1114 3131 anno
1214 3106 1247 3139 9.
1273 3092 1397 3131 Oblata
1418 3091 1480 3141 [ibi
1496 3094 1731 3146 ornamenta]
1758 3094 2020 3140 Salmasianus,-
2034 3107 2130 3143 aeque
2142 3105 2179 3130 ut

1599 3146 1692 3183 liiii
2065 3146 2178 3183 Viter-
