2504 3425
213 169 322 237 640
561 164 1572 227 C.SUET.TRANQU1LL1
1634 150 2035 223 Liss.V111.

214 253 414 312 cmmvst
442 257 568 302 etiam
602 261 646 303 &
678 260 898 321 ingemuit.
959 257 1055 301 Sola
1089 251 1147 298 est
1171 287 1184 306 ,
1227 252 1272 295 in
1307 265 1390 312 qua
1425 250 1574 295 merito
1609 252 1797 312 culpetur
1818 290 1830 312 ,
1876 262 2062 320 pecuniae
2097 263 2307 324 cupiditas„
2339 281 2392 321 μς

215 319 323 362 Non
357 321 471 365 enim
505 334 725 366 contentus
758 321 900 367 omiffa
933 319 1006 366 sub
1038 316 1179 362 Galba
1212 314 1430 381 veffigalia
1462 313 1699 360 revocasse:
1735 334 1844 364 nova
1877 326 1920 366 {Sc
1942 327 2080 384 gravia
2098 326 2312 375 addidiffe:

216 382 363 427 auxisse
397 383 547 430 tributa
583 386 832 442 provinciis,
869 402 956 430 non
991 382 1114 427 nullis
1148 384 1191 424 &
1227 378 1480 439 duplieasse:
1517 379 1824 439 negotiationes
1846 400 2017 447 quoque
2054 392 2116 435 vel
2154 394 2314 453 privato

216 445 428 505 pudenda
459 447 667 506 propalam
703 450 910 504 exercuit,
946 443 1182 492 coemendo
1218 441 1403 504 quaedam
1437 455 1623 498 tantum,
1657 456 1704 487 ut
1735 444 1862 504 pluris
1896 448 2034 508 postea
2066 453 2313 503 distraheret.

214 510 288 553 Ne
320 509 540 554 candidatis
561 507 734 571 quidem
754 511 960 568 honores,
993 508 1119 556 reisve
1141 523 1223 553 tam
1251 507 1432 563 innoxiis
1450 522 1576 567 quam
1602 507 1876 564 nocentibus,
1910 511 2190 574 absolutiones
2211 538 2318 566 ven·

214 572 340 616 diffie
362 572 572 617 cumanus
597 571 669 618 est,
739 576 937 622 Creditur
959 577 1084 621 etiam
1110 584 1426 634 procuratorum
1460 569 1758 630 rapacissimum
1795 590 2011 637 quemque
2039 579 2089 623 ad
2121 585 2318 644 ampliora

214 632 351 678 officia
385 651 434 680 ex
471 635 666 683 industria
703 636 845 686 solitus
877 653 1125 703 promovere
1151 671 1162 689 ,
1207 651 1293 697 quo
1327 634 1622 693 locupletiores
1656 651 1756 679 mox
1788 639 2119 687 condemnaret:
2165 647 2319 707 quibus

212 697 383 757 quidem
418 699 548 762 vulgo
571 716 643 766 pro
667 704 840 769 spongiis
874 704 1086 751 dicebatur
1119 704 1198 752 nti,
1236 697 1351 761 qUOd
1386 697 1497 759 quast
1531 701 1573 742 &
1611 697 1739 745 siccos
1772 700 2077 761 madefaceret,
2113 711 2157 753 &
2182 712 2320 771 expri-

213 776 344 806 meret
364 761 596 810 humentes.
660 771 1024 829 Qiidamrnatura
1059 760 1369 826 cupidiffimum
1403 761 1567 806 tradunt
1587 797 1601 818 ,
1642 762 1768 825 idque
1802 767 2095 829 exprobratum
2120 772 2159 816 ei
2185 791 2206 818 a
2227 774 2321 819 sene

212 824 431 874 buburcog
463 830 537 891 qui
574 845 720 893 negata
753 833 828 879 fibi
862 835 1035 897 gratuita
1067 830 1280 883 libertate,
1315 842 1440 889 quarn
1475 827 1705 888 Imperium
1738 828 1934 891 adeptum
1968 832 2206 896 suppliciter
2228 854 2323 884 ora·

211 887 281 934 bat
299 925 312 945 ,
348 893 663 953 proclamaverit
687 930 701 951 ,
745 900 911 964 Vulpem
938 899 1069 964 pilum
1101 906 1251 940 mutare
1276 926 1288 947 ‚
1332 907 1422 958 non,
1442 907 1577 936 mores.
1643 893 1750 937 Sunt
1781 909 1923 941 contra
1958 900 2033 960 qui
2065 902 2319 962 opinentur,

210 953 260 997 ad
295 954 509 1002 manubias
543 962 588 1003 δε
624 962 778 1020 rapinas
810 962 1043 1007 necestitate
1079 954 1360 1019 compulsum,
1399 956 1554 999 summa
1585 956 1713 1001 aerarii
1745 955 1919 1021 fiscique
1952 963 2132 1024 inopia:
2165 964 2216 1010 de
2240 983 2320 1029 qua

213 1016 453 1068 testificatus
488 1020 535 1066 fit
568 1022 694 1067 initio
728 1024 863 1071 statim
900 1027 1191 1086 Principatus:
1247 1016 1448 1081 professus
1491 1019 1806 1081 quadringenties
1838 1027 1969 1070 milies
2002 1041 2094 1091 opus
2125 1031 2191 1089 effi·
2213 1065 2226 1085 ‚
2281 1046 2322 1076 ut

214 1083 324 1148 Resp.
348 1084 456 1145 stare
481 1089 607 1151 poffet.
677 1090 806 1146 Qod
841 1095 885 1134 δε
913 1087 1170 1134 verisimilius
1204 1084 1388 1137 videtur,
1423 1081 1592 1143 quando
1617 1087 1659 1127 &
1682 1085 1788 1129 male
1811 1089 1934 1147 partis
1954 1091 2114 1150 optime
2134 1090 2226 1138 usus
2247 1093 2319 1140 est.

212 1148 264 1189 In
287 1163 414 1192 omne
439 1147 660 1194 hominum
682 1168 815 1212 genus
839 1150 1141 1197 liberalisfimus
1156 1183 1168 1203 ,
1202 1146 1388 1206 explevit
1412 1143 1581 1189 censum
1608 1147 1875 1195 Senatorium
1899 1169 1912 1196 t
1960 1151 2192 1214 consulares
2222 1158 2319 1203 ino-

211 1224 282 1271 pes
303 1212 527 1272 quingenis
547 1210 735 1260 sestertiis
757 1218 904 1261 annuis
923 1213 1185 1260 sustentavit:
1222 1210 1418 1272 plurimas
1444 1224 1517 1269 per
1534 1222 1670 1254 totum
1693 1209 1842 1256 orbern
1865 1215 2051 1261 civitates
2072 1220 2184 1266 te'rrae
2199 1236 2317 1268 motu

211 1287 280 1316 aut
305 1274 503 1319 incendio
527 1275 725 1334 afficias,
761 1280 938 1326 restituit
969 1280 1014 1324 in
1048 1278 1210 1323 melius.
1276 1273 1455 1335 Ingenia
1489 1278 1532 1317 &
1566 1287 1670 1319 artes
1704 1274 1770 1320 vel
1805 1279 1982 1324 maxime
2009 1280 2132 1328 fovit.
2167 1286 2322 1346 primus

211 1352 235 1380 e
269 1333 370 1383 fisco
403 1341 564 1387 Latinis
584 1342 829 1408 Graecisque
864 1342 1099 1392 rhetoribus
1124 1355 1260 1386 annua
1281 1350 1457 1382 centena
1489 1335 1718 1384 constituit.
1787 1340 2022 1391 Praestantes
2044 1359 2210 1408 poetaS,
2246 1367 2322 1397 nec

2230 1431 2320 1462 non

1292 1474 1412 1514 lenos:
1444 1473 1569 1513 nostrae
1591 1489 1676 1513 vero
1693 1479 1867 1533 pecuniae,
1897 1491 2022 1520 aureos
2040 1483 2091 1523 bis
2108 1485 2320 1526 millenos&

1291 1527 1496 1576 quingenos.
1549 1526 1808 1577 Ampliffimum
1833 1529 1912 1567 sane
1930 1560 1944 1576 ,
1988 1544 2024 1570 ut
2057 1536 2201 1586 quidem
2230 1552 2321 1578 nunc

1290 1578 1434 1621 vivitur,
1466 1577 1719 1616 honorarium:
1748 1593 1811 1629 pro
1826 1582 1959 1618 ratione
1970 1596 2056 1622 vero
2073 1587 2214 1626 illorum
2232 1601 2321 1628 tem-

577 1483 612 1518 T

635 1493 660 1517 Ο
693 1493 715 1516 R
748 1496 772 1520 R
803 1494 824 1520 E
854 1496 879 1520 N
908 1495 943 1522 T.

272 1548 607 1599 16.Negotiationes.]
625 1551 678 1588 Sic
688 1553 943 1600 negotiationem
955 1550 1150 1600 Astaticam
1164 1548 1236 1585 Cic·

214 1596 318 1645 Epist.
343 1595 429 1635 fam.
444 1598 501 1636 lib.
519 1615 602 1640 xvi.
632 1604 887 1651 negotiationem
905 1603 1081 1651 sagariam
1101 1600 1237 1650 Ulpian.

214 1647 235 1683 l.
251 1659 268 1682 L
281 1661 331 1684 11.
371 1651 440 1686 Pro
459 1650 552 1688 socio
570 1681 582 1696 ,
619 1655 879 1702 negotiationem
895 1655 1081 1702 lignarium
1099 1651 1241 1701 Capito-

214 1696 461 1737 lia-Pertinace
473 1730 485 1745 ,
503 1702 670 1741 dixerunt.
727 1704 923 1751 Disirahere
941 1715 1058 1740 autem
1081 1715 1143 1753 pro
1159 1715 1241 1740 ven-

214 1748 294 1784 dere
312 1778 323 1793 ‚
361 1762 429 1800 qua
448 1750 703 1802 significatione
721 1767 764 1790 eo
783 1755 894 1792 verbo
912 1754 964 1791 hic
981 1756 1083 1790 utitur
1099 1756 1240 1790 Sueton.

214 1801 392 1848 proprium
419 1803 514 1845 JCtis
533 1804 593 1842 est.
654 1804 841 1842 Addendus
877 1818 983 1855 porro
1020 1804 1117 1841 locus
1144 1803 1241 1839 Plinii

215 1849 272 1886 lib.
290 1863 353 1887 xvi
366 1865 376 1887 1
391 1866 418 1889 1.
435 1865 509 1904 cap.
521 1868 599 1895 xxv.
630 1854 673 1892 de
692 1869 762 1906 quo
780 1855 875 1907 supra
893 1853 1243 1906 disputatumanobis

220 1902 310 1948 Aug.
326 1912 402 1949 cap.
419 1915 476 1940 xx..

270 1952 335 1986 Ad
350 1954 530 1988 manubias
548 1953 601 1996 ἶς’
621 1958 759 2002 rapinas
777 1957 887 2004 necess.
911 1952 1151 2004 compulsam]
1198 1957 1240 1990 ln

187 2015 189 2018 ⁴
218 2001 344 2038 Dionis
371 2001 451 2039 sane
478 2005 690 2053 compendio
725 2008 926 2044 Mucianum
962 2007 1108 2055 legimus
1141 2016 1242 2041 tantae

223 2051 373 2102 undique
393 2054 614 2090 corradendce
637 2059 788 2105 pecuniae
802 2070 874 2093 non
893 2060 1074 2094 auc‘torem
1092 2068 1244 2093 tantum-

219 2101 354 2146 modo,
376 2102 434 2140 sed
457 2108 494 2141 δε
515 2104 734 2149 adjutorem,
763 2106 913 2144 derivata
931 2109 1035 2144 etiam
1054 2108 1089 2143 in
1109 2107 1141 2143 se
1161 2107 1244 2144 invi-

219 2153 295 2197 dia,
321 2151 437 2199 fuisse,
468 2154 656 2193 haben-tem
667 2156 844 2207 semper-in
862 2170 944 2201 ore,
971 2159 1155 2207 pecuniam
1170 2171 1245 2194 ner-

220 2216 307 2240 vum
328 2202 394 2241 effe
412 2206 634 2256 Principatus.
694 2207 947 2244 Manabiarum
964 2221 1051 2244 vero
1069 2207 1245 2245 vocabulo

223 2255 270 2291 uti
288 2254 422 2292 videtur
441 2258 583 2294 Sueton.
610 2270 671 2306 pro
691 2256 801 2307 spoliis
823 2270 924 2307 atque
948 2258 1065 2294 illicito
1091 2257 1218 2307 quaestu
1233 2287 1244 2301 ,

224 2316 262 2342 ut
281 2305 362 2342 alibi
378 2319 515 2355 qnoque
530 2335 543 2350 ,
572 2311 609 2344 ὅ(
628 2321 699 2344 non
717 2307 823 2345 semel
848 2309 916 2358 ipse
934 2309 1072 2346 Cicer-0.
1100 2312 1157 2344 De
1176 2321 1246 2356 quo

224 2354 337 2393 verbo
363 2356 450 2394 Gell.
477 2357 534 2394 lib.
553 2371 658 2395 xiii.
682 2370 758 2408 cap.
777 2373 907 2396 xxxii.
947 2358 1072 2396 Ascon.
1101 2360 1246 2395 Verrina

229 2420 240 2442 1
256 2420 266 2442 ι
280 2420 308 2443 1.
340 2408 502 2452 Nonius,
527 2412 565 2445 δ(
583 2408 650 2445 alii.
682 2411 774 2446 Hinc
784 2409 1143 2458 manubialispecunia
1160 2410 1246 2459 Aug.

224 2470 297 2507 cap.
310 2469 390 2498 xxx.
823 2486 826 2487 γ

284 2522 336 2555 17.
362 2516 402 2545 In
420 2522 515 2545 omne
532 2508 708 2546 hominum
725 2524 828 2558 genus
845 2509 1126 2558 liberaliffimas]
1163 2512 1248 2546 Hac

223 2559 331 2596 verba
345 2559 466 2597 melius
486 2559 646 2609 superiori
673 2562 771 2610 capiti
799 2562 1038 2604 conveniunt,
1079 2559 1249 2611 siquidem

223 2612 424 2648 Suetonium
444 2611 480 2647 in
499 2611 608 2659 capita
626 2610 822 2649 dividimus.

277 2661 441 2709 Explevit
469 2663 598 2709 censam
620 2660 868 2710 senatoriam]
913 2664 969 2698 De
988 2661 1087 2699 censu
1110 2661 1244 2699 senato-

223 2713 274 2748 rio
295 2710 340 2748 fic
365 2715 507 2749 Sueton.
545 2713 633 2761 Aug.
663 2724 737 2762 cap.
765 2724 809 2748 Χῖ,
822 2727 848 2749 1.
886 2718 1083 2749 Senatorum
1113 2715 1243 2761 censum

222 2762 408 2809 ampliavit
423 2791 434 2805 ,
480 2775 520 2798 at:
542 2771 603 2809 pro
638 2763 899 2810 offingentoram
934 2763 1082 2799 millium
1102 2763 1243 2809 summa

223 2811 396 2848 duodecies
424 2823 479 2848 Hs.
510 2813 674 2855 taxavit,
703 2813 930 2862 supplevitque
945 2826 1010 2849 non
1026 2813 1243 2851 habentibus.

225 2861 267 2898 Id
296 2873 379 2896 vero
404 2858 449 2896 fic
482 2864 623 2910 exponit
654 2863 794 2899 Budaeus
812 2892 822 2906 ,
877 2876 911 2899 ut
945 2876 965 2899 a
989 2877 1033 2900 xx
1062 2863 1105 2900 ad
1125 2876 1192 2901 xxx
1213 2877 1240 2900 M

225 2922 476 2949 coronatorum
500 2912 693 2949 nostrorum
713 2927 795 2950 eum
815 2914 954 2951 censum
970 2915 1109 2952 auxerit.

545 2992 950 3034 CAsAUBoN.

285 3074 294 3095 ι
307 3066 336 3095 8.
349 3058 482 3094 Primus
494 3057 587 3105 efisco
600 3061 731 3095 Latinis
742 3063 919 3111 Grecisc‘jue
930 3063 1116 3099 rhetoribus
1128 3076 1245 3099 annua

225 3120 364 3146 centena
380 3107 586 3158 constituit]
614 3110 691 3149 Sive
711 3111 803 3160 quod
822 3112 917 3151 idem
932 3113 999 3158 est,
1026 3126 1148 3151 aureos
1167 3115 1244 3152 rnil-

1292 1638 1418 1678 porum
1429 1640 1543 1665 tenue.
1573 1641 1690 1666 nonne
1709 1632 1804 1667 enim
1826 1632 2048 1681 pudendum,
2078 1641 2223 1690 Terpno
2234 1641 2320 1679 Dio·

1294 1678 1453 1729 doroque
1479 1678 1677 1716 citharoedis
1704 1695 1767 1731 pro
1794 1695 1862 1719 una
1897 1684 2124 1734 produstione
2151 1691 2231 1728 data
2259 1691 2320 1729 du-

1291 1741 1388 1766 centa
1401 1759 1412 1774 ,
1442 1729 1508 1766 istis
1525 1742 1610 1767 vero
1637 1743 1754 1770 annua
1772 1744 1918 1770 centena
1935 1746 2070 1775 tantum
2085 1739 2182 1777 statui
2204 1745 2217 1780 ?
2244 1745 2319 1779 Me·

1289 1779 1372 1817 dicis
1390 1781 1525 1817 ducena
1546 1779 1667 1817 saltem
1683 1784 1925 1835 quinquagena
1945 1798 2099 1826 annuam
2112 1792 2317 1829 mercedem

1291 1830 1379 1878 apud
1402 1831 1575 1880 Principes
1588 1830 1703 1875 fuisse,
1733 1833 1843 1870 scribit
1859 1835 1984 1873 Plinius
2005 1837 2172 1878 lib.xxrx.
2208 1844 2316 1879 Fuere

1291 1884 1327 1916 ὅς
1350 1881 1558 1931 philosophis
1577 1892 1690 1918 annua
1709 1884 1890 1921 constituta
1909 1914 1921 1928 ,
1959 1886 2088 1925 clarum
2110 1903 2150 1927 ex
2170 1890 2228 1928 illo
2244 1897 2315 1930 Ta-

1291 1932 1372 1967 tiani
1388 1931 1487 1973 loco,
1515 1944 1621 1981 quem
1640 1931 1736 1981 supra
1754 1932 1980 1974 laudavimus.
2010 1950 2044 1974 at
2054 1951 2126 1976 non
2139 1942 2317 1993 Vespasia-

1290 1985 1361 2025 nus?
1376 1984 1450 2027 eius
1468 1983 1604 2018 instituti
1627 1984 1766 2027 austor,
1797 1984 1853 2021 sed
1868 1988 1916 2023 M.
1932 1987 2127 2027 Antoninus
2146 1993 2244 2038 Pius,
2274 1995 2318 2032 de

1294 2046 1364 2081 quo
1393 2031 1502 2069 scribit
1529 2033 1743 2082 Capitolinus
1767 2049 1776 2071 ι
1817 2035 2017 2074 Rhetoribas
2044 2039 2098 2083 ἑῇ*
2120 2042 2318 2093 philosophis

1285 2092 1344 2131 per
1374 2096 1485 2119 omnes
1505 2084 1701 2131 provincias
1727 2083 1780 2127 Εἴ
1803 2084 1937 2123 honores
1963 2087 2162 2137 &salaria
2183 2095 2320 2137 detulit.

1296 2138 1331 2171 Is
1356 2133 1490 2172 videtur
1519 2133 1623 2170 salarii
1649 2134 1828 2172 rhetorum
1856 2140 1894 2173 ὃ(
1930 2138 2219 2192 philosophorum
2240 2160 2319 2184 mo-

1296 2183 1381 2220 dum
1401 2182 1562 2235 redegisse
1582 2183 1627 2221 ad
1645 2183 1816 2235 sexagena
1839 2187 1946 2225 millia
1974 2188 2045 2229 five
2064 2204 2185 2231 aureos
2209 2196 2316 2236 sexies

1296 2235 1455 2271 millenos
1474 2263 1485 2277 ,
1522 2244 1557 2270 ut
1574 2246 1653 2270 ante
1671 2235 1888 2274 docebamus
1904 2253 1944 2275 ex
1965 2243 2116 2280 Tatiano
2133 2248 2169 2280 δε
2187 2250 2317 2287 Eume-

1295 2286 1365 2322 nio.
1393 2283 1447 2321 sed
1468 2285 1537 2322 hoc
1557 2312 1569 2328 ,
1601 2286 1635 2321 ni
1652 2284 1768 2330 fallor,
1797 2290 1981 2326 tantumin
2000 2295 2204 2342 provinciis:
2234 2311 2317 2337 nam

1295 2336 1377 2384 quin
1402 2336 1555 2371 rhetores
1582 2337 1694 2373 Graeci
1722 2340 1906 2386 Latinique
1931 2340 1966 2376 in
2003 2343 2100 2380 urbe·
2117 2338 2318 2395 profitentes

1295 2386 1442 2436 amplius
1459 2386 1684 2423 honorarium
1704 2387 1872 2426 haberent
1888 2418 1899 2433 ,
1924 2390 2162 2445 servatamque
2190 2399 2319 2451 Vespa-

1297 2434 1381 2473 siani
1399 2437 1547 2483 σύνταξιν
1565 2434 1678 2481 fuifl'e,
1708 2452 1779 2475 non
1799 2452 1883 2489 puto
1899 2440 2143 2486 dubitandum.

1670 2503 1971 2540 VAR10R.

1356 2565 1408 2595 16.
1423 2564 1492 2594 Nec
1502 2559 1694 2595 candidatis
1709 2561 1845 2610 qu⁷tlem
1858 2560 2003 2600 honores.
2017 2561 2031 2611 ]
2043 2567 2128 2616 Leg.
2142 2571 2195 2603 Ne
2204 2567 2318 2603 sandb-

1297 2608 1389 2643 datis
1411 2610 1546 2657 quidem
1560 2609 1707 2647 lwmres.
1738 2614 1851 2647 SALM.
1880 2614 1922 2648 Et
1939 2611 1985 2650 fic
2002 2616 2048 2651 R.
2061 2616 2176 2667 Steph.

1352 2659 1640 2706 Qcadringenties
1657 2661 1776 2697 millies
1796 2669 1873 2708 opas
1892 2663 1958 2710 esse.
1976 2664 1990 2710 ]
2022 2668 2122 2701 Hanc
2141 2665 2314 2704 stunmam

1295 2712 1472 2755 majorem
1496 2707 1561 2745 ess‘e
1579 2710 1704 2754 video,
1733 2723 1841 2761 quam
1861 2723 1897 2748 ut
1918 2712 2144 2764 Vespasianus
2160 2715 2314 2764 sperave-

1295 2761 1334 2795 rit
1352 2788 1363 2802 ,
1391 2760 1805 2810 quantavis·pai-limonia
1825 2774 1883 2799 aut
1907 2763 2114 2800 tributorum
2132 2767 2313 2804 exactione

1296 2811 1410 2859 colligi
1437 2808 1541 2860 polle.
1584 2824 1688 2860 quare
1713 2825 1778 2862 pro
1805 2812 2078 2862 quadringenties
2114 2817 2314 2865 quadragies

1297 2860 1485 2910 legendum
1508 2858 1572 2897 ess'e
1591 2861 1746 2904 videtur,
1774 2861 1808 2898 id
1823 2861 1872 2899 est
1889 2890 1902 2905 ,
1931 2862 2054 2900 millies
2071 2877 2216 2902 centena
2237 2867 2314 2903 rnil-

1296 2911 1338 2947 lia
1357 2925 1540 2949 aureorum
1560 2924 1837 2948 coronatorum:
1874 2912 1958 2948 ultra
1986 2915 2082 2950 enim
2107 2914 2196 2953 hanc
2223 2916 2313 2955 sum-

1296 2975 1397 2999 mam
1425 2976 1468 2998 ne
1495 2961 1620 2997 ludicra
1647 2961 1788 3011 quidem
1806 2971 1888 2998 vota
1915 2962 2101 3001 hominum
2123 2967 2312 3015 procedere

1295 3012 1404 3049 solent
1429 3041 1440 3056 ‚
1469 3010 1601 3048 etiamsi
1626 3010 1839 3048 immensum
1862 3011 1966 3061 quid,
2003 3015 2183 3067 majusque
2211 3021 2311 3056 omni

1295 3065 1366 3099 auri
1383 3060 1630 3111 conceptaculo
1646 3072 1810 3110 exoptare
1826 3062 2046 3102 contendant.
2079 3067 2254 3105 Bonitus.

1347 3111 1632 3160 Qaclringemies
1646 3109 1802 3160 millies]
1836 3113 1956 3151 Scribo
1975 3127 2057 3153 cum
2081 3117 2201 3155 Budeo
2226 3131 2310 3166 qaa-

2180 3169 2310 3216 dragtes

2345 1185 2361 1215 1
2372 1185 2403 1229 7

2347 1299 2400 1346 18
