2504 3425
545 131 1801 221 ‘DEC'AEsAR13ua
2075 169 2176 223 771

1130 299 1185 343 X.

1081 382 1247 427 Romae.

290 463 1053 535 FRANeiseus
1105 475 1197 520 DE
1249 461 2014 538 immutatum,

608 577 651 628 L
672 596 687 628 1
708 597 751 628 Β.
777 594 792 625 1
817 593 853 624 i.
897 570 978 620 De
993 569 1246 621 Mirandis
1262 569 1465 622 Veteris
1482 571 1667 622 Romae
1684 605 1700 631 ,

842 642 960 694 edit.
981 641 1104 692 ibid.
1123 657 1258 690 anno
1289 659 1332 690 M
1350 660 1383 690 D
1401 658 1450 691 x.

119 771 170 812 In
183 770 313 813 aeraerio
328 778 387 811 v*
402 765 594 828 intemplo
608 763 733 821 Jovis
747 758 959 823 Capitolini
993 759 1055 811 (ut
1066 754 1186 817 fitpra
1209 751 1412 805 diximus)
1438 753 1561 793 multae
1586 749 1781 811 exstabant
1793 765 1887 792 aereae
1900 745 2032 792 tabulae
2044 743 2188 806 affixae:

184 850 204 877 e
233 829 367 893 quibus
393 845 510 873 unam
533 841 680 870 tamtum
712 822 829 881 nostro
858 834 1023 883 tempore
1049 822 1090 860 in
1114 815 1364 873 Lateranenfi
1389 813 1546 868 bazfilt'ca
1562 816 1736 878 prospexi
1757 812 1860 877 apud
1884 811 2193 855 sabernaculum

175 894 420 956 sticrattiffimi
443 893 611 956 corporis
634 887 784 947 Christi.
851 881 1038 926 Lasi'tudo
1052 882 1129 941 ejus
1134 878 1229 943 ped.
1271 893 1335 922 1v.
1362 877 1559 938 longitudo
1578 894 1669 919 vero
1706 893 1775 920 vi.
1798 879 1838 918 in
1863 892 1935 936 qim
1957 878 2195 918 continentur

190 957 455 1021 infrascripta
475 970 488 997 .·

120 1039 327 1088 Foedusve
352 1054 447 1084 eum
470 1034 620 1098 quibus
639 1033 752 1078 volet
774 1021 908 1074 fa‘cere
932 1027 1054 1071 liceat
1073 1060 1085 1079 ‚
1130 1026 1185 1068 ita
1209 1024 1268 1068 uti
1293 1023 1411 1067 licuit
1437 1023 1557 1066 Divo
1584 1024 1716 1084 AVg.
1749 1021 1857 1066 Iulio
1885 1017 2032 1063 Caesari
2058 1021 2195 1081 AVg‚

122 1106 389 1165 Tiberioque
414 1099 596 1144 Claudio
623 1093 771 1141 Caesari
795 1095 929 1155 AVg.
952 1090 1226 1135 Germanico.
1294 1089 1455 1147 Vtique
1471 1088 1508 1131 ei
1526 1084 1886 1130 Senatumliabere
1903 1117 1914 1137 ,
1951 1083 2196 1127 relati-onam

125 1168 260 1217 facere
273 1203 284 1221 ,
299 1167 507 1212 remittere
523 1157 878 1207 Senatusconsulta
894 1172 963 1216 per
977 1155 1220 1199 relationem
1233 1186 1245 1207 ‚
1281 1149 1652 1211 disceffionemque
1674 1148 1807 1194 facere
1825 1149 1942 1191 liceat
1957 1181 1967 1200 ‚
2004 1147 2058 1190 ita
2072 1148 2131 1191 uti
2146 1147 2200 1190 li=-

123 1235 209 1279 cuit
220 1235 339 1278 Divo
353 1231 484 1291 AVg.
501 1228 575 1271 Ti.
592 1227 700 1270 lulio
714 1221 861 1268 Caesari
877 1222 1009 1281 AVg.
1027 1219 1102 1261 Ti.
1119 1216 1300 1261 Claudio
1316 1213 1465 1259 Caesari
1481 1217 1612 1274 AVg.
1628 1213 1900 1258 Germanico·

123 1315 286 1376 Vtique
313 1328 409 1357 cum
423 1327 472 1354 ex
486 1308 695 1353 voluntate
719 1303 1009 1349 auetoritateve
1025 1334 1036 1352 ‚
1070 1296 1171 1354 juffii
1197 1295 1443 1340 mandatuve
1468 1299 1553 1352 ejus
1567 1331 1577 1348 ,
1614 1292 1858 1355 praesenteve
1875 1309 1927 1337 eo
1944 1294 2113 1336 Senatus
2126 1289 2201 1335 ha*

126 1378 321 1430 bebitur,
356 1376 551 1420 omnium
566 1373 773 1428 rerumjus
787 1363 956 1428 perinde
968 1362 1188 1418 habeatur,
1222 1358 1427 1415 servetur,
1463 1377 1507 1404 ac
1531 1358 1558 1403 si
1583 1375 1604 1403 e
1633 1360 1724 1420 lege
1753 1360 1923 1400 Senatus
1938 1355 2094 1400 edictus
2106 1353 2203 1405 esset.

125 1440 440 1502 habereturque.

122 1527 286 1587 Vtique
301 1536 405 1584 quos
420 1516 698 1580 magistratum
713 1550 725 1570 ‚
760 1511 1004 1575 potestatem
1016 1545 1029 1566 ,
1052 1508 1274 1570 imperium
1287 1542 1300 1563 ‚
1326 1504 1633 1550 curationemve
1646 1537 1657 1557 ‚
1674 1506 1786 1559 cnjus
1801 1502 1857 1545 rei
1873 1513 2060 1561 petentes
2073 1502 2205 1544 Sena-

121 1591 184 1635 tui
199 1588 443 1651 populoque
467 1585 596 1627 Rom.
630 1577 1008 1627 commendaverit,
1045 1571 1281 1636 quibusque
1306 1569 1638 1630 stiffi-agationein
1662 1564 1771 1610 suam
1795 1566 1974 1620 dederit,
2003 1562 2205 1625 promise-r

126 1654 182 1698 rit
195 1687 208 1708 ,
243 1666 388 1696 eorum
402 1648 572 1693 comitls
587 1640 820 1706 quibusque
836 1657 945 1685 extra
957 1638 1148 1684 ordinem
1163 1638 1265 1681 ratio
1280 1635 1488 1679 habeatur.

127 1738 293 1797 Vtique
306 1734 343 1777 ei
357 1731 461 1776 fines
484 1728 659 1789 pomerii
686 1723 868 1787 proferre
884 1759 895 1777 ‚
917 1737 1162 1785 promovere
1177 1755 1189 1774 ‚
1225 1735 1320 1763 cum
1335 1735 1384 1761 ex
1400 1713 1635 1776 Republica
1649 1711 1831 1758 censebit
1845 1709 1920 1755 effe
1934 1746 1945 1765 ,
1980 1712 2100 1756 liceat
2112 1745 2123 1765 ‚
2150 1708 2206 1755 ita

126 1802 187 1845 uti
202 1799 319 1844 licuit
333 1797 409 1839 Ti.
426 1791 608 1838 Claudio
622 1790 770 1834 Caesari
792 1792 830 1831 A
840 1790 924 1849 Vg.
946 1786 1217 1830 Germanico.
1286 1783 1449 1843 Vtique
1469 1794 1728 1840 quaecunque
1755 1794 1803 1820 ex
1824 1775 1895 1819 usu
1916 1775 2177 1836 Reipublicae
2192 1809 2207 1829 ‚

130 1861 345 1922 Majestate
372 1859 631 1906 divinarum,
667 1852 962 1904 humanarum,
995 1848 1280 1910 publicarum,
1316 1846 1644 1906 privatarumque
1665 1857 1800 1885 rerum
1823 1838 1898 1883 effe
1926 1838 2132 1890 ceniebit,
2167 1839 2209 1883 ei

127 1943 248 1991 agere
262 1961 275 1980 ‚
303 1922 437 1969 facere
451 1926 514 1979 jus
526 1913 783 1979 potestasque
809 1914 879 1968 fit,
914 1916 969 1957 ita
992 1914 1053 1956 uti
1073 1911 1173 1958 divo
1194 1912 1329 1973 AVg.
1344 1906 1610 1968 Tiberioque
1626 1906 1734 1949 Iulio
1753 1902 1904 1947 Caesari
1919 1905 2051 1964 AVg.
2066 1900 2209 1946 Tibe-

126 1994 274 2054 rioque
291 1986 474 2033 Claudio
490 1984 622 2044 AVg.
638 1979 900 2024 Germanico
915 1974 1009 2022 fuit.

128 2072 291 2134 Vtique
304 2105 315 2123 ,
352 2062 676 2130 quibuslegibus
687 2058 869 2122 plebisve
881 2058 988 2103 scitis
1005 2055 1198 2118 scriptum
1214 2055 1314 2111 fuit,
1341 2072 1392 2099 ne
1404 2055 1543 2100 Divus
1555 2054 1687 2112 AVg.
1704 2046 1952 2094 Tiberiusve
1968 2047 2094 2092 Iulius
2109 2047 2210 2092 Cae-

129 2134 189 2181 sar
204 2137 338 2196 AVg.
352 2130 640 2190 Tiberiusque
657 2125 857 2169 Claudius
871 2119 1005 2167 Caesar
1015 2123 1148 2184 AVg.
1163 2121 1441 2166 Germanicus
1452 2131 1690 2162 tenerentur
1703 2148 1715 2168 ‚
1752 2115 1800 2157 iis
1814 2111 1977 2176 legibus
1990 2109 2209 2173 plebisque

127 2197 349 2258 scitisImp.
364 2192 495 2241 Caesar
507 2188 777 2252 Vespasianus
791 2188 944 2233 solutus
959 2186 1029 2239 fit;
1065 2202 1239 2248 quaeque
1254 2202 1304 2229 ex
1318 2198 1482 2246 quaque
1507 2182 1599 2242 lege
1613 2212 1625 2233 ,
1652 2178 1869 2241 rogatione
1895 2177 2059 2220 Divum
2072 2177 2206 2236 Avg.

66 2298 69 2299 γ
128 2262 407 2307 Tiberiumve
424 2258 579 2302 Iulium
601 2251 802 2299 Caesarem
826 2253 959 2311 AVg.
986 2249 1265 2294 Tiberiumve
1292 2247 1519 2292 Claudium
1537 2243 1739 2289 Caesarem
1754 2240 2207 2302 AVg Gerrnanicum

130 2329 265 2376 facere
278 2323 462 2385 oportuit
471 2356 483 2376 ,
517 2337 565 2365 ea
575 2319 716 2363 omnia
727 2321 833 2378 Imp.
846 2313 950 2361 Caes.
965 2313 1218 2375 Vespasiano
1229 2315 1361 2374 AVg.
1376 2308 1507 2355 facere
1522 2309 1655 2352 liceat.

133 2406 294 2466 Vtique
311 2416 570 2465 quaecunque
584 2413 678 2443 ante
692 2395 796 2441 hanc
810 2396 947 2457 legem
961 2408 1146 2454 rogatam
1174 2392 1261 2437 aeta
1273 2432 1285 2452 ‚
1320 2387 1431 2453 gesta
1445 2423 1456 2444 ,
1482 2387 1661 2440 decreta,
1697 2384 1894 2444 imperata
1910 2381 1959 2427 ab
1973 2385 2208 2443 Imperato-

133 2485 176 2514 re
189 2465 348 2514 Caesare
362 2462 612 2526 Vespasiano
631 2463 762 2522 AVg.
786 2459 886 2517 juffu
912 2458 1157 2503 mandatuve
1183 2462 1269 2514 ejus
1289 2472 1311 2500 a
1332 2469 1504 2516 quoque
1521 2449 1622 2499 *sunt
1634 2485 1647 2505 ‚
1682 2465 1729 2493 ea
1742 2446 1912 2509 perinde
1925 2444 2026 2506 justa
2040 2460 2207 2509 rataque

132 2532 211 2579 sint
222 2547 265 2576 ac
278 2530 304 2575 fi
319 2530 463 2592 populi
476 2523 657 2588 plebisve
670 2525 770 2581 juflu
785 2523 870 2566 ειᾶα
883 2519 1021 2564 effent.

832 2589 865 2628 S
929 2584 980 2626 A
1047 2587 1105 2627 Ν
1166 2588 1205 2625 C
1263 2582 1310 2624 T
1365 2581 1396 2623 I
1462 2579 1518 2621 O.

128 2660 177 2704 *si
195 2659 291 2720 quis
312 2654 479 2716 hujusce
504 2653 608 2714 legis
631 2664 731 2711 ergo
754 2644 940 2694 adversus
960 2646 1096 2707 leges,
1132 2645 1389 2707 rogationes,
1427 2639 1608 2702 plebisve
1631 2639 1726 2683 scita
1741 2674 1754 2693 ‚
1789 2635 2011 2682 Senatusve
2026 2633 2210 2680 consulta

137 2721 239 2769 fecit
253 2757 266 2779 ,
282 2719 428 2767 fecerit
442 2755 455 2775 ‚
490 2716 570 2763 five
584 2713 699 2777 quod
713 2729 809 2757 eum
826 2711 980 2772 exlege
996 2745 1008 2763 ,
1044 2711 1338 2771 rogationeve,
1362 2704 1543 2767 plebisve
1559 2703 1663 2749 scito
1676 2738 1689 2757 ‚
1725 2706 1763 2748 S.
1788 2719 1836 2746 ve
1859 2702 1912 2745 C.
1929 2699 2062 2745 facere
2078 2716 2209 2762 opor-

136 2786 241 2832 tebit
256 2820 268 2841 ,
289 2801 376 2830 non
403 2782 571 2835 fecerit,
604 2778 727 2835 hujus
752 2777 855 2837 legis
880 2788 981 2834 ergo
1006 2773 1047 2817 id
1070 2776 1108 2817 ei
1133 2789 1186 2816 ne
1209 2770 1341 2816 fraudi
1362 2767 1474 2824 esto,
1508 2785 1613 2812 neve
1637 2765 1739 2822 quid
1762 2765 1820 2810 ob
1843 2782 1932 2809 eam
1947 2781 2033 2809 rem
2050 2764 2209 2827 populo

138 2849 234 2895 dare
248 2848 429 2906 debeto‚
463 2861 569 2894 neve
592 2843 660 2888 cui
682 2841 733 2888 de
757 2857 800 2885 ea
817 2856 857 2884 re
872 2838 1002 2892 aetiO,
1039 2835 1354 2896 nevejudicatio
1367 2831 1480 2888 est0,
1515 2849 1620 2878 neve
1635 2832 1728 2895 quis
1748 2830 1799 2876 de
1825 2847 1871 2875 ea
1894 2845 1937 2874 re
1959 2829 2063 2895 apud
2075 2830 2118 2891 [ὲ
2141 2828 2209 2891 agi

136 2912 276 2960 finito,

740 2965 1156 3032 Omittiturparticula
1183 2981 1233 3010 ex
1257 2963 1391 3026 anguli
1402 2959 1598 3021 ftae'lura.

1291 3073 1448 3114 Bbbbb
1477 3085 1494 3122 3
2020 3067 2204 3108 1).ΤίΤο
