2504 3425
298 285 524 329 Viterbiensss
541 291 575 324 ὃ(
598 284 821 329 Cujacianus,
842 278 1078 323 ferramenta,
1107 267 1324 326 quoclmagis

304 341 454 391 probem
473 367 483 382 ,
520 351 582 386 pro
601 335 722 374 armis,
760 329 879 379 quibus
900 323 1081 377 utebantur
1105 318 1318 369 gladiatores.

304 393 362 429 Sic
374 392 512 436 serrum
530 388 563 422 in
586 388 617 420 N
623 394 725 418 crone
739 407 751 422 ,
781 377 974 421 adferrum
998 370 1162 429 ethberse.
1212 374 1324 404 Orna-

304 452 420 478 menm
438 451 498 487 pro
518 435 744 470 instrumento
762 428 894 464 scenico
906 452 918 468 ,
947 435 1017 472 quo
1029 420 1325 480 ‘bistrtonesutun-

305 503 376 531 tur,
404 500 473 523 non
490 487 667 533 ignotum,
694 478 751 516 sed
778 491 841 529 pro
859 475 1067 525 gladiatoriis
1086 483 1191 508 arinis
1211 468 1324 506 ubile-

304 542 413 574 u'tur?

304 555 337 588 ει
363 601 373 622 1
389 601 414 623 1.
443 584 506 621 Ad
521 585 650 618 curiam
667 577 854 624 cucurrit,]
886 573 1025 613 Salmas.
1039 572 1165 623 Copes.
1181 575 1219 609 ὅ(
1230 569 1325 609 Rob.

304 637 417 685 steph.
448 633 502 670 ed.
528 636 574 668 ad
594 632 723 668 curiam
742 630 919 665 concurrit.
1276 672 1282 678 .

358 691 497 721 Gratms
518 686 581 730 egit
600 680 781 729 laudesque
799 707 810 722 ‚
846 687 994 728 quantas
1019 673 1163 723 congeffit
1184 686 1226 731 ne
1242 684 1328 708 vtvo

304 732 478 785 quidem]
505 734 557 769 Sic
579 736 624 769 R.
638 730 800 780 Stephani
817 729 921 765 editio
933 756 943 770 ,
969 725 1089 762 &alix
1108 723 1328 766 vetustiores,

304 785 396 835 quod
417 784 544 821 merito
562 782 721 834 probavit
740 780 938 818 Gronovius
957 777 1001 813 ad
1020 777 1096 815 Liv.
1108 789 1214 815 xxv1.
1229 787 1258 811 c.
1270 780 1328 819 48.
1352 793 1354 812 ι

417 885 515 930 ΙΝ
580 877 1218 930 DOMITIANUM.

364 989 393 1014 1.
425 980 629 1026 Corruptum
650 977 890 1012 Domitianum
915 986 937 1010 a
967 972 1131 1018 Nerva]
1193 970 1336 1027 Rei-titus

315 1027 462 1065 Salmas.
492 1027 601 1064 codex
618 1030 655 1063 ὅ(
673 1026 767 1065 Rob.
798 1026 912 1076 Steplt.
939 1028 1144 1072 Corruptum
1165 1027 1338 1058 Domana-

308 1090 393 1115 num
417 1078 469 1120 ἐς
487 1091 509 1114 a
527 1084 660 1114 Nerea.
1330 1122 1338 1129 ·

366 1127 461 1176 Istaci
476 1129 598 1164 celatus
613 1127 738 1163 habitu
754 1129 842 1162 inter
859 1120 1102 1172 fherificulon]
1163 1124 1276 1179 Huyus
1290 1135 1338 1157 ret

312 1191 585 1215 monumentum
605 1177 708 1214 exstat
727 1177 865 1225 elegans
885 1186 1009 1211 numus
1030 1200 1039 1214 ‚
1077 1175 1114 1210 in
1131 1185 1201 1222 quo
1222 1170 1339 1210 visitur

311 1230 553 1270 Domitianus,
585 1227 768 1277 personam
777 1239 900 1275 gerens
920 1221 1224 1265 sacrificulilfiaci‚
1257 1235 1339 1258 cum

312 1278 376 1315 hac
392 1279 625 1329 inscriptione:
656 1289 748 1314 cles.
780 1289 920 1313 ῡοΜιτ.
953 1287 1048 1311 auo.
1075 1286 1199 1312 onum.
1231 1285 1265 1330 ¹'.·
1297 1285 1338 1330 tu.

316 1341 378 1365 Tu.
409 1342 428 1365 P
451 1343 507 1367 xv.
538 1341 645 1378 quem
666 1328 798 1364 erudito
820 1326 1077 1364 continenturio
1097 1323 1268 1361 illustravit
1289 1336 1338 1359 vn·

312 1377 474 1421 dignitate
489 1383 525 1417 δ(
543 1379 697 1415 doeh-ina
719 1377 847 1415 illustris
866 1377 998 1413 Uli-icus
1015 1375 1222 1412 Obrechtus.
1254 1376 1338 1410 Mox

314 1422 381 1478 pso
405 1429 744 1478 vanaesupersiitionis
772 1428 877 1465 Salm.
922 1431 959 1464 ὅ(
979 1427 1104 1477 Copes.
1146 1427 1229 1463 Mss.
1257 1437 1339 1462 cum

312 1479 385 1516 aliis
402 1481 549 1517 scribunt
569 1482 673 1515 varia
682 1479 935 1527 superstitionis.

369 1536 532 1566 Honorem
546 1538 691 1577 praetura
715 1529 845 1566 urbana
866 1541 940 1564 cum
965 1527 1128 1575 consulam
1142 1524 1337 1575 potestate]

576 193 1033 269 JoANNIS
1107 176 1588 230 GEORGII
1663 170 2089 228 GRAEVtt

1367 259 1550 309 consulari
1561 259 1727 310 potestate
1747 290 1759 307 ,
1791 265 1838 302 uti
1856 264 1987 303 constat
2006 279 2047 304 ex
2064 264 2283 315 inscriptione
2308 264 2397 305 ant&

1368 323 1436 362 qua
1458 311 1568 349 Plinio
1590 312 1724 356 juniori
1741 314 1895 353 dedicata
1911 316 2003 365 apud
2020 320 2205 355 Gruterum
2221 345 2234 360 ,
2274 317 2310 353 in
2325 329 2395 366 qua

1369 361 1524 399 laudatur
1539 362 1667 411 legatus
1681 372 1744 411 pro
1761 369 1900 403 Pratore
1917 370 2098 405 Provinczae
2115 366 2255 404 Pontica
2274 369 2400 416 Confla-

1368 411 1441 449 lari
1447 413 1617 462 potestate.

1371 475 1405 500 te
1424 492 1436 506 ,
1471 463 1565 501 idem
1586 461 1652 501 esse
1668 465 1763 513 quod
1785 467 2013 514 proconsulari
2031 469 2179 520 imperio
2196 498 2209 513 ‚
2244 481 2318 506 non
2333 468 2401 507 do-

1676 417 1815 464 Regere
1833 417 2047 465 provinciam
2057 418 2235 456 Consulari
2252 417 2399 468 potesta-

1373 526 1453 551 cent
1470 513 1587 551 saltem
1602 514 1709 553 verba
1727 516 1844 552 Taciti
1865 519 1903 553 ὃ(
1924 519 2077 555 Suetonii
2101 520 2249 570 superius
2272 519 2397 564 allata,

1372 563 1431 602 sed
1449 569 1486 603 ὅ(
1507 564 1572 601 alia
1593 564 1684 603 loca.
1741 568 1830 603 Sane
1848 568 1975 603 Cicero
1993 568 2135 625 Philipp,
2159 584 2217 608 xi.
2259 570 2400 608 Trebo-

1374 617 1472 653 nium
1497 618 1656 667 Smyrnae
1672 615 1823 654 occisum
1847 616 2026 666 Consulari
2051 618 2187 668 tmperio
2204 619 2328 667 Afiam
2347 622 2402 660 ob-

1375 666 1508 716 tinuisse
1529 666 1654 704 scribit.
1711 670 1752 704 Et
1785 667 1828 705 de
1855 667 1999 706 Lucullo
2024 681 2089 720 pro
2115 669 2262 708 Flacco:
2308 674 2400 710 Cum

1375 716 1497 765 Astam
1508 718 1727 766 provinciam
1745 719 1925 766 Consulari
1941 719 2078 767 imperit¹
2094 719 2254 756 obtineret
2272 749 2284 765 ,
2319 734 2399 773 quae

1377 768 1448 805 duo
1466 768 1541 805 loca
1551 769 1614 805 Vir
1625 766 1784 812 illustris,
1804 773 1839 805 ὃ(
1851 797 1863 812 ,
1878 768 1974 819 quod
1992 769 2133 807 summo
2151 771 2276 808 honori
2289 771 2404 816 duce,

1377 819 1462 855 mihi
1481 821 1636 862 amicus,
1662 819 1820 855 Ezechiel
1842 821 2070 870 Spanhemius
2084 834 2221 872 quoque
2240 820 2340 858 affert
2366 824 2404 860 in

1379 869 1605 906 dissertatione
1625 883 1683 907 vt.
1713 869 1757 905 de
1778 870 1836 907 usu
1865 869 2124 908 numismatum.
2182 874 2281 909 Nam
2306 873 2402 922 quod

1379 920 1460 956 alius
1473 921 1536 956 Vir
1552 921 1694 956 eximius
1713 920 1825 957 statuit
1844 921 2001 971 nuperius
2016 921 2242 960 Consularem
2263 922 2410 973 potesta-

1381 982 1455 1007 tem
1473 970 1639 1008 denotare
1661 982 1795 1007 tantum
1814 971 2050 1017 jurisdictionis
2068 973 2272 1009 exercenda:
2302 971 2408 1010 facul-

1381 1032 1490 1057 tatem
1509 1049 1524 1064 ,
1562 1021 1686 1071 illisque
1703 1021 1803 1058 tribui
1824 1050 1835 1065 ,
1871 1023 1929 1071 qui
1946 1025 2127 1060 mittantur
2153 1024 2197 1060 in'
2215 1024 2410 1073 provincias

1383 1083 1541 1121 pacatas,
1563 1073 1598 1108 in
1617 1071 1738 1121 quibus
1748 1071 1826 1108 nulli
1847 1072 2111 1118 suntexercitu53
2124 1074 2312 1112 Consulare
2322 1087 2409 1114 vero

1383 1123 1569 1170 imperium
1597 1122 1767 1171 pertinere
1793 1122 1835 1158 ad
1857 1122 2009 1161 militaris
2024 1125 2072 1160 rei
2090 1123 2306 1167 funfflonem
2323 1154 2336 1170 ,
2373 1124 2408 1163 id

1383 1171 1476 1207 nullo
1505 1173 1617 1207 nititur
1639 1182 1734 1208 certo
1758 1170 1986 1211 fundamento
2011 1178 2049 1211 δε
2068 1177 2279 1212 auctoritate.
2334 1177 2406 1213 Im-

1384 1223 1516 1271 perium
1541 1221 1683 1271 quidem
1705 1223 1843 1271 proprie
1864 1221 2032 1272 fignificat
2052 1226 2260 1273 potestatem
2289 1239 2330 1263 ac
2360 1227 2413 1273 jus

1385 1273 1607 1321 imperatoris
1623 1300 1634 1315 ,
1671 1271 1728 1308 seu
1754 1273 1804 1318 jus
1826 1271 2087 1310 administrandi
2106 1275 2185 1311 belli
2201 1277 2296 1325 quod
2323 1276 2411 1314 olim

1381 1334 1544 1371 tempore
1562 1322 1775 1374 Reipublicae
1794 1322 1938 1360 dabatur
1957 1324 2221 1363 Proconsulibus
2249 1338 2306 1363 aut
2329 1328 2414 1364 Pro-

1383 1372 1585 1424 praetoribus
1606 1372 1682 1421 lege
1699 1374 1858 1418 Curiata,
1884 1385 1903 1410 a
1914 1386 1981 1423 qua
1998 1374 2199 1412 dicebantur
2216 1380 2413 1428 Imperato-

1383 1437 1436 1460 res
1450 1452 1461 1467 ‚
1486 1424 1541 1460 sed
1557 1421 1727 1476 significat
1744 1425 1846 1460 etiam
1861 1425 1998 1463 civilem
2015 1425 2252 1476 magistratum
2276 1440 2332 1465 aut
2351 1440 2414 1479 po-

1385 1474 1543 1512 testatem
1557 1503 1569 1518 ,
1588 1511 1590 1515 ,
1609 1486 1718 1526 quarn
1736 1474 1913 1513 habebant
1932 1486 2005 1512 tam
2024 1476 2168 1521 urbani,
2207 1490 2314 1528 quarn
2336 1490 2415 1529 pro-

1386 1525 1549 1564 vinciales
1562 1524 1780 1575 magistratus
1798 1553 1810 1568 ‚
1843 1538 1879 1563 ut
1902 1525 2017 1563 multis
2039 1526 2142 1564 docet
2170 1528 2329 1577 Sigonius
2353 1528 2413 1568 lib.

314 1579 420 1617 Abest
435 1584 470 1618 ὅ(
482 1578 726 1618 aSalmasiano
742 1591 783 1616 ac
796 1577 994 1628 Copefiano
1008 1580 1045 1614 τὸ
1055 1591 1145 1622 cum,
1159 1588 1194 1614 ut
1205 1576 1340 1614 duobus
1394 1590 1429 1613 11
1444 1590 1471 1614 ι.
1502 1577 1662 1614 Provinc.
1674 1583 1750 1614 c.6.
1778 1579 1816 1613 ὃς
1834 1578 1870 1614 in
1890 1574 2173 1615 differtationibus
2194 1579 2237 1615 de
2254 1578 2332 1628 lege
2343 1581 2418 1617 Cu-

314 1629 428 1674 libris,
454 1644 542 1681 quos
566 1632 767 1668 Torrentius
792 1630 895 1672 vidit,
926 1633 962 1666 &
985 1628 1108 1679 probat
1125 1629 1264 1665 merito.
1294 1626 1340 1664 fic

314 1681 448 1716 tribuni
467 1682 620 1718 militum
637 1681 802 1728 consulari
810 1680 971 1729 potestate
981 1707 994 1724 ,
1029 1683 1068 1717 &
1079 1685 1262 1728 Imperator
1279 1679 1343 1715 tri·

315 1729 450 1768 bunitia
462 1732 634 1780 potestate.

373 1788 536 1818 Honorem
548 1775 690 1830 fratum
706 1795 780 1818 cum
798 1780 976 1829 Consulari
987 1777 1145 1829 potestate
1161 1778 1339 1826 suscepit.]

317 1829 408 1877 Quae
428 1831 475 1867 est
493 1830 547 1868 illa
560 1832 709 1880 potestas
719 1831 936 1869 Consularis?
962 1834 1048 1868 Non
1067 1842 1107 1866 ea
1116 1830 1252 1880 utique,
1269 1842 1345 1879 quae

319 1879 406 1917 olim
425 1881 549 1918 tributa
564 1881 623 1918 fuit
645 1884 684 1918 iis
697 1911 709 1925 ,
736 1884 794 1932 qui
812 1883 1010 1919 dicebantur
1035 1881 1166 1917 tribuni
1188 1881 1347 1928 potestate

319 1931 528 1977 Cmsularh,
569 1933 626 1982 qui
653 1933 728 1971 vice
753 1933 942 1969 Consulum
966 1935 1095 1982 Remp.
1139 1929 1352 1968 administra-

322 1980 415 2018 bant.
472 1984 570 2018 Nam
596 1994 689 2033 pater
722 1986 760 2019 δε
786 1981 887 2019 stater
913 1983 1107 2020 Domitiani
1131 1993 1228 2018 erant
1255 1985 1350 2019 Con-

321 2031 406 2067 sules
422 2060 435 2074 ‚
475 2031 531 2068 iile
552 2045 636 2070 vero
658 2036 798 2071 Praetor.
856 2036 942 2070 Haec
971 2033 1150 2083 explicatio
1176 2033 1349 2083 onuphrii

323 2082 481 2119 Panvinii
499 2083 532 2118 in
546 2081 652 2120 Fastis
673 2096 744 2120 non
765 2082 874 2132 potest
894 2083 1031 2132 probari
1050 2112 1060 2127 ‚
1096 2083 1153 2134 qui
1173 2096 1232 2133 per
1256 2087 1352 2120 Con-

328 2130 472 2169 sularem
493 2132 697 2182 potestatem
719 2145 810 2182 putat
831 2133 989 2183 intelligi,
1021 2132 1204 2170 suffectum
1220 2133 1352 2171 Consu-

332 2183 439 2219 satum
460 2182 626 2233 sequentis
644 2186 738 2220 anni.
785 2185 887 2233 Atqui
907 2186 1052 2220 Praetura
1070 2184 1114 2220 illi
1140 2196 1211 2220 erat
1236 2184 1354 2221 decre-

325 2243 368 2269 ta.
427 2236 614 2271 Praeturam
635 2248 718 2271 vero
738 2228 1011 2271 &Consulattim
1032 2232 1133 2270 fimul
1147 2247 1267 2283 gerere
1279 2248 1351 2271 non

325 2295 486 2332 poterat,
514 2286 608 2334 quod
624 2288 661 2321 ὃ(
679 2287 804 2334 Pagius
819 2285 1075 2322 animadvertit.
1131 2287 1273 2321 Tacitus
1298 2299 1350 2323 tv.

326 2333 412 2370 Hist.
437 2349 467 2378 3.
506 2346 608 2373 vocat
636 2336 812 2382 imperium
844 2335 1039 2383 consulare.
1094 2333 1154 2382 Ipsi
1170 2363 1182 2378 ‚
1222 2336 1350 2385 inquit,

325 2385 527 2431 Consulatus
544 2399 620 2421 cam
641 2388 713 2421 Tito
729 2385 804 2432 fillo
824 2414 835 2429 ‚
877 2394 1022 2435 pratum
1054 2385 1258 2421 Domitiano
1297 2385 1351 2428 Εἴ

326 2434 506 2480 Consulare
521 2435 696 2482 imperium
714 2437 950 2474 decernuntur.
1007 2438 1099 2472 Cum
1119 2434 1352 2484 patri&si·atri

325 2486 452 2528 majori
470 2484 671 2522 Consulatus
690 2485 947 2531 decerneretur,
969 2487 1176 2523 Domitiano
1194 2486 1353 2536 proxima

328 2535 525 2572 Consultttui
545 2535 688 2587 dignitas
704 2565 715 2579 ,
751 2539 900 2574 Praetura
928 2536 991 2574 fuit
1020 2536 1100 2573 data
1123 2564 1135 2578 ,
1173 2536 1230 2572 sed
1251 2534 1353 2574 simul

330 2596 408 2620 tum
429 2585 483 2621 illa
508 2586 699 2634 Consularzs
712 2587 852 2635 potestas
865 2616 876 2631 ,
901 2587 959 2624 seu
974 2586 1183 2637 quod‘idem
1201 2586 1250 2623 est
1264 2591 1353 2623 Con-

325 2633 437 2680 sulare
457 2636 634 2684 imperium
651 2666 663 2680 ‚
709 2647 745 2673 ut
763 2637 859 2688 supra
876 2650 1011 2675 ceteros
1029 2640 1194 2674 Praetores
1213 2641 1251 2674 ὅ(
1271 2640 1353 2675 Pro-

331 2695 423 2720 ceres
440 2684 529 2722 filius
544 2686 684 2736 Augusti
707 2688 825 2725 minor
843 2689 1021 2725 emineret.
1078 2689 1149 2724 Fuit
1163 2700 1281 2725 autem
1292 2701 1353 2739 po-

332 2732 429 2770 testas
451 2735 642 2773 Consularis
666 2748 763 2781 tum,
798 2752 873 2789 quae
895 2738 1106 2776 tribuebatur
1122 2738 1240 2789 legatis
1258 2741 1354 2776 Con-

332 2782 511 2829 iularibus,
539 2788 594 2835 qui
615 2786 709 2823 aliter
729 2787 883 2826 dicuntur
900 2790 1022 2838 Legati
1040 2790 1260 2840 Imperatoris
1290 2803 1354 2840 pro

335 2831 504 2877 Praetore,
529 2838 758 2884 Propraetores
774 2867 786 2882 ‚
823 2842 880 2889 qui
905 2839 1055 2890 praefeffl
1078 2839 1302 2878 mittebantur
1319 2841 1355 2877 in

338 2881 589 2935 Imperatorum
609 2887 801 2933 provincias
818 2918 830 2933 ‚
864 2891 909 2927 uti
927 2891 975 2934 ii,
1009 2890 1065 2940 qui
1088 2891 1123 2926 in
1142 2890 1256 2940 populi
1276 2904 1355 2939 pro-

338 2933 464 2967 vincias
484 2944 505 2968 a
519 2933 633 2970 senatu
649 2935 868 2985 legabantur‚
898 2939 1121 2977 Proconsules
1137 2938 1355 2991 appellaban-

338 2988 390 3034 ῐψ·
407 2994 427 3036 ε·
446 2981 533 3017 unde
558 2986 594 3018 ὅ(
616 2984 666 3020 hae
685 2990 950 3036 Proconsularer,
978 2989 1041 3027 illae
1055 2992 1254 3038 Consulares
1277 3004 1356 3041 pro·

338 3038 458 3064 vinciae
479 3043 698 3069 nominantur
717 3046 736 3070 a
756 3039 975 3087 Capitolino,
1001 3051 1035 3076 ut
1050 3039 1165 3077 docuit
1185 3042 1357 3079 maximus

339 3077 533 3120 Salmasius.
589 3081 652 3119 isti
663 3083 966 3148 Consularesdiffi
992 3101 1130 3141 quoque
1156 3089 1230 3130 sunt
1255 3091 1358 3141 legati

1386 1627 1470 1663 riata
1486 1637 1606 1664 contra
1623 1626 1825 1664 Gruchium.
1883 1627 1951 1664 Sed
1978 1628 2050 1665 haec
2074 1628 2247 1666 distinstio
2266 1628 2326 1668 sub
2346 1633 2423 1668 Im-

1387 1678 1600 1728 perator-ibus
1623 1677 1771 1715 exolevit
1788 1707 1799 1722 ,
1825 1691 1906 1716 cum
1926 1677 2105 1716 summum
2123 1681 2158 1717 in
2175 1693 2304 1718 omnes
2322 1693 2419 1718 exer-

1386 1729 1470 1766 citus
1489 1728 1679 1778 imperium
1697 1727 1991 1767 fibivindicaflent
2004 1729 2165 1781 Augusti,
2189 1732 2246 1782 qui
2265 1737 2424 1783 propter-

1387 1792 1427 1816 ea
1446 1779 1528 1817 dicti
1543 1779 1616 1817 sunt
1633 1783 1689 1817 Im
1717 1790 1887 1824 eratores,
1910 1777 2215 1832 praefefflstantum
2225 1782 2424 1832 legatorum

1391 1831 1536 1867 nomine
1564 1843 1673 1867 conce
1703 1843 1737 1868 o.
1795 1830 1960 1868 Existimo
1979 1842 2097 1869 autem
2116 1832 2345 1870 Consularem
2357 1846 2422 1883 po·

1393 1881 1551 1917 testatem
1568 1881 1806 1930 &imperium
1829 1881 1936 1919 daria
1955 1881 2072 1920 senatu
2090 1884 2322 1928 Domitiano,
2346 1897 2421 1921 non

1395 1932 1441 1967 uti
1457 1929 1502 1966 ab
1524 1930 1682 1979 Augustis
1699 1930 1843 1968 dabatur
1857 1931 1919 1968 suis
1940 1931 2057 1981 legatis
2067 1933 2334 1976 Consularibus,
2362 1935 2422 1984 qui

1395 1981 1430 2017 in
1448 1980 1597 2029 aliquam
1616 1980 1844 2017 mittebantur
1868 1983 2083 2032 provinciam
2105 1997 2116 2019 ι
2150 1982 2206 2019 sed
2237 1981 2322 2020 ficut
2338 1987 2424 2021 Pro-

1398 2031 1573 2067 consulare
1602 2031 1788 2082 imperium
1809 2044 1889 2067 cum
1917 2031 1989 2068 aliis
2020 2032 2212 2079 majestatis
2234 2032 2423 2085 insignibus

1397 2081 1516 2118 datum
1536 2080 1599 2117 fuit
1616 2081 1891 2130 imperatoribus
1907 2111 1918 2125 ‚
1948 2093 1984 2119 ut
2004 2082 2036 2119 id
2057 2083 2092 2119 in
2109 2083 2275 2120 omnibus
2289 2097 2428 2122 exerce-

1398 2144 1473 2169 rent
1494 2132 1676 2181 provinciis
1694 2145 1759 2181 pro
1781 2132 1887 2168 lubitu
1905 2161 1916 2175 ‚
1956 2131 2003 2168 fic
2023 2132 2251 2170 Consularem
2277 2135 2426 2185 potesta-

1399 2195 1472 2219 tem
1486 2182 1630 2219 honoris
1647 2180 1756 2219 causta
1773 2183 1987 2219 contulerunt
2006 2183 2041 2219 in
2057 2185 2307 2222 Domitianum
2326 2214 2340 2229 ,
2386 2197 2424 2224 ut

1400 2231 1494 2283 quasi
1512 2246 1592 2269 cum
1611 2232 1666 2270 illa
1687 2231 1793 2283 posset
1812 2234 1901 2270 mitti
1917 2235 1951 2270 in
1972 2231 2188 2285 quascunque
2215 2237 2421 2286 provincias.

1399 2285 1490 2322 Sicut
1515 2280 1631 2320 missus
1652 2282 1770 2333 postea
1797 2282 1859 2320 fuit
1879 2284 1914 2320 in
1942 2286 2170 2322 Germaniam
2197 2285 2240 2322 ad
2271 2285 2422 2330 bellum,

1400 2333 1482 2371 teste
1507 2334 1634 2371 Tacito
1673 2347 1726 2373 lv.
1774 2347 1847 2371 non
1874 2346 2042 2383 tanquam
2069 2335 2201 2385 legatus
2232 2337 2427 2376 Consularis

1400 2385 1597 2421 Germaniae
1615 2412 1628 2427 ,
1663 2383 1719 2421 sed
1738 2396 1905 2435 tanquam
1924 2385 2039 2422 Caesar
2059 2386 2239 2423 Consulari
2259 2387 2425 2436 potestate

1399 2434 1456 2472 seu
1478 2435 1625 2484 imperio
1651 2434 1810 2484 praeditus
1824 2464 1836 2480 ‚
1874 2435 1932 2486 qui
1956 2434 2051 2472 illam
2069 2448 2240 2475 exerceret
2258 2441 2295 2474 δε
2307 2451 2379 2475 non
2391 2440 2427 2476 in

1400 2497 1487 2529 una,
1514 2486 1571 2522 sed
1589 2486 1624 2522 in
1635 2485 1800 2522 omnibus
1812 2513 1824 2529 ,
1854 2485 1913 2523 ubi
1929 2488 2060 2536 parenti
2077 2490 2148 2534 ejus
2161 2487 2254 2525 illam
2273 2490 2427 2528 exerceri

1399 2535 1578 2586 placuisset.
1635 2538 1692 2572 De
1713 2536 1957 2573 Proconsulatu
1974 2538 2227 2588 lmperatorum
2246 2539 2352 2575 multa
2362 2552 2429 2578 nos

1399 2588 1589 2623 docuerunt
1606 2587 1666 2623 viri
1684 2585 1811 2623 summi
1830 2585 2014 2624 Salmasius
2041 2586 2083 2630 ad
2102 2588 2292 2625 Historiam
2312 2591 2428 2640 Augu-

1398 2637 1507 2681 stam,
1536 2640 1573 2674 ὅ(
1592 2636 1718 2674 Ezech.
1747 2637 1974 2687 Spanhemius
1991 2638 2025 2673 in
2043 2637 2131 2674 libro
2149 2638 2260 2675 modo
2277 2639 2427 2678 laudato.

1401 2690 1568 2725 Ceterum
1585 2686 1630 2723 de
1648 2687 1822 2724 consulatu
1839 2688 1933 2731 Titi,
1959 2690 1997 2724 &
2018 2687 2061 2724 de
2078 2701 2220 2738 praetura
2230 2690 2427 2729 Domitiani

1401 2737 1611 2775 rariffimum
1631 2736 1742 2774 adfert
1763 2750 1912 2775 numum
1937 2736 2032 2775 idem
2051 2739 2279 2790 Spanhemius
2303 2739 2348 2776 ad
2366 2742 2425 2785 Ju-

1403 2788 1482 2825 liani
1498 2792 1657 2839 Satyram
1674 2787 1718 2825 de
1734 2787 1945 2832 Caesaribus,
1976 2789 2010 2825 in
2028 2802 2098 2839 quo
2118 2788 2249 2839 signata
2269 2787 2342 2826 sunt
2353 2790 2425 2830 duo

1402 2840 1511 2889 capita
1543 2839 1614 2876 Titi
1639 2841 1677 2875 &
1694 2839 1891 2876 Domitiani
1912 2837 2086 2877 Caesarum
2113 2852 2194 2894 qum
2220 2837 2284 2876 hac
2315 2839 2428 2879 inscri-

1403 2891 1544 2940 ptione:
1571 2900 1712 2926 CAESAR
1742 2900 1836 2926 Auo.
1861 2899 1896 2926 F.
1924 2901 2006 2926 cos-
2030 2901 2174 2927 casas.
2203 2899 2236 2924 F.
2259 2900 2323 2926 pn.
2350 2904 2424 2942 quo

1404 2940 1488 2977 alter
1505 2938 1655 2984 Consul,
1685 2940 1771 2977 alter
1790 2942 1921 2977 Praetor
1937 2937 2030 2977 fuisse
2048 2937 2118 2976 desi
2145 2947 2251 2976 natur.
2303 2957 2308 2961 -

1460 3005 1492 3034 3.
1517 2995 1684 3027 secretum
1692 2989 1761 3039 fibi
1777 2990 1955 3027 horarium
1965 2990 2109 3036 sumere.
2146 2988 2279 3027 Isaacus
2288 2989 2429 3031 Voffius

1403 3040 1418 3076 ο·
1439 3039 1530 3076 πάνυ
1549 3041 1584 3077 iu
1600 3040 1692 3076 notis
1711 3040 1753 3076 ad
1771 3039 1945 3076 Catullum
1966 3049 2057 3088 putat
2074 3037 2262 3088 legendum
2290 3039 2356 3079 esse
2374 3042 2426 3078 la-

1400 3101 1552 3131 remum.
1606 3091 1789 3139 Lararium
1805 3101 1924 3131 autem
1948 3099 2021 3128 erat
2041 3087 2254 3137 sacrarium,
2292 3092 2328 3129 in
2342 3103 2427 3179 lquo

2354 3153 2430 3182 21⁶OE
