<?xml version="1.0" encoding="UTF-8"?>
<!DOCTYPE html PUBLIC "-//W3C//DTD XHTML 1.0 Transitional//EN"
    "http://www.w3.org/TR/xhtml1/DTD/xhtml1-transitional.dtd">
<html xmlns="http://www.w3.org/1999/xhtml" xml:lang="en" lang="en">
 <head>
  <title>
</title>
<meta http-equiv="Content-Type" content="text/html;charset=utf-8" />
  <meta name='ocr-system' content='tesseract 3.04.00' />
  <meta name='ocr-capabilities' content='ocr_page ocr_carea ocr_par ocr_line ocrx_word'/>
</head>
<body>
  <div class='ocr_page' id='page_1' title='image "./csuetoniustranqu00suet_0697.png"; bbox 0 0 2504 3425; ppageno 0'>
   <div class='ocr_carea' id='block_1_1' title="bbox 503 193 2294 266">
    <p class='ocr_par' dir='ltr' id='par_1_1' title="bbox 503 193 2294 266">
     <span class='ocr_line' id='line_1_1' title="bbox 503 193 2294 266; baseline 0.002 -17"><span class='ocrx_word' id='word_1_1' title='bbox 503 193 1148 254; x_wconf 78' lang='lat' dir='ltr'>T.F1.Av1us</span> <span class='ocrx_word' id='word_1_2' title='bbox 1223 194 1960 251; x_wconf 76' lang='lat' dir='ltr'>DOMITIANUS.</span> <span class='ocrx_word' id='word_1_3' title='bbox 2187 195 2294 266; x_wconf 74' lang='lat'>677</span> 
     </span>
    </p>
   </div>
   <div class='ocr_carea' id='block_1_2' title="bbox 188 283 2301 608">
    <p class='ocr_par' dir='ltr' id='par_1_2' title="bbox 188 283 2301 608">
     <span class='ocr_line' id='line_1_2' title="bbox 194 283 2301 351; baseline 0 -18"><span class='ocrx_word' id='word_1_4' title='bbox 194 284 298 333; x_wconf 74' lang='lat' dir='ltr'>tum</span> <span class='ocrx_word' id='word_1_5' title='bbox 323 283 398 332; x_wconf 90' lang='lat' dir='ltr'>suo</span> <span class='ocrx_word' id='word_1_6' title='bbox 424 302 639 351; x_wconf 85' lang='lat' dir='ltr'>quemque</span> <span class='ocrx_word' id='word_1_7' title='bbox 660 286 837 335; x_wconf 79' lang='lat' dir='ltr'>consilio</span> <span class='ocrx_word' id='word_1_8' title='bbox 860 290 1034 336; x_wconf 89' lang='lat' dir='ltr'>notavit.</span> <span class='ocrx_word' id='word_1_9' title='bbox 1101 288 1267 335; x_wconf 64' lang='lat' dir='ltr'>Aufior</span> <span class='ocrx_word' id='word_1_10' title='bbox 1297 291 1341 333; x_wconf 86' lang='lat'>&amp;</span> <span class='ocrx_word' id='word_1_11' title='bbox 1373 284 1551 333; x_wconf 88' lang='lat' dir='ltr'>tribunis</span> <span class='ocrx_word' id='word_1_12' title='bbox 1584 284 1695 348; x_wconf 84' lang='lat' dir='ltr'><strong>pleb.</strong></span> <span class='ocrx_word' id='word_1_13' title='bbox 1729 283 1809 331; x_wconf 88' lang='lat' dir='ltr'>fuit</span> <span class='ocrx_word' id='word_1_14' title='bbox 1829 320 1842 341; x_wconf 94' lang='lat'>,</span> <span class='ocrx_word' id='word_1_15' title='bbox 1896 286 2057 332; x_wconf 86' lang='lat' dir='ltr'>aedilem</span> <span class='ocrx_word' id='word_1_16' title='bbox 2090 283 2301 334; x_wconf 82' lang='lat' dir='ltr'>sordidum</span> 
     </span>
     <span class='ocr_line' id='line_1_3' title="bbox 195 348 2298 416; baseline -0 -18"><span class='ocrx_word' id='word_1_17' title='bbox 195 350 515 413; x_wconf 81' lang='lat' dir='ltr'>repetundarum</span> <span class='ocrx_word' id='word_1_18' title='bbox 548 352 794 410; x_wconf 83' lang='lat' dir='ltr'>accusandi,</span> <span class='ocrx_word' id='word_1_19' title='bbox 845 353 1086 416; x_wconf 88' lang='lat' dir='ltr'>judicesque</span> <span class='ocrx_word' id='word_1_20' title='bbox 1120 355 1165 398; x_wconf 90' lang='lat' dir='ltr'>in</span> <span class='ocrx_word' id='word_1_21' title='bbox 1199 369 1297 398; x_wconf 88' lang='lat' dir='ltr'>eum</span> <span class='ocrx_word' id='word_1_22' title='bbox 1329 370 1351 399; x_wconf 86' lang='lat' dir='ltr'>a</span> <span class='ocrx_word' id='word_1_23' title='bbox 1384 350 1524 398; x_wconf 81' lang='lat' dir='ltr'>senatu</span> <span class='ocrx_word' id='word_1_24' title='bbox 1556 350 1764 414; x_wconf 84' lang='lat' dir='ltr'>petendi,</span> <span class='ocrx_word' id='word_1_25' title='bbox 1806 348 2107 414; x_wconf 84' lang='lat' dir='ltr'>magistratibus</span> <span class='ocrx_word' id='word_1_26' title='bbox 2128 366 2298 413; x_wconf 89' lang='lat' dir='ltr'>quoque</span> 
     </span>
     <span class='ocr_line' id='line_1_4' title="bbox 192 413 2299 482; baseline -0.001 -20"><span class='ocrx_word' id='word_1_27' title='bbox 192 415 352 462; x_wconf 80' lang='lat' dir='ltr'>urbicis</span> <span class='ocrx_word' id='word_1_28' title='bbox 374 451 388 472; x_wconf 92' lang='lat'>,</span> <span class='ocrx_word' id='word_1_29' title='bbox 422 418 814 481; x_wconf 86' lang='lat' dir='ltr'>provinciarumque</span> <span class='ocrx_word' id='word_1_30' title='bbox 841 417 1077 482; x_wconf 83' lang='lat' dir='ltr'>praestdibus</span> <span class='ocrx_word' id='word_1_31' title='bbox 1105 417 1370 472; x_wconf 84' lang='lat' dir='ltr'>coercendis,</span> <span class='ocrx_word' id='word_1_32' title='bbox 1405 432 1564 462; x_wconf 86' lang='lat' dir='ltr'>tantum</span> <span class='ocrx_word' id='word_1_33' title='bbox 1585 431 1688 462; x_wconf 87' lang='lat' dir='ltr'>curae</span> <span class='ocrx_word' id='word_1_34' title='bbox 1710 413 1900 460; x_wconf 84' lang='lat' dir='ltr'>adhibuit</span> <span class='ocrx_word' id='word_1_35' title='bbox 1921 450 1934 470; x_wconf 94' lang='lat'>,</span> <span class='ocrx_word' id='word_1_36' title='bbox 1969 428 2016 460; x_wconf 89' lang='lat' dir='ltr'>ut</span> <span class='ocrx_word' id='word_1_37' title='bbox 2036 430 2174 477; x_wconf 85' lang='lat' dir='ltr'>neque</span> <span class='ocrx_word' id='word_1_38' title='bbox 2200 431 2299 460; x_wconf 88' lang='lat' dir='ltr'>mo·-</span> 
     </span>
     <span class='ocr_line' id='line_1_5' title="bbox 191 476 2298 545; baseline -0.001 -19"><span class='ocrx_word' id='word_1_39' title='bbox 191 478 391 526; x_wconf 83' lang='lat' dir='ltr'>destiores</span> <span class='ocrx_word' id='word_1_40' title='bbox 423 498 624 545; x_wconf 88' lang='lat' dir='ltr'>umquam</span> <span class='ocrx_word' id='word_1_41' title='bbox 650 517 663 537; x_wconf 95' lang='lat'>‚</span> <span class='ocrx_word' id='word_1_42' title='bbox 716 499 855 540; x_wconf 86' lang='lat' dir='ltr'>neque</span> <span class='ocrx_word' id='word_1_43' title='bbox 888 481 1079 542; x_wconf 85' lang='lat' dir='ltr'>justiores</span> <span class='ocrx_word' id='word_1_44' title='bbox 1109 479 1373 527; x_wconf 83' lang='lat' dir='ltr'>exstiterint:</span> <span class='ocrx_word' id='word_1_45' title='bbox 1420 498 1442 525; x_wconf 92' lang='lat' dir='ltr'>e</span> <span class='ocrx_word' id='word_1_46' title='bbox 1477 480 1630 543; x_wconf 91' lang='lat' dir='ltr'>quibus</span> <span class='ocrx_word' id='word_1_47' title='bbox 1665 476 1884 541; x_wconf 86' lang='lat' dir='ltr'>plerosque</span> <span class='ocrx_word' id='word_1_48' title='bbox 1917 477 2008 540; x_wconf 87' lang='lat' dir='ltr'>post</span> <span class='ocrx_word' id='word_1_49' title='bbox 2048 479 2168 524; x_wconf 88' lang='lat' dir='ltr'>illum</span> <span class='ocrx_word' id='word_1_50' title='bbox 2204 495 2298 524; x_wconf 87' lang='lat' dir='ltr'>reos</span> 
     </span>
     <span class='ocr_line' id='line_1_6' title="bbox 188 541 2297 608; baseline 0 -19"><span class='ocrx_word' id='word_1_51' title='bbox 188 546 385 591; x_wconf 88' lang='lat' dir='ltr'>omnium</span> <span class='ocrx_word' id='word_1_52' title='bbox 396 548 620 592; x_wconf 89' lang='lat' dir='ltr'>criminum</span> <span class='ocrx_word' id='word_1_53' title='bbox 631 546 823 593; x_wconf 87' lang='lat' dir='ltr'>vidimus.</span> <span class='ocrx_word' id='word_1_54' title='bbox 890 545 1085 608; x_wconf 84' lang='lat' dir='ltr'>Suscepta</span> <span class='ocrx_word' id='word_1_55' title='bbox 1096 561 1260 590; x_wconf 85' lang='lat' dir='ltr'>morum</span> <span class='ocrx_word' id='word_1_56' title='bbox 1273 545 1528 591; x_wconf 69' lang='lat' dir='ltr'>correetione</span> <span class='ocrx_word' id='word_1_57' title='bbox 1536 580 1551 602; x_wconf 89' lang='lat'>,</span> <span class='ocrx_word' id='word_1_58' title='bbox 1586 545 1798 590; x_wconf 86' lang='lat' dir='ltr'>licentiam</span> <span class='ocrx_word' id='word_1_59' title='bbox 1812 541 2048 589; x_wconf 78' lang='lat' dir='ltr'>theatralem</span> <span class='ocrx_word' id='word_1_60' title='bbox 2063 541 2297 604; x_wconf 85' lang='lat' dir='ltr'>promiscue</span> 
     </span>
    </p>
   </div>
   <div class='ocr_carea' id='block_1_3' title="bbox 188 610 853 673">
    <p class='ocr_par' dir='ltr' id='par_1_3' title="bbox 188 610 853 673">
     <span class='ocr_line' id='line_1_7' title="bbox 188 610 853 673; baseline 0.003 -19"><span class='ocrx_word' id='word_1_61' title='bbox 188 610 236 655; x_wconf 83' lang='lat' dir='ltr'>in</span> <span class='ocrx_word' id='word_1_62' title='bbox 261 612 403 673; x_wconf 89' lang='lat' dir='ltr'>equite</span> <span class='ocrx_word' id='word_1_63' title='bbox 427 610 636 673; x_wconf 66' lang='lat' dir='ltr'>spe&amp;andi</span> <span class='ocrx_word' id='word_1_64' title='bbox 655 610 853 657; x_wconf 85' lang='lat' dir='ltr'>inhibuit.</span> 
     </span>
    </p>
   </div>
   <div class='ocr_carea' id='block_1_4' title="bbox 188 607 2291 734">
    <p class='ocr_par' dir='ltr' id='par_1_4' title="bbox 188 607 2291 734">
     <span class='ocr_line' id='line_1_8' title="bbox 920 607 2291 672; baseline -0.002 -16"><span class='ocrx_word' id='word_1_65' title='bbox 920 611 1081 672; x_wconf 85' lang='lat' dir='ltr'>Scripta</span> <span class='ocrx_word' id='word_1_66' title='bbox 1101 607 1283 663; x_wconf 82' lang='lat' dir='ltr'>famosa,</span> <span class='ocrx_word' id='word_1_67' title='bbox 1318 610 1534 671; x_wconf 87' lang='lat' dir='ltr'>vulgoque</span> <span class='ocrx_word' id='word_1_68' title='bbox 1559 607 1666 653; x_wconf 83' lang='lat' dir='ltr'>edita</span> <span class='ocrx_word' id='word_1_69' title='bbox 1686 643 1701 664; x_wconf 89' lang='lat'>,</span> <span class='ocrx_word' id='word_1_70' title='bbox 1737 607 1894 670; x_wconf 87' lang='lat' dir='ltr'>quibus</span> <span class='ocrx_word' id='word_1_71' title='bbox 1918 607 2120 669; x_wconf 89' lang='lat' dir='ltr'>primores</span> <span class='ocrx_word' id='word_1_72' title='bbox 2143 608 2219 652; x_wconf 88' lang='lat' dir='ltr'>viri</span> <span class='ocrx_word' id='word_1_73' title='bbox 2242 624 2291 653; x_wconf 89' lang='lat' dir='ltr'>ac</span> 
     </span>
     <span class='ocr_line' id='line_1_9' title="bbox 188 671 1607 734; baseline -0.001 -16"><span class='ocrx_word' id='word_1_74' title='bbox 188 671 361 720; x_wconf 85' lang='lat' dir='ltr'>feminae</span> <span class='ocrx_word' id='word_1_75' title='bbox 387 675 661 731; x_wconf 83' lang='lat' dir='ltr'>notabantur,</span> <span class='ocrx_word' id='word_1_76' title='bbox 696 675 881 721; x_wconf 88' lang='lat' dir='ltr'>abolevit</span> <span class='ocrx_word' id='word_1_77' title='bbox 903 690 991 720; x_wconf 87' lang='lat' dir='ltr'>non</span> <span class='ocrx_word' id='word_1_78' title='bbox 1017 673 1102 718; x_wconf 82' lang='lat' dir='ltr'>fine</span> <span class='ocrx_word' id='word_1_79' title='bbox 1126 673 1342 718; x_wconf 62' lang='lat' dir='ltr'>auctorum</span> <span class='ocrx_word' id='word_1_80' title='bbox 1361 672 1607 734; x_wconf 84' lang='lat' dir='ltr'>ignominia.</span> 
     </span>
    </p>
   </div>
   <div class='ocr_carea' id='block_1_5' title="bbox 1677 669 2290 734">
    <p class='ocr_par' dir='ltr' id='par_1_5' title="bbox 1677 669 2290 734">
     <span class='ocr_line' id='line_1_10' title="bbox 1677 669 2290 734; baseline 0.002 -18"><span class='ocrx_word' id='word_1_81' title='bbox 1677 669 1959 729; x_wconf 82' lang='lat' dir='ltr'>Qaestorium</span> <span class='ocrx_word' id='word_1_82' title='bbox 1974 672 2108 717; x_wconf 81' lang='lat' dir='ltr'>virum</span> <span class='ocrx_word' id='word_1_83' title='bbox 2123 706 2135 726; x_wconf 88' lang='lat'>,</span> <span class='ocrx_word' id='word_1_84' title='bbox 2169 671 2290 734; x_wconf 88' lang='lat' dir='ltr'>quod</span> 
     </span>
    </p>
   </div>
   <div class='ocr_carea' id='block_1_6' title="bbox 186 733 2294 869">
    <p class='ocr_par' dir='ltr' id='par_1_6' title="bbox 186 733 2294 869">
     <span class='ocr_line' id='line_1_11' title="bbox 186 733 2288 802; baseline 0 -20"><span class='ocrx_word' id='word_1_85' title='bbox 186 736 459 800; x_wconf 80' lang='lat' dir='ltr'>gesticulandi</span> <span class='ocrx_word' id='word_1_86' title='bbox 483 738 734 802; x_wconf 81' lang='lat' dir='ltr'>saltandique</span> <span class='ocrx_word' id='word_1_87' title='bbox 756 738 894 785; x_wconf 84' lang='lat' dir='ltr'>studio</span> <span class='ocrx_word' id='word_1_88' title='bbox 914 752 1150 793; x_wconf 86' lang='lat' dir='ltr'>teneretur,</span> <span class='ocrx_word' id='word_1_89' title='bbox 1185 736 1321 784; x_wconf 82' lang='lat' dir='ltr'>movit</span> <span class='ocrx_word' id='word_1_90' title='bbox 1341 733 1494 780; x_wconf 83' lang='lat' dir='ltr'>senatu.</span> <span class='ocrx_word' id='word_1_91' title='bbox 1563 733 1775 780; x_wconf 85' lang='lat' dir='ltr'>Probrolis</span> <span class='ocrx_word' id='word_1_92' title='bbox 1799 733 1971 780; x_wconf 83' lang='lat' dir='ltr'>feminis</span> <span class='ocrx_word' id='word_1_93' title='bbox 1992 735 2145 781; x_wconf 65' lang='lat' dir='ltr'>lecticae</span> <span class='ocrx_word' id='word_1_94' title='bbox 2167 734 2288 783; x_wconf 87' lang='lat' dir='ltr'>usum</span> 
     </span>
     <span class='ocr_line' id='line_1_12' title="bbox 187 798 2294 869; baseline -0.001 -21"><span class='ocrx_word' id='word_1_95' title='bbox 187 801 365 850; x_wconf 82' lang='lat' dir='ltr'>ademit:</span> <span class='ocrx_word' id='word_1_96' title='bbox 398 804 543 869; x_wconf 85' lang='lat' dir='ltr'>jusque</span> <span class='ocrx_word' id='word_1_97' title='bbox 555 803 906 868; x_wconf 84' lang='lat' dir='ltr'>capiendilegata,</span> <span class='ocrx_word' id='word_1_98' title='bbox 922 800 1262 863; x_wconf 86' lang='lat' dir='ltr'>hereditatesque.</span> <span class='ocrx_word' id='word_1_99' title='bbox 1327 800 1531 863; x_wconf 87' lang='lat' dir='ltr'>Equitem</span> <span class='ocrx_word' id='word_1_100' title='bbox 1539 798 1786 846; x_wconf 82' lang='lat' dir='ltr'>Romanum</span> <span class='ocrx_word' id='word_1_101' title='bbox 1797 798 1856 844; x_wconf 93' lang='lat' dir='ltr'>ob</span> <span class='ocrx_word' id='word_1_102' title='bbox 1869 798 2132 846; x_wconf 68' lang='lat' dir='ltr'>reduetamin</span> <span class='ocrx_word' id='word_1_103' title='bbox 2148 801 2294 846; x_wconf 82' lang='lat' dir='ltr'>matri-</span> 
     </span>
    </p>
   </div>
   <div class='ocr_carea' id='block_1_7' title="bbox 171 935 1210 1638">
    <p class='ocr_par' dir='ltr' id='par_1_7' title="bbox 177 935 1210 1244">
     <span class='ocr_line' id='line_1_13' title="bbox 185 935 1210 991; baseline -0.001 -15"><span class='ocrx_word' id='word_1_104' title='bbox 185 952 406 991; x_wconf 70' lang='lat' dir='ltr'>cuperatores</span> <span class='ocrx_word' id='word_1_105' title='bbox 428 970 442 985; x_wconf 79' lang='lat'>‚</span> <span class='ocrx_word' id='word_1_106' title='bbox 483 953 528 977; x_wconf 84' lang='lat' dir='ltr'>ne</span> <span class='ocrx_word' id='word_1_107' title='bbox 544 967 557 983; x_wconf 87' lang='lat'>,</span> <span class='ocrx_word' id='word_1_108' title='bbox 593 937 732 976; x_wconf 72' lang='lat' dir='ltr'>tametsi</span> <span class='ocrx_word' id='word_1_109' title='bbox 753 937 952 977; x_wconf 86' lang='lat' dir='ltr'>favorabilis</span> <span class='ocrx_word' id='word_1_110' title='bbox 979 938 1118 977; x_wconf 86' lang='lat' dir='ltr'>libertas</span> <span class='ocrx_word' id='word_1_111' title='bbox 1140 935 1210 983; x_wconf 88' lang='lat' dir='ltr'>est,</span> 
     </span>
     <span class='ocr_line' id='line_1_14' title="bbox 183 987 1208 1041; baseline -0.003 -14"><span class='ocrx_word' id='word_1_112' title='bbox 183 990 403 1041; x_wconf 80' lang='lat' dir='ltr'>sequerentur</span> <span class='ocrx_word' id='word_1_113' title='bbox 424 993 460 1027; x_wconf 88' lang='lat' dir='ltr'>in</span> <span class='ocrx_word' id='word_1_114' title='bbox 480 990 603 1035; x_wconf 85' lang='lat' dir='ltr'>judicio</span> <span class='ocrx_word' id='word_1_115' title='bbox 620 987 817 1026; x_wconf 69' lang='lat' dir='ltr'>affer-tiones</span> <span class='ocrx_word' id='word_1_116' title='bbox 834 989 889 1028; x_wconf 90' lang='lat' dir='ltr'>vel</span> <span class='ocrx_word' id='word_1_117' title='bbox 907 1003 1028 1040; x_wconf 85' lang='lat' dir='ltr'>prece,</span> <span class='ocrx_word' id='word_1_118' title='bbox 1057 989 1115 1028; x_wconf 89' lang='lat' dir='ltr'>vel</span> <span class='ocrx_word' id='word_1_119' title='bbox 1133 1001 1208 1039; x_wconf 86' lang='lat' dir='ltr'>pre-</span> 
     </span>
     <span class='ocr_line' id='line_1_15' title="bbox 183 1039 1206 1087; baseline -0.002 -9"><span class='ocrx_word' id='word_1_120' title='bbox 183 1042 253 1085; x_wconf 87' lang='lat' dir='ltr'>tio,</span> <span class='ocrx_word' id='word_1_121' title='bbox 283 1042 336 1080; x_wconf 91' lang='lat' dir='ltr'>vel</span> <span class='ocrx_word' id='word_1_122' title='bbox 370 1039 762 1077; x_wconf 78' lang='lat' dir='ltr'>ersuaiioneeblanditas</span> <span class='ocrx_word' id='word_1_123' title='bbox 775 1052 894 1077; x_wconf 90' lang='lat' dir='ltr'>contra</span> <span class='ocrx_word' id='word_1_124' title='bbox 905 1041 1206 1087; x_wconf 72' lang='lat' dir='ltr'>iusdominorum.</span> 
     </span>
     <span class='ocr_line' id='line_1_16' title="bbox 179 1055 1209 1142; baseline 0 -15"><span class='ocrx_word' id='word_1_125' title='bbox 179 1055 503 1136; x_wconf 57' lang='lat' dir='ltr'>Junsconiiiltorum</span> <span class='ocrx_word' id='word_1_126' title='bbox 526 1101 646 1127; x_wconf 83' lang='lat' dir='ltr'>tamen</span> <span class='ocrx_word' id='word_1_127' title='bbox 662 1092 818 1142; x_wconf 87' lang='lat' dir='ltr'>princeps</span> <span class='ocrx_word' id='word_1_128' title='bbox 837 1093 1000 1138; x_wconf 70' lang='lat' dir='ltr'>Cujacius</span> <span class='ocrx_word' id='word_1_129' title='bbox 1018 1092 1209 1140; x_wconf 76' lang='lat' dir='ltr'>perfufhriis</span> 
     </span>
     <span class='ocr_line' id='line_1_17' title="bbox 180 1140 1207 1193; baseline 0.001 -16"><span class='ocrx_word' id='word_1_130' title='bbox 180 1140 372 1191; x_wconf 84' lang='lat' dir='ltr'>legendum</span> <span class='ocrx_word' id='word_1_131' title='bbox 388 1140 502 1178; x_wconf 87' lang='lat' dir='ltr'>censet</span> <span class='ocrx_word' id='word_1_132' title='bbox 518 1170 531 1186; x_wconf 85' lang='lat'>,</span> <span class='ocrx_word' id='word_1_133' title='bbox 558 1144 595 1178; x_wconf 73' lang='grc' dir='ltr'>ὅ(</span> <span class='ocrx_word' id='word_1_134' title='bbox 614 1154 648 1180; x_wconf 91' lang='lat' dir='ltr'>ut</span> <span class='ocrx_word' id='word_1_135' title='bbox 672 1142 752 1193; x_wconf 76' lang='lat' dir='ltr'>legit</span> <span class='ocrx_word' id='word_1_136' title='bbox 770 1171 782 1186; x_wconf 94' lang='lat'>‚</span> <span class='ocrx_word' id='word_1_137' title='bbox 809 1143 843 1180; x_wconf 89' lang='lat' dir='ltr'>in</span> <span class='ocrx_word' id='word_1_138' title='bbox 864 1141 1101 1193; x_wconf 84' lang='lat' dir='ltr'>antiquiffimo</span> <span class='ocrx_word' id='word_1_139' title='bbox 1119 1141 1207 1179; x_wconf 89' lang='lat' dir='ltr'>libro</span> 
     </span>
     <span class='ocr_line' id='line_1_18' title="bbox 177 1190 986 1244; baseline 0.001 -14"><span class='ocrx_word' id='word_1_140' title='bbox 177 1192 308 1242; x_wconf 86' lang='lat' dir='ltr'>reperi,</span> <span class='ocrx_word' id='word_1_141' title='bbox 338 1192 513 1244; x_wconf 90' lang='lat' dir='ltr'>pudetque</span> <span class='ocrx_word' id='word_1_142' title='bbox 529 1190 709 1231; x_wconf 81' lang='lat' dir='ltr'>dissentire.</span> <span class='ocrx_word' id='word_1_143' title='bbox 767 1197 986 1232; x_wconf 67' lang='lat' dir='ltr'>Tuimunus.</span> 
     </span>
    </p>

    <p class='ocr_par' dir='ltr' id='par_1_8' title="bbox 171 1241 1209 1638">
     <span class='ocr_line' id='line_1_19' title="bbox 234 1241 1202 1292; baseline 0 -12"><span class='ocrx_word' id='word_1_144' title='bbox 234 1249 288 1280; x_wconf 87' lang='lat' dir='ltr'>Ne</span> <span class='ocrx_word' id='word_1_145' title='bbox 307 1243 344 1290; x_wconf 89' lang='lat' dir='ltr'>se</span> <span class='ocrx_word' id='word_1_146' title='bbox 364 1244 578 1292; x_wconf 71' lang='lat' dir='ltr'>persuasoriis</span> <span class='ocrx_word' id='word_1_147' title='bbox 611 1244 840 1292; x_wconf 75' lang='lat' dir='ltr'>assertionibus</span> <span class='ocrx_word' id='word_1_148' title='bbox 874 1241 1202 1291; x_wconf 53' lang='lat' dir='ltr'>accommodaveram]</span> 
     </span>
     <span class='ocr_line' id='line_1_20' title="bbox 179 1293 1204 1346; baseline -0.001 -15"><span class='ocrx_word' id='word_1_149' title='bbox 179 1293 397 1332; x_wconf 88' lang='lat' dir='ltr'>Credeslicet</span> <span class='ocrx_word' id='word_1_150' title='bbox 414 1295 579 1342; x_wconf 78' lang='lat' dir='ltr'>Cujacio,</span> <span class='ocrx_word' id='word_1_151' title='bbox 600 1294 770 1332; x_wconf 90' lang='lat' dir='ltr'>Turnebo</span> <span class='ocrx_word' id='word_1_152' title='bbox 783 1323 796 1338; x_wconf 85' lang='lat'>,</span> <span class='ocrx_word' id='word_1_153' title='bbox 816 1294 958 1346; x_wconf 82' lang='lat' dir='ltr'>Liplio,</span> <span class='ocrx_word' id='word_1_154' title='bbox 980 1294 1204 1338; x_wconf 84' lang='lat' dir='ltr'>casaubono,</span> 
     </span>
     <span class='ocr_line' id='line_1_21' title="bbox 171 1343 1207 1395; baseline 0 -14"><span class='ocrx_word' id='word_1_155' title='bbox 171 1345 368 1394; x_wconf 68' lang='lat' dir='ltr'>persufirrit&#39;s</span> <span class='ocrx_word' id='word_1_156' title='bbox 385 1343 450 1382; x_wconf 78' lang='lat' dir='ltr'>effi:</span> <span class='ocrx_word' id='word_1_157' title='bbox 469 1344 670 1395; x_wconf 81' lang='lat' dir='ltr'>legendum.</span> <span class='ocrx_word' id='word_1_158' title='bbox 702 1345 914 1393; x_wconf 78' lang='lat' dir='ltr'>Persuasoriae</span> <span class='ocrx_word' id='word_1_159' title='bbox 934 1346 1121 1394; x_wconf 76' lang='lat' dir='ltr'>assertiones</span> <span class='ocrx_word' id='word_1_160' title='bbox 1140 1348 1207 1382; x_wconf 88' lang='lat' dir='ltr'>La-</span> 
     </span>
     <span class='ocr_line' id='line_1_22' title="bbox 176 1395 1207 1447; baseline 0 -15"><span class='ocrx_word' id='word_1_161' title='bbox 176 1396 248 1432; x_wconf 82' lang='lat' dir='ltr'>tine</span> <span class='ocrx_word' id='word_1_162' title='bbox 266 1396 471 1433; x_wconf 85' lang='lat' dir='ltr'>tantundem</span> <span class='ocrx_word' id='word_1_163' title='bbox 491 1396 584 1440; x_wconf 87' lang='lat' dir='ltr'>sunt,</span> <span class='ocrx_word' id='word_1_164' title='bbox 604 1408 772 1447; x_wconf 89' lang='lat' dir='ltr'>quantum</span> <span class='ocrx_word' id='word_1_165' title='bbox 785 1396 1110 1435; x_wconf 83' lang='lat' dir='ltr'>Naeviibuttubatta.</span> <span class='ocrx_word' id='word_1_166' title='bbox 1139 1395 1207 1432; x_wconf 89' lang='lat' dir='ltr'>Sed</span> 
     </span>
     <span class='ocr_line' id='line_1_23' title="bbox 180 1445 1205 1494; baseline 0.002 -12"><span class='ocrx_word' id='word_1_167' title='bbox 180 1445 225 1483; x_wconf 89' lang='lat' dir='ltr'>de</span> <span class='ocrx_word' id='word_1_168' title='bbox 250 1445 302 1494; x_wconf 77' lang='lat' dir='ltr'>his</span> <span class='ocrx_word' id='word_1_169' title='bbox 322 1448 358 1483; x_wconf 92' lang='lat' dir='ltr'>in</span> <span class='ocrx_word' id='word_1_170' title='bbox 375 1458 544 1486; x_wconf 87' lang='lat' dir='ltr'>renovata</span> <span class='ocrx_word' id='word_1_171' title='bbox 572 1447 728 1484; x_wconf 81' lang='lat' dir='ltr'>Diatn‘ba</span> <span class='ocrx_word' id='word_1_172' title='bbox 750 1460 832 1484; x_wconf 88' lang='lat' dir='ltr'>cum</span> <span class='ocrx_word' id='word_1_173' title='bbox 856 1451 937 1485; x_wconf 91' lang='lat' dir='ltr'>Deo</span> <span class='ocrx_word' id='word_1_174' title='bbox 958 1446 1205 1486; x_wconf 85' lang='lat' dir='ltr'>benevolente.</span> 
     </span>
     <span class='ocr_line' id='line_1_24' title="bbox 180 1497 1206 1549; baseline 0.002 -16"><span class='ocrx_word' id='word_1_175' title='bbox 180 1497 210 1540; x_wconf 80' lang='lat' dir='ltr'>J.</span> <span class='ocrx_word' id='word_1_176' title='bbox 231 1499 266 1534; x_wconf 79' lang='lat'>1².</span> <span class='ocrx_word' id='word_1_177' title='bbox 287 1499 531 1549; x_wconf 32' lang='lat' dir='ltr'>Gnosio-vm&amp;</span> <span class='ocrx_word' id='word_1_178' title='bbox 570 1497 695 1535; x_wconf 86' lang='lat' dir='ltr'>Codex</span> <span class='ocrx_word' id='word_1_179' title='bbox 719 1499 805 1535; x_wconf 90' lang='lat' dir='ltr'>item</span> <span class='ocrx_word' id='word_1_180' title='bbox 832 1497 988 1536; x_wconf 80' lang='lat' dir='ltr'>Salmasii</span> <span class='ocrx_word' id='word_1_181' title='bbox 1002 1498 1206 1546; x_wconf 78' lang='lat' dir='ltr'>perfusoriis.</span> 
     </span>
     <span class='ocr_line' id='line_1_25' title="bbox 182 1547 1209 1636; baseline -0.007 -43"><span class='ocrx_word' id='word_1_182' title='bbox 182 1548 370 1636; x_wconf 42' lang='lat' dir='ltr'>&amp;pa-dung</span> <span class='ocrx_word' id='word_1_183' title='bbox 387 1561 474 1588; x_wconf 85' lang='lat' dir='ltr'>vero</span> <span class='ocrx_word' id='word_1_184' title='bbox 490 1547 629 1588; x_wconf 85' lang='lat' dir='ltr'>consule</span> <span class='ocrx_word' id='word_1_185' title='bbox 652 1548 698 1587; x_wconf 89' lang='lat' dir='ltr'>ad</span> <span class='ocrx_word' id='word_1_186' title='bbox 718 1548 837 1599; x_wconf 83' lang='lat' dir='ltr'>legem</span> <span class='ocrx_word' id='word_1_187' title='bbox 854 1563 896 1588; x_wconf 78' lang='lat' dir='ltr'>xi</span> <span class='ocrx_word' id='word_1_188' title='bbox 908 1564 920 1588; x_wconf 82' lang='grc' dir='ltr'><strong><em>ι</em></strong></span> <span class='ocrx_word' id='word_1_189' title='bbox 933 1565 962 1589; x_wconf 87' lang='lat'>1.</span> <span class='ocrx_word' id='word_1_190' title='bbox 988 1549 1072 1600; x_wconf 82' lang='lat' dir='ltr'>Dig.</span> <span class='ocrx_word' id='word_1_191' title='bbox 1090 1548 1134 1587; x_wconf 93' lang='lat' dir='ltr'>de</span> <span class='ocrx_word' id='word_1_192' title='bbox 1152 1562 1209 1586; x_wconf 89' lang='lat' dir='ltr'>ex-</span> 
     </span>
     <span class='ocr_line' id='line_1_26' title="bbox 181 1608 424 1638; baseline 0.012 -3"><span class='ocrx_word' id='word_1_193' title='bbox 181 1608 225 1636; x_wconf 73' lang='lat' dir='ltr'>tu</span> <span class='ocrx_word' id='word_1_194' title='bbox 240 1609 345 1636; x_wconf 81' lang='lat' dir='ltr'>anoni</span> <span class='ocrx_word' id='word_1_195' title='bbox 373 1611 424 1638; x_wconf 86' lang='lat' dir='ltr'>us.</span> 
     </span>
    </p>
   </div>
   <div class='ocr_carea' id='block_1_8' title="bbox 517 1700 884 1739">
    <p class='ocr_par' dir='ltr' id='par_1_9' title="bbox 517 1700 884 1739">
     <span class='ocr_line' id='line_1_27' title="bbox 517 1700 884 1739; baseline 0.008 -3"><span class='ocrx_word' id='word_1_196' title='bbox 517 1700 884 1739; x_wconf 66' lang='lat' dir='ltr'>Tountur.</span> 
     </span>
    </p>
   </div>
   <div class='ocr_carea' id='block_1_9' title="bbox 176 1774 1210 2738">
    <p class='ocr_par' dir='ltr' id='par_1_10' title="bbox 179 1774 1210 1926">
     <span class='ocr_line' id='line_1_28' title="bbox 236 1774 1207 1825; baseline 0.003 -12"><span class='ocrx_word' id='word_1_197' title='bbox 236 1777 372 1814; x_wconf 61' lang='lat' dir='ltr'>Aac‘for</span> <span class='ocrx_word' id='word_1_198' title='bbox 392 1774 446 1819; x_wconf 53' lang='grc' dir='ltr'>Εἴ</span> <span class='ocrx_word' id='word_1_199' title='bbox 471 1774 618 1813; x_wconf 78' lang='lat' dir='ltr'>tribunis</span> <span class='ocrx_word' id='word_1_200' title='bbox 636 1776 685 1825; x_wconf 87' lang='lat' dir='ltr'>pl.</span> <span class='ocrx_word' id='word_1_201' title='bbox 699 1775 814 1824; x_wconf 61' lang='lat' dir='ltr'>fulin]</span> <span class='ocrx_word' id='word_1_202' title='bbox 860 1779 971 1815; x_wconf 87' lang='lat' dir='ltr'>Vetus</span> <span class='ocrx_word' id='word_1_203' title='bbox 995 1777 1107 1815; x_wconf 85' lang='lat' dir='ltr'>codex</span> <span class='ocrx_word' id='word_1_204' title='bbox 1133 1777 1180 1816; x_wconf 83' lang='lat' dir='ltr'>sic</span> <span class='ocrx_word' id='word_1_205' title='bbox 1194 1809 1207 1824; x_wconf 90' lang='lat'>,</span> 
     </span>
     <span class='ocr_line' id='line_1_29' title="bbox 179 1824 1210 1880; baseline 0.005 -18"><span class='ocrx_word' id='word_1_206' title='bbox 179 1828 312 1862; x_wconf 69' lang='lat' dir='ltr'>Amor</span> <span class='ocrx_word' id='word_1_207' title='bbox 333 1824 386 1869; x_wconf 65' lang='grc' dir='ltr'>ξδ’</span> <span class='ocrx_word' id='word_1_208' title='bbox 412 1831 448 1864; x_wconf 89' lang='lat' dir='ltr'>T.</span> <span class='ocrx_word' id='word_1_209' title='bbox 465 1831 505 1863; x_wconf 87' lang='lat' dir='ltr'>P.</span> <span class='ocrx_word' id='word_1_210' title='bbox 525 1829 626 1864; x_wconf 63' lang='lat' dir='ltr'>Rc,</span> <span class='ocrx_word' id='word_1_211' title='bbox 648 1832 687 1864; x_wconf 89' lang='lat' dir='ltr'>L.</span> <span class='ocrx_word' id='word_1_212' title='bbox 707 1826 784 1871; x_wconf 79' lang='lat' dir='ltr'>fuit</span> <span class='ocrx_word' id='word_1_213' title='bbox 803 1826 952 1863; x_wconf 83' lang='lat' dir='ltr'>AEdilem</span> <span class='ocrx_word' id='word_1_214' title='bbox 970 1855 983 1871; x_wconf 84' lang='lat'><em>‚</em></span> <span class='ocrx_word' id='word_1_215' title='bbox 1020 1832 1089 1866; x_wconf 65' lang='grc' dir='ltr'>διε.</span> <span class='ocrx_word' id='word_1_216' title='bbox 1125 1843 1210 1880; x_wconf 83' lang='lat' dir='ltr'>quas</span> 
     </span>
     <span class='ocr_line' id='line_1_30' title="bbox 179 1874 847 1926; baseline 0.001 -13"><span class='ocrx_word' id='word_1_217' title='bbox 179 1887 281 1914; x_wconf 87' lang='lat' dir='ltr'>notas</span> <span class='ocrx_word' id='word_1_218' title='bbox 298 1875 372 1914; x_wconf 82' lang='lat' dir='ltr'>aliis</span> <span class='ocrx_word' id='word_1_219' title='bbox 388 1876 660 1926; x_wconf 85' lang='lat' dir='ltr'>interpretandas</span> <span class='ocrx_word' id='word_1_220' title='bbox 678 1874 847 1925; x_wconf 86' lang='lat' dir='ltr'>relinquo.</span> 
     </span>
    </p>

    <p class='ocr_par' dir='ltr' id='par_1_11' title="bbox 176 1926 1210 2738">
     <span class='ocr_line' id='line_1_31' title="bbox 230 1926 1210 1980; baseline 0.005 -17"><span class='ocrx_word' id='word_1_221' title='bbox 230 1928 381 1964; x_wconf 74' lang='lat' dir='ltr'>AEdilem</span> <span class='ocrx_word' id='word_1_222' title='bbox 393 1926 576 1975; x_wconf 77' lang='lat' dir='ltr'>fh-rdzdum</span> <span class='ocrx_word' id='word_1_223' title='bbox 595 1937 693 1975; x_wconf 85' lang='lat' dir='ltr'>repet.</span> <span class='ocrx_word' id='word_1_224' title='bbox 704 1927 839 1974; x_wconf 66' lang='lat' dir='ltr'>accufi]</span> <span class='ocrx_word' id='word_1_225' title='bbox 873 1928 988 1964; x_wconf 84' lang='lat' dir='ltr'>Sordes</span> <span class='ocrx_word' id='word_1_226' title='bbox 1006 1929 1100 1978; x_wconf 88' lang='lat' dir='ltr'>apud</span> <span class='ocrx_word' id='word_1_227' title='bbox 1121 1932 1210 1980; x_wconf 83' lang='lat' dir='ltr'>opti-</span> 
     </span>
     <span class='ocr_line' id='line_1_32' title="bbox 179 1977 1205 2029; baseline 0.004 -14"><span class='ocrx_word' id='word_1_228' title='bbox 179 1990 262 2015; x_wconf 81' lang='lat' dir='ltr'>mos</span> <span class='ocrx_word' id='word_1_229' title='bbox 279 1977 437 2029; x_wconf 84' lang='lat' dir='ltr'>quosque</span> <span class='ocrx_word' id='word_1_230' title='bbox 461 1979 620 2016; x_wconf 64' lang='lat' dir='ltr'>auctores</span> <span class='ocrx_word' id='word_1_231' title='bbox 650 1978 756 2014; x_wconf 89' lang='lat' dir='ltr'>etiam</span> <span class='ocrx_word' id='word_1_232' title='bbox 783 1991 848 2028; x_wconf 89' lang='lat' dir='ltr'>pro</span> <span class='ocrx_word' id='word_1_233' title='bbox 877 1980 1017 2018; x_wconf 81' lang='lat' dir='ltr'>avaritia</span> <span class='ocrx_word' id='word_1_234' title='bbox 1048 1980 1205 2029; x_wconf 72' lang='lat' dir='ltr'>legimus.</span> 
     </span>
     <span class='ocr_line' id='line_1_33' title="bbox 178 2027 1207 2080; baseline 0.003 -14"><span class='ocrx_word' id='word_1_235' title='bbox 178 2029 224 2066; x_wconf 78' lang='lat' dir='ltr'>At</span> <span class='ocrx_word' id='word_1_236' title='bbox 245 2031 324 2072; x_wconf 77' lang='lat' dir='ltr'>JCn·</span> <span class='ocrx_word' id='word_1_237' title='bbox 343 2027 555 2066; x_wconf 84' lang='lat' dir='ltr'>manifestius</span> <span class='ocrx_word' id='word_1_238' title='bbox 583 2042 646 2079; x_wconf 91' lang='lat' dir='ltr'>pro</span> <span class='ocrx_word' id='word_1_239' title='bbox 677 2030 873 2080; x_wconf 81' lang='lat' dir='ltr'>pecuniaria</span> <span class='ocrx_word' id='word_1_240' title='bbox 903 2031 1124 2079; x_wconf 82' lang='lat' dir='ltr'>corruptione</span> <span class='ocrx_word' id='word_1_241' title='bbox 1150 2045 1207 2069; x_wconf 87' lang='lat' dir='ltr'>ac-</span> 
     </span>
     <span class='ocr_line' id='line_1_34' title="bbox 179 2079 1205 2130; baseline 0.004 -14"><span class='ocrx_word' id='word_1_242' title='bbox 179 2080 307 2130; x_wconf 86' lang='lat' dir='ltr'>cipiunt</span> <span class='ocrx_word' id='word_1_243' title='bbox 325 2094 408 2118; x_wconf 89' lang='lat' dir='ltr'>cum</span> <span class='ocrx_word' id='word_1_244' title='bbox 429 2080 510 2118; x_wconf 89' lang='lat' dir='ltr'>alibi</span> <span class='ocrx_word' id='word_1_245' title='bbox 528 2079 616 2128; x_wconf 84' lang='lat' dir='ltr'>saepe</span> <span class='ocrx_word' id='word_1_246' title='bbox 632 2108 643 2124; x_wconf 92' lang='lat'>,</span> <span class='ocrx_word' id='word_1_247' title='bbox 677 2091 754 2117; x_wconf 87' lang='lat' dir='ltr'>tum</span> <span class='ocrx_word' id='word_1_248' title='bbox 774 2079 794 2117; x_wconf 92' lang='lat' dir='ltr'>l.</span> <span class='ocrx_word' id='word_1_249' title='bbox 815 2094 867 2118; x_wconf 91' lang='lat'>11.</span> <span class='ocrx_word' id='word_1_250' title='bbox 889 2084 926 2117; x_wconf 73' lang='grc' dir='ltr'>ὅ(</span> <span class='ocrx_word' id='word_1_251' title='bbox 946 2080 967 2118; x_wconf 95' lang='lat' dir='ltr'>l.</span> <span class='ocrx_word' id='word_1_252' title='bbox 996 2095 1046 2118; x_wconf 82' lang='lat' dir='ltr'>ix.</span> <span class='ocrx_word' id='word_1_253' title='bbox 1076 2085 1134 2119; x_wconf 91' lang='lat' dir='ltr'>De</span> <span class='ocrx_word' id='word_1_254' title='bbox 1153 2097 1205 2120; x_wconf 81' lang='lat' dir='ltr'>re·</span> 
     </span>
     <span class='ocr_line' id='line_1_35' title="bbox 178 2130 1204 2181; baseline 0.005 -15"><span class='ocrx_word' id='word_1_255' title='bbox 178 2132 285 2181; x_wconf 83' lang='lat' dir='ltr'>ceptis</span> <span class='ocrx_word' id='word_1_256' title='bbox 302 2143 337 2169; x_wconf 92' lang='lat' dir='ltr'>ut</span> <span class='ocrx_word' id='word_1_257' title='bbox 355 2132 469 2169; x_wconf 81' lang='lat' dir='ltr'>arbitr.</span> <span class='ocrx_word' id='word_1_258' title='bbox 499 2131 634 2174; x_wconf 83' lang='lat' dir='ltr'>dicant,</span> <span class='ocrx_word' id='word_1_259' title='bbox 662 2133 700 2168; x_wconf 69' lang='grc' dir='ltr'>δι</span> <span class='ocrx_word' id='word_1_260' title='bbox 717 2130 739 2168; x_wconf 90' lang='lat' dir='ltr'>l.</span> <span class='ocrx_word' id='word_1_261' title='bbox 759 2144 814 2169; x_wconf 89' lang='lat' dir='ltr'>xv.</span> <span class='ocrx_word' id='word_1_262' title='bbox 872 2133 929 2167; x_wconf 90' lang='lat' dir='ltr'>De</span> <span class='ocrx_word' id='word_1_263' title='bbox 948 2130 1088 2178; x_wconf 71' lang='lat' dir='ltr'>judiciis.</span> <span class='ocrx_word' id='word_1_264' title='bbox 1146 2136 1204 2171; x_wconf 91' lang='lat' dir='ltr'>De</span> 
     </span>
     <span class='ocr_line' id='line_1_36' title="bbox 180 2180 1204 2238; baseline 0.004 -21"><span class='ocrx_word' id='word_1_265' title='bbox 180 2182 311 2219; x_wconf 88' lang='lat' dir='ltr'>arbitro</span> <span class='ocrx_word' id='word_1_266' title='bbox 346 2195 476 2232; x_wconf 87' lang='lat' dir='ltr'>nempe</span> <span class='ocrx_word' id='word_1_267' title='bbox 510 2183 621 2238; x_wconf 76' lang='lat' dir='ltr'>agitur</span> <span class='ocrx_word' id='word_1_268' title='bbox 649 2180 804 2218; x_wconf 86' lang='lat' dir='ltr'>sordibus</span> <span class='ocrx_word' id='word_1_269' title='bbox 831 2194 1024 2231; x_wconf 88' lang='lat' dir='ltr'>corrupto,</span> <span class='ocrx_word' id='word_1_270' title='bbox 1067 2185 1204 2229; x_wconf 79' lang='lat' dir='ltr'>cujusve</span> 
     </span>
     <span class='ocr_line' id='line_1_37' title="bbox 180 2231 1204 2279; baseline 0.005 -12"><span class='ocrx_word' id='word_1_271' title='bbox 180 2231 298 2269; x_wconf 85' lang='lat' dir='ltr'>sordes</span> <span class='ocrx_word' id='word_1_272' title='bbox 318 2232 509 2270; x_wconf 75' lang='lat' dir='ltr'>manifestae</span> <span class='ocrx_word' id='word_1_273' title='bbox 531 2235 598 2269; x_wconf 80' lang='lat' dir='ltr'>iint</span> <span class='ocrx_word' id='word_1_274' title='bbox 612 2261 624 2276; x_wconf 95' lang='lat'>,</span> <span class='ocrx_word' id='word_1_275' title='bbox 654 2233 738 2269; x_wconf 88' lang='lat' dir='ltr'>item</span> <span class='ocrx_word' id='word_1_276' title='bbox 759 2232 802 2268; x_wconf 91' lang='lat' dir='ltr'>de</span> <span class='ocrx_word' id='word_1_277' title='bbox 821 2232 931 2277; x_wconf 82' lang='lat' dir='ltr'>judice</span> <span class='ocrx_word' id='word_1_278' title='bbox 949 2235 1044 2279; x_wconf 76' lang='lat' dir='ltr'>cujus</span> <span class='ocrx_word' id='word_1_279' title='bbox 1063 2235 1204 2273; x_wconf 86' lang='lat' dir='ltr'>evidens</span> 
     </span>
     <span class='ocr_line' id='line_1_38' title="bbox 182 2282 1202 2332; baseline 0.004 -14"><span class='ocrx_word' id='word_1_280' title='bbox 182 2282 238 2319; x_wconf 88' lang='lat' dir='ltr'>vel</span> <span class='ocrx_word' id='word_1_281' title='bbox 255 2284 383 2332; x_wconf 76' lang='lat' dir='ltr'>gratia,</span> <span class='ocrx_word' id='word_1_282' title='bbox 410 2283 465 2319; x_wconf 85' lang='lat' dir='ltr'>vel</span> <span class='ocrx_word' id='word_1_283' title='bbox 483 2284 680 2327; x_wconf 82' lang='lat' dir='ltr'>inimicitia,</span> <span class='ocrx_word' id='word_1_284' title='bbox 706 2283 761 2321; x_wconf 87' lang='lat' dir='ltr'>vel</span> <span class='ocrx_word' id='word_1_285' title='bbox 777 2282 893 2319; x_wconf 84' lang='lat' dir='ltr'>sordes</span> <span class='ocrx_word' id='word_1_286' title='bbox 915 2282 990 2321; x_wconf 85' lang='lat' dir='ltr'>sint.</span> <span class='ocrx_word' id='word_1_287' title='bbox 1019 2287 1202 2322; x_wconf 77' lang='lat' dir='ltr'>Sordidum</span> 
     </span>
     <span class='ocr_line' id='line_1_39' title="bbox 180 2333 1202 2384; baseline 0.006 -16"><span class='ocrx_word' id='word_1_288' title='bbox 180 2345 268 2383; x_wconf 81' lang='lat' dir='ltr'>ergo</span> <span class='ocrx_word' id='word_1_289' title='bbox 285 2333 431 2369; x_wconf 76' lang='lat' dir='ltr'>AEdzlem</span> <span class='ocrx_word' id='word_1_290' title='bbox 450 2333 503 2370; x_wconf 84' lang='lat' dir='ltr'>hic</span> <span class='ocrx_word' id='word_1_291' title='bbox 525 2335 675 2384; x_wconf 84' lang='lat' dir='ltr'>accipio,</span> <span class='ocrx_word' id='word_1_292' title='bbox 706 2335 762 2383; x_wconf 90' lang='lat' dir='ltr'>qui</span> <span class='ocrx_word' id='word_1_293' title='bbox 782 2335 928 2383; x_wconf 88' lang='lat' dir='ltr'>pecunia</span> <span class='ocrx_word' id='word_1_294' title='bbox 946 2346 1125 2384; x_wconf 88' lang='lat' dir='ltr'>corruptus</span> <span class='ocrx_word' id='word_1_295' title='bbox 1145 2337 1202 2374; x_wconf 86' lang='lat' dir='ltr'>ali-</span> 
     </span>
     <span class='ocr_line' id='line_1_40' title="bbox 181 2380 1200 2436; baseline 0.005 -17"><span class='ocrx_word' id='word_1_296' title='bbox 181 2394 234 2420; x_wconf 86' lang='lat' dir='ltr'>ter</span> <span class='ocrx_word' id='word_1_297' title='bbox 250 2380 411 2420; x_wconf 89' lang='lat' dir='ltr'>officium</span> <span class='ocrx_word' id='word_1_298' title='bbox 429 2385 575 2420; x_wconf 87' lang='lat' dir='ltr'>exercuit</span> <span class='ocrx_word' id='word_1_299' title='bbox 593 2396 701 2434; x_wconf 82' lang='lat' dir='ltr'>quam</span> <span class='ocrx_word' id='word_1_300' title='bbox 719 2384 836 2421; x_wconf 87' lang='lat' dir='ltr'>debuit</span> <span class='ocrx_word' id='word_1_301' title='bbox 848 2414 859 2428; x_wconf 89' lang='lat'>,</span> <span class='ocrx_word' id='word_1_302' title='bbox 877 2397 912 2421; x_wconf 89' lang='lat' dir='ltr'>ut</span> <span class='ocrx_word' id='word_1_303' title='bbox 936 2399 1009 2435; x_wconf 63' lang='lat' dir='ltr'>cap.</span> <span class='ocrx_word' id='word_1_304' title='bbox 1028 2385 1200 2436; x_wconf 84' lang='lat' dir='ltr'>sequenti,</span> 
     </span>
     <span class='ocr_line' id='line_1_41' title="bbox 182 2434 1205 2483; baseline 0.005 -13"><span class='ocrx_word' id='word_1_305' title='bbox 182 2446 223 2470; x_wconf 89' lang='lat' dir='ltr'>ne</span> <span class='ocrx_word' id='word_1_306' title='bbox 244 2435 327 2483; x_wconf 55' lang='lat' dir='ltr'>quid</span> <span class='ocrx_word' id='word_1_307' title='bbox 335 2434 472 2480; x_wconf 84' lang='lat' dir='ltr'>sordide</span> <span class='ocrx_word' id='word_1_308' title='bbox 487 2435 657 2479; x_wconf 82' lang='lat' dir='ltr'>facerent.</span> <span class='ocrx_word' id='word_1_309' title='bbox 689 2438 752 2478; x_wconf 85' lang='lat' dir='ltr'>Et,</span> <span class='ocrx_word' id='word_1_310' title='bbox 774 2436 911 2482; x_wconf 74' lang='lat' dir='ltr'>sordide</span> <span class='ocrx_word' id='word_1_311' title='bbox 939 2436 1028 2483; x_wconf 69' lang='lat' dir='ltr'>egisse</span> <span class='ocrx_word' id='word_1_312' title='bbox 1059 2447 1205 2476; x_wconf 85' lang='lat' dir='ltr'>tutorem</span> 
     </span>
     <span class='ocr_line' id='line_1_42' title="bbox 182 2484 1206 2535; baseline 0.004 -14"><span class='ocrx_word' id='word_1_313' title='bbox 182 2484 329 2534; x_wconf 66' lang='lat' dir='ltr'>legimus</span> <span class='ocrx_word' id='word_1_314' title='bbox 347 2484 434 2534; x_wconf 89' lang='lat' dir='ltr'>apud</span> <span class='ocrx_word' id='word_1_315' title='bbox 454 2484 593 2535; x_wconf 85' lang='lat' dir='ltr'>Ulpian.</span> <span class='ocrx_word' id='word_1_316' title='bbox 611 2484 632 2521; x_wconf 96' lang='lat' dir='ltr'>l.</span> <span class='ocrx_word' id='word_1_317' title='bbox 651 2497 728 2522; x_wconf 77' lang='lat'>111.</span> <span class='ocrx_word' id='word_1_318' title='bbox 784 2487 839 2521; x_wconf 88' lang='lat' dir='ltr'>De</span> <span class='ocrx_word' id='word_1_319' title='bbox 864 2485 1019 2534; x_wconf 67' lang='lat' dir='ltr'>suspectis</span> <span class='ocrx_word' id='word_1_320' title='bbox 1037 2488 1206 2525; x_wconf 87' lang='lat' dir='ltr'>tutoribus</span> 
     </span>
     <span class='ocr_line' id='line_1_43' title="bbox 183 2533 1206 2586; baseline 0 -13"><span class='ocrx_word' id='word_1_321' title='bbox 183 2538 240 2585; x_wconf 82' lang='lat' dir='ltr'>qui</span> <span class='ocrx_word' id='word_1_322' title='bbox 259 2549 318 2586; x_wconf 86' lang='lat' dir='ltr'>per</span> <span class='ocrx_word' id='word_1_323' title='bbox 342 2535 522 2572; x_wconf 82' lang='lat' dir='ltr'>avaritiam</span> <span class='ocrx_word' id='word_1_324' title='bbox 543 2534 708 2584; x_wconf 88' lang='lat' dir='ltr'>pupillum</span> <span class='ocrx_word' id='word_1_325' title='bbox 725 2533 939 2571; x_wconf 74' lang='lat' dir='ltr'>defraudavit</span> <span class='ocrx_word' id='word_1_326' title='bbox 956 2564 968 2578; x_wconf 94' lang='lat'>,</span> <span class='ocrx_word' id='word_1_327' title='bbox 1001 2539 1035 2572; x_wconf 67' lang='grc' dir='ltr'>ὅ(</span> <span class='ocrx_word' id='word_1_328' title='bbox 1048 2564 1059 2579; x_wconf 85' lang='lat'>,</span> <span class='ocrx_word' id='word_1_329' title='bbox 1071 2538 1206 2584; x_wconf 80' lang='lat' dir='ltr'>fhrdide</span> 
     </span>
     <span class='ocr_line' id='line_1_44' title="bbox 176 2583 1207 2635; baseline 0.002 -14"><span class='ocrx_word' id='word_1_330' title='bbox 176 2587 445 2635; x_wconf 76' lang='lat' dir='ltr'>proconsulatum</span> <span class='ocrx_word' id='word_1_331' title='bbox 467 2599 578 2634; x_wconf 79' lang='lat' dir='ltr'>gerere</span> <span class='ocrx_word' id='word_1_332' title='bbox 608 2583 698 2635; x_wconf 85' lang='lat' dir='ltr'>apud</span> <span class='ocrx_word' id='word_1_333' title='bbox 720 2585 865 2622; x_wconf 88' lang='lat' dir='ltr'>Plinium</span> <span class='ocrx_word' id='word_1_334' title='bbox 885 2585 1042 2634; x_wconf 83' lang='lat' dir='ltr'>Epistolis</span> <span class='ocrx_word' id='word_1_335' title='bbox 1058 2615 1069 2629; x_wconf 94' lang='lat'>,</span> <span class='ocrx_word' id='word_1_336' title='bbox 1098 2588 1207 2635; x_wconf 73' lang='lat' dir='ltr'>sordi-</span> 
     </span>
     <span class='ocr_line' id='line_1_45' title="bbox 186 2634 1205 2686; baseline 0.003 -14"><span class='ocrx_word' id='word_1_337' title='bbox 186 2638 227 2672; x_wconf 81' lang='lat' dir='ltr'>de</span> <span class='ocrx_word' id='word_1_338' title='bbox 244 2636 432 2674; x_wconf 80' lang='lat' dir='ltr'>concionari</span> <span class='ocrx_word' id='word_1_339' title='bbox 449 2637 539 2686; x_wconf 83' lang='lat' dir='ltr'>apud</span> <span class='ocrx_word' id='word_1_340' title='bbox 560 2637 634 2673; x_wconf 90' lang='lat' dir='ltr'>Cic.</span> <span class='ocrx_word' id='word_1_341' title='bbox 666 2634 708 2670; x_wconf 82' lang='lat' dir='ltr'>ad</span> <span class='ocrx_word' id='word_1_342' title='bbox 729 2636 828 2673; x_wconf 88' lang='lat' dir='ltr'>Attic.</span> <span class='ocrx_word' id='word_1_343' title='bbox 856 2649 936 2672; x_wconf 85' lang='lat' dir='ltr'>cum</span> <span class='ocrx_word' id='word_1_344' title='bbox 958 2638 1065 2684; x_wconf 89' lang='lat' dir='ltr'>pretio</span> <span class='ocrx_word' id='word_1_345' title='bbox 1081 2639 1154 2686; x_wconf 89' lang='lat' dir='ltr'>quis</span> <span class='ocrx_word' id='word_1_346' title='bbox 1173 2638 1205 2674; x_wconf 89' lang='lat' dir='ltr'>se</span> 
     </span>
     <span class='ocr_line' id='line_1_46' title="bbox 184 2685 1207 2738; baseline 0 -14"><span class='ocrx_word' id='word_1_347' title='bbox 184 2689 359 2738; x_wconf 85' lang='lat' dir='ltr'>corrumpi</span> <span class='ocrx_word' id='word_1_348' title='bbox 385 2689 517 2736; x_wconf 88' lang='lat' dir='ltr'>patitur.</span> <span class='ocrx_word' id='word_1_349' title='bbox 576 2689 686 2724; x_wconf 88' lang='lat' dir='ltr'>Porro</span> <span class='ocrx_word' id='word_1_350' title='bbox 712 2687 853 2723; x_wconf 83' lang='lat' dir='ltr'>tribunis</span> <span class='ocrx_word' id='word_1_351' title='bbox 873 2685 981 2736; x_wconf 91' lang='lat' dir='ltr'>plebis</span> <span class='ocrx_word' id='word_1_352' title='bbox 1001 2699 1040 2722; x_wconf 82' lang='lat' dir='ltr'>ea</span> <span class='ocrx_word' id='word_1_353' title='bbox 1061 2686 1207 2724; x_wconf 85' lang='lat' dir='ltr'>deman-</span> 
     </span>
    </p>
   </div>
   <div class='ocr_carea' id='block_1_10' title="bbox 186 2737 1217 2787">
    <p class='ocr_par' dir='ltr' id='par_1_12' title="bbox 186 2737 1217 2787">
     <span class='ocr_line' id='line_1_47' title="bbox 186 2737 1217 2787; baseline -0.001 -11"><span class='ocrx_word' id='word_1_354' title='bbox 186 2738 264 2776; x_wconf 78' lang='lat' dir='ltr'>data</span> <span class='ocrx_word' id='word_1_355' title='bbox 285 2739 455 2776; x_wconf 78' lang='lat' dir='ltr'>accusatio</span> <span class='ocrx_word' id='word_1_356' title='bbox 471 2737 531 2774; x_wconf 89' lang='lat' dir='ltr'>suit</span> <span class='ocrx_word' id='word_1_357' title='bbox 550 2767 561 2780; x_wconf 90' lang='lat'><em>‚</em></span> <span class='ocrx_word' id='word_1_358' title='bbox 589 2738 667 2787; x_wconf 78' lang='lat' dir='ltr'>quia</span> <span class='ocrx_word' id='word_1_359' title='bbox 683 2737 790 2786; x_wconf 87' lang='lat' dir='ltr'>plebis</span> <span class='ocrx_word' id='word_1_360' title='bbox 810 2738 962 2774; x_wconf 86' lang='lat' dir='ltr'>maxime</span> <span class='ocrx_word' id='word_1_361' title='bbox 982 2738 1140 2782; x_wconf 87' lang='lat' dir='ltr'>interest,</span> <span class='ocrx_word' id='word_1_362' title='bbox 1171 2750 1217 2775; x_wconf 90' lang='lat' dir='ltr'>ut-</span> 
     </span>
    </p>
   </div>
   <div class='ocr_carea' id='block_1_11' title="bbox 172 2787 1209 2990">
    <p class='ocr_par' dir='ltr' id='par_1_13' title="bbox 184 2787 825 2836">
     <span class='ocr_line' id='line_1_48' title="bbox 184 2787 825 2836; baseline -0.002 -10"><span class='ocrx_word' id='word_1_363' title='bbox 184 2790 297 2827; x_wconf 81' lang='lat' dir='ltr'>aediles</span> <span class='ocrx_word' id='word_1_364' title='bbox 313 2789 372 2827; x_wconf 91' lang='lat' dir='ltr'>suo</span> <span class='ocrx_word' id='word_1_365' title='bbox 391 2791 452 2826; x_wconf 91' lang='lat' dir='ltr'>rite</span> <span class='ocrx_word' id='word_1_366' title='bbox 469 2801 613 2826; x_wconf 88' lang='lat' dir='ltr'>munere</span> <span class='ocrx_word' id='word_1_367' title='bbox 631 2787 825 2836; x_wconf 69' lang='lat' dir='ltr'>fungamur.</span> 
     </span>
    </p>

    <p class='ocr_par' dir='ltr' id='par_1_14' title="bbox 172 2837 1209 2990">
     <span class='ocr_line' id='line_1_49' title="bbox 243 2837 1203 2890; baseline 0.001 -13"><span class='ocrx_word' id='word_1_368' title='bbox 243 2845 394 2890; x_wconf 71' lang='lat' dir='ltr'>suscepta</span> <span class='ocrx_word' id='word_1_369' title='bbox 414 2852 548 2878; x_wconf 88' lang='lat' dir='ltr'>morum</span> <span class='ocrx_word' id='word_1_370' title='bbox 568 2839 805 2884; x_wconf 52' lang='lat' dir='ltr'>correctione]</span> <span class='ocrx_word' id='word_1_371' title='bbox 839 2839 891 2875; x_wconf 86' lang='lat' dir='ltr'>Sic</span> <span class='ocrx_word' id='word_1_372' title='bbox 909 2837 991 2874; x_wconf 86' lang='lat' dir='ltr'>Tib.</span> <span class='ocrx_word' id='word_1_373' title='bbox 1012 2849 1088 2887; x_wconf 80' lang='lat' dir='ltr'>cap.</span> <span class='ocrx_word' id='word_1_374' title='bbox 1099 2851 1162 2876; x_wconf 67' lang='grc' dir='ltr'>κω</span> <span class='ocrx_word' id='word_1_375' title='bbox 1176 2854 1203 2878; x_wconf 87' lang='lat'>1.</span> 
     </span>
     <span class='ocr_line' id='line_1_50' title="bbox 186 2889 1208 2941; baseline 0 -14"><span class='ocrx_word' id='word_1_376' title='bbox 186 2891 224 2928; x_wconf 83' lang='lat' dir='ltr'>in</span> <span class='ocrx_word' id='word_1_377' title='bbox 250 2892 320 2941; x_wconf 78' lang='lat' dir='ltr'>ipsa</span> <span class='ocrx_word' id='word_1_378' title='bbox 329 2891 539 2940; x_wconf 81' lang='lat' dir='ltr'>publicorum</span> <span class='ocrx_word' id='word_1_379' title='bbox 559 2902 692 2926; x_wconf 86' lang='lat' dir='ltr'>morum</span> <span class='ocrx_word' id='word_1_380' title='bbox 721 2889 926 2926; x_wconf 66' lang='lat' dir='ltr'>correelione.</span> <span class='ocrx_word' id='word_1_381' title='bbox 983 2890 1208 2927; x_wconf 87' lang='lat' dir='ltr'>Domitianus</span> 
     </span>
     <span class='ocr_line' id='line_1_51' title="bbox 172 2937 1209 2990; baseline -0.002 -12"><span class='ocrx_word' id='word_1_382' title='bbox 172 2952 307 2979; x_wconf 41' lang='lat' dir='ltr'>»autem</span> <span class='ocrx_word' id='word_1_383' title='bbox 335 2941 480 2980; x_wconf 82' lang='lat' dir='ltr'>Caesaris</span> <span class='ocrx_word' id='word_1_384' title='bbox 515 2941 690 2979; x_wconf 64' lang='lat' dir='ltr'>dictatoris</span> <span class='ocrx_word' id='word_1_385' title='bbox 724 2939 886 2990; x_wconf 87' lang='lat' dir='ltr'>exemplo</span> <span class='ocrx_word' id='word_1_386' title='bbox 914 2937 1127 2976; x_wconf 84' lang='lat' dir='ltr'>consulatum</span> <span class='ocrx_word' id='word_1_387' title='bbox 1174 2942 1209 2976; x_wconf 90' lang='lat' dir='ltr'>in</span> 
     </span>
    </p>
   </div>
   <div class='ocr_carea' id='block_1_12' title="bbox 2089 866 2286 911">
    <p class='ocr_par' dir='ltr' id='par_1_15' title="bbox 2089 866 2286 911">
     <span class='ocr_line' id='line_1_52' title="bbox 2089 866 2286 911; baseline 0.01 -2"><span class='ocrx_word' id='word_1_388' title='bbox 2089 866 2286 911; x_wconf 83' lang='lat' dir='ltr'>monium</span> 
     </span>
    </p>
   </div>
   <div class='ocr_carea' id='block_1_13' title="bbox 1251 930 2292 2507">
    <p class='ocr_par' dir='ltr' id='par_1_16' title="bbox 1259 930 2290 1033">
     <span class='ocr_line' id='line_1_53' title="bbox 1259 930 2290 986; baseline 0.004 -17"><span class='ocrx_word' id='word_1_389' title='bbox 1259 930 1305 968; x_wconf 89' lang='lat' dir='ltr'>At</span> <span class='ocrx_word' id='word_1_390' title='bbox 1325 944 1445 971; x_wconf 82' lang='lat' dir='ltr'>contra</span> <span class='ocrx_word' id='word_1_391' title='bbox 1462 933 1598 986; x_wconf 86' lang='lat' dir='ltr'>semper</span> <span class='ocrx_word' id='word_1_392' title='bbox 1621 934 1724 972; x_wconf 83' lang='lat' dir='ltr'>serius</span> <span class='ocrx_word' id='word_1_393' title='bbox 1741 945 1783 971; x_wconf 85' lang='lat' dir='ltr'>ac</span> <span class='ocrx_word' id='word_1_394' title='bbox 1805 943 1912 970; x_wconf 77' lang='lat' dir='ltr'>verax</span> <span class='ocrx_word' id='word_1_395' title='bbox 1933 933 2089 977; x_wconf 75' lang='lat' dir='ltr'>juvenal.</span> <span class='ocrx_word' id='word_1_396' title='bbox 2119 948 2200 972; x_wconf 87' lang='lat' dir='ltr'>eum</span> <span class='ocrx_word' id='word_1_397' title='bbox 2218 937 2290 974; x_wconf 70' lang='lat' dir='ltr'>irri-</span> 
     </span>
     <span class='ocr_line' id='line_1_54' title="bbox 1259 981 2243 1033; baseline 0.003 -14"><span class='ocrx_word' id='word_1_398' title='bbox 1259 981 1336 1028; x_wconf 88' lang='lat' dir='ltr'>det,</span> <span class='ocrx_word' id='word_1_399' title='bbox 1366 998 1449 1022; x_wconf 83' lang='lat' dir='ltr'>cum</span> <span class='ocrx_word' id='word_1_400' title='bbox 1469 987 1537 1031; x_wconf 81' lang='lat' dir='ltr'>ait,</span> <span class='ocrx_word' id='word_1_401' title='bbox 1565 986 1699 1023; x_wconf 84' lang='lat' dir='ltr'>caderet</span> <span class='ocrx_word' id='word_1_402' title='bbox 1715 984 1898 1033; x_wconf 73' lang='lat' dir='ltr'>subjudice</span> <span class='ocrx_word' id='word_1_403' title='bbox 1918 995 2074 1025; x_wconf 81' lang='lat' dir='ltr'>morum,</span> <span class='ocrx_word' id='word_1_404' title='bbox 2105 987 2172 1021; x_wconf 86' lang='lat' dir='ltr'>Sat.</span> <span class='ocrx_word' id='word_1_405' title='bbox 2190 999 2243 1024; x_wconf 85' lang='lat' dir='ltr'>iv.</span> 
     </span>
    </p>

    <p class='ocr_par' dir='ltr' id='par_1_17' title="bbox 1255 1031 2290 1341">
     <span class='ocr_line' id='line_1_55' title="bbox 1315 1031 2290 1085; baseline 0 -15"><span class='ocrx_word' id='word_1_406' title='bbox 1315 1040 1357 1070; x_wconf 82' lang='lat' dir='ltr'>In</span> <span class='ocrx_word' id='word_1_407' title='bbox 1374 1037 1486 1085; x_wconf 79' lang='lat' dir='ltr'>equite</span> <span class='ocrx_word' id='word_1_408' title='bbox 1496 1033 1711 1085; x_wconf 48' lang='lat' dir='ltr'>spectanda]</span> <span class='ocrx_word' id='word_1_409' title='bbox 1742 1034 1784 1072; x_wconf 79' lang='lat' dir='ltr'>ld</span> <span class='ocrx_word' id='word_1_410' title='bbox 1804 1033 1875 1076; x_wconf 86' lang='lat' dir='ltr'>est,</span> <span class='ocrx_word' id='word_1_411' title='bbox 1900 1034 1936 1069; x_wconf 75' lang='lat' dir='ltr'>in</span> <span class='ocrx_word' id='word_1_412' title='bbox 1957 1031 2191 1082; x_wconf 87' lang='lat' dir='ltr'>equestribus,</span> <span class='ocrx_word' id='word_1_413' title='bbox 2217 1034 2290 1073; x_wconf 82' lang='lat' dir='ltr'>five</span> 
     </span>
     <span class='ocr_line' id='line_1_56' title="bbox 1260 1083 2288 1138; baseline 0.003 -18"><span class='ocrx_word' id='word_1_414' title='bbox 1260 1086 1413 1135; x_wconf 89' lang='lat' dir='ltr'>equitum</span> <span class='ocrx_word' id='word_1_415' title='bbox 1437 1089 1572 1132; x_wconf 88' lang='lat' dir='ltr'>cuneis,</span> <span class='ocrx_word' id='word_1_416' title='bbox 1601 1099 1637 1124; x_wconf 90' lang='lat' dir='ltr'>ut</span> <span class='ocrx_word' id='word_1_417' title='bbox 1655 1100 1723 1138; x_wconf 78' lang='lat' dir='ltr'>ego</span> <span class='ocrx_word' id='word_1_418' title='bbox 1740 1087 1955 1135; x_wconf 87' lang='lat' dir='ltr'>interpretor.</span> <span class='ocrx_word' id='word_1_419' title='bbox 2014 1083 2124 1132; x_wconf 80' lang='lat' dir='ltr'>Qod</span> <span class='ocrx_word' id='word_1_420' title='bbox 2140 1085 2197 1134; x_wconf 88' lang='lat' dir='ltr'>qui</span> <span class='ocrx_word' id='word_1_421' title='bbox 2216 1098 2288 1123; x_wconf 80' lang='lat' dir='ltr'>nou</span> 
     </span>
     <span class='ocr_line' id='line_1_57' title="bbox 1258 1136 2290 1185; baseline 0 -15"><span class='ocrx_word' id='word_1_422' title='bbox 1258 1136 1475 1182; x_wconf 87' lang='lat' dir='ltr'>intellexere,</span> <span class='ocrx_word' id='word_1_423' title='bbox 1506 1138 1627 1176; x_wconf 88' lang='lat' dir='ltr'>locum</span> <span class='ocrx_word' id='word_1_424' title='bbox 1649 1139 1743 1175; x_wconf 84' lang='lat' dir='ltr'>varie</span> <span class='ocrx_word' id='word_1_425' title='bbox 1762 1145 1998 1185; x_wconf 86' lang='lat' dir='ltr'>corruperunt.</span> <span class='ocrx_word' id='word_1_426' title='bbox 2041 1146 2126 1171; x_wconf 84' lang='lat' dir='ltr'>nam</span> <span class='ocrx_word' id='word_1_427' title='bbox 2154 1139 2192 1173; x_wconf 87' lang='lat'>&amp;</span> <span class='ocrx_word' id='word_1_428' title='bbox 2215 1144 2290 1182; x_wconf 83' lang='lat' dir='ltr'>pro-</span> 
     </span>
     <span class='ocr_line' id='line_1_58' title="bbox 1256 1185 2287 1238; baseline 0.002 -17"><span class='ocrx_word' id='word_1_429' title='bbox 1256 1186 1386 1235; x_wconf 77' lang='lat' dir='ltr'>mzscua</span> <span class='ocrx_word' id='word_1_430' title='bbox 1401 1189 1602 1238; x_wconf 81' lang='lat' dir='ltr'>iniquitate,</span> <span class='ocrx_word' id='word_1_431' title='bbox 1634 1192 1696 1232; x_wconf 89' lang='lat'>&amp;‚</span> <span class='ocrx_word' id='word_1_432' title='bbox 1714 1186 1898 1236; x_wconf 81' lang='lat' dir='ltr'>promiscue</span> <span class='ocrx_word' id='word_1_433' title='bbox 1921 1188 1958 1222; x_wconf 84' lang='lat' dir='ltr'>in</span> <span class='ocrx_word' id='word_1_434' title='bbox 1978 1185 2131 1234; x_wconf 60' lang='lat' dir='ltr'>equitate</span> <span class='ocrx_word' id='word_1_435' title='bbox 2154 1186 2287 1234; x_wconf 72' lang='lat' dir='ltr'>legitur.</span> 
     </span>
     <span class='ocr_line' id='line_1_59' title="bbox 1255 1233 2288 1289; baseline 0.003 -17"><span class='ocrx_word' id='word_1_436' title='bbox 1255 1238 1439 1276; x_wconf 83' lang='lat' dir='ltr'>Sabellicus</span> <span class='ocrx_word' id='word_1_437' title='bbox 1455 1253 1540 1277; x_wconf 89' lang='lat' dir='ltr'>vero</span> <span class='ocrx_word' id='word_1_438' title='bbox 1554 1241 1736 1289; x_wconf 67' lang='lat' dir='ltr'>promiscue</span> <span class='ocrx_word' id='word_1_439' title='bbox 1754 1236 1807 1282; x_wconf 60' lang='grc' dir='ltr'>Εἴ</span> <span class='ocrx_word' id='word_1_440' title='bbox 1824 1235 1975 1286; x_wconf 77' lang='lat' dir='ltr'>inquiete</span> <span class='ocrx_word' id='word_1_441' title='bbox 1992 1263 2004 1280; x_wconf 88' lang='lat'>,</span> <span class='ocrx_word' id='word_1_442' title='bbox 2035 1233 2063 1271; x_wconf 75' lang='lat' dir='ltr'>fi</span> <span class='ocrx_word' id='word_1_443' title='bbox 2078 1236 2141 1273; x_wconf 80' lang='lat' dir='ltr'>diis</span> <span class='ocrx_word' id='word_1_444' title='bbox 2164 1238 2288 1289; x_wconf 81' lang='lat' dir='ltr'>placet.</span> 
     </span>
     <span class='ocr_line' id='line_1_60' title="bbox 1260 1288 1617 1341; baseline 0.006 -15"><span class='ocrx_word' id='word_1_445' title='bbox 1260 1288 1349 1326; x_wconf 89' lang='lat' dir='ltr'>Vide</span> <span class='ocrx_word' id='word_1_446' title='bbox 1369 1292 1456 1327; x_wconf 88' lang='lat' dir='ltr'>Ner.</span> <span class='ocrx_word' id='word_1_447' title='bbox 1475 1302 1617 1341; x_wconf 83' lang='lat' dir='ltr'>cap.x1.</span> 
     </span>
    </p>

    <p class='ocr_par' dir='ltr' id='par_1_18' title="bbox 1314 1336 2282 1390">
     <span class='ocr_line' id='line_1_61' title="bbox 1314 1336 2282 1390; baseline 0.001 -15"><span class='ocrx_word' id='word_1_448' title='bbox 1314 1340 1445 1389; x_wconf 75' lang='lat' dir='ltr'>Scripta</span> <span class='ocrx_word' id='word_1_449' title='bbox 1458 1339 1629 1389; x_wconf 59' lang='lat' dir='ltr'>samafra]</span> <span class='ocrx_word' id='word_1_450' title='bbox 1661 1338 1755 1378; x_wconf 90' lang='lat' dir='ltr'>Vide</span> <span class='ocrx_word' id='word_1_451' title='bbox 1773 1351 1849 1390; x_wconf 87' lang='lat' dir='ltr'>quae</span> <span class='ocrx_word' id='word_1_452' title='bbox 1868 1337 1986 1375; x_wconf 87' lang='lat' dir='ltr'>notavi</span> <span class='ocrx_word' id='word_1_453' title='bbox 2007 1336 2098 1386; x_wconf 81' lang='lat' dir='ltr'>Aug.</span> <span class='ocrx_word' id='word_1_454' title='bbox 2120 1348 2198 1386; x_wconf 86' lang='lat' dir='ltr'>cap.</span> <span class='ocrx_word' id='word_1_455' title='bbox 2224 1348 2282 1376; x_wconf 70' lang='lat' dir='ltr'>tv.</span> 
     </span>
    </p>

    <p class='ocr_par' dir='ltr' id='par_1_19' title="bbox 1259 1386 2287 1490">
     <span class='ocr_line' id='line_1_62' title="bbox 1313 1386 2287 1439; baseline 0 -13"><span class='ocrx_word' id='word_1_456' title='bbox 1313 1391 1530 1438; x_wconf 70' lang='lat' dir='ltr'>Qaestorium</span> <span class='ocrx_word' id='word_1_457' title='bbox 1551 1391 1715 1439; x_wconf 71' lang='lat' dir='ltr'>virum]</span> <span class='ocrx_word' id='word_1_458' title='bbox 1748 1389 1928 1427; x_wconf 89' lang='lat' dir='ltr'>Caecilium</span> <span class='ocrx_word' id='word_1_459' title='bbox 1946 1386 2120 1426; x_wconf 86' lang='lat' dir='ltr'>Rufinum</span> <span class='ocrx_word' id='word_1_460' title='bbox 2137 1388 2287 1439; x_wconf 77' lang='lat' dir='ltr'>appellat</span> 
     </span>
     <span class='ocr_line' id='line_1_63' title="bbox 1259 1441 1645 1490; baseline 0 -12"><span class='ocrx_word' id='word_1_461' title='bbox 1259 1441 1421 1490; x_wconf 88' lang='lat' dir='ltr'>Xiphilin.</span> <span class='ocrx_word' id='word_1_462' title='bbox 1642 1453 1645 1457; x_wconf 64' lang='lat'>‘</span> 
     </span>
    </p>

    <p class='ocr_par' dir='ltr' id='par_1_20' title="bbox 1251 1489 2292 2199">
     <span class='ocr_line' id='line_1_64' title="bbox 1313 1489 2289 1541; baseline -0.003 -13"><span class='ocrx_word' id='word_1_463' title='bbox 1313 1491 1671 1541; x_wconf 76' lang='lat' dir='ltr'>Probrofisf&#39;eminis.]</span> <span class='ocrx_word' id='word_1_464' title='bbox 1713 1490 1860 1529; x_wconf 79' lang='lat' dir='ltr'>Easdem</span> <span class='ocrx_word' id='word_1_465' title='bbox 1901 1490 1962 1538; x_wconf 90' lang='lat' dir='ltr'>(ut</span> <span class='ocrx_word' id='word_1_466' title='bbox 1990 1489 2097 1541; x_wconf 87' lang='lat' dir='ltr'>puto)</span> <span class='ocrx_word' id='word_1_467' title='bbox 2134 1489 2289 1536; x_wconf 71' lang='lat' dir='ltr'>famosas</span> 
     </span>
     <span class='ocr_line' id='line_1_65' title="bbox 1259 1539 2289 1595; baseline -0.002 -17"><span class='ocrx_word' id='word_1_468' title='bbox 1259 1554 1363 1579; x_wconf 88' lang='lat' dir='ltr'>vocat</span> <span class='ocrx_word' id='word_1_469' title='bbox 1382 1544 1464 1581; x_wconf 87' lang='lat' dir='ltr'>Tib.</span> <span class='ocrx_word' id='word_1_470' title='bbox 1484 1555 1558 1595; x_wconf 89' lang='lat' dir='ltr'>cap.</span> <span class='ocrx_word' id='word_1_471' title='bbox 1580 1557 1681 1581; x_wconf 85' lang='lat' dir='ltr'>xxxv.</span> <span class='ocrx_word' id='word_1_472' title='bbox 1721 1540 1806 1579; x_wconf 81' lang='lat' dir='ltr'>ficut</span> <span class='ocrx_word' id='word_1_473' title='bbox 1836 1545 1874 1578; x_wconf 77' lang='grc' dir='ltr'>ὃ(</span> <span class='ocrx_word' id='word_1_474' title='bbox 1906 1541 2044 1592; x_wconf 85' lang='lat' dir='ltr'>Ulpian.</span> <span class='ocrx_word' id='word_1_475' title='bbox 2073 1540 2094 1578; x_wconf 95' lang='lat' dir='ltr'>l.</span> <span class='ocrx_word' id='word_1_476' title='bbox 2123 1554 2176 1577; x_wconf 91' lang='lat'>11.</span> <span class='ocrx_word' id='word_1_477' title='bbox 2234 1539 2289 1577; x_wconf 82' lang='lat' dir='ltr'>Ad</span> 
     </span>
     <span class='ocr_line' id='line_1_66' title="bbox 1257 1590 2289 1642; baseline -0.003 -12"><span class='ocrx_word' id='word_1_478' title='bbox 1257 1594 1345 1631; x_wconf 82' lang='lat' dir='ltr'>S.C.</span> <span class='ocrx_word' id='word_1_479' title='bbox 1366 1594 1641 1637; x_wconf 67' lang='lat' dir='ltr'>Tertullianum,</span> <span class='ocrx_word' id='word_1_480' title='bbox 1671 1597 1710 1631; x_wconf 88' lang='lat'>&amp;</span> <span class='ocrx_word' id='word_1_481' title='bbox 1728 1593 1882 1630; x_wconf 87' lang='lat' dir='ltr'>maxime</span> <span class='ocrx_word' id='word_1_482' title='bbox 1902 1592 2046 1642; x_wconf 86' lang='lat' dir='ltr'>quidem</span> <span class='ocrx_word' id='word_1_483' title='bbox 2062 1591 2110 1628; x_wconf 86' lang='lat' dir='ltr'>ob</span> <span class='ocrx_word' id='word_1_484' title='bbox 2121 1590 2289 1640; x_wconf 82' lang='lat' dir='ltr'>stuprum,</span> 
     </span>
     <span class='ocr_line' id='line_1_67' title="bbox 1259 1640 2288 1694; baseline 0 -16"><span class='ocrx_word' id='word_1_485' title='bbox 1259 1654 1317 1679; x_wconf 86' lang='lat' dir='ltr'>aut</span> <span class='ocrx_word' id='word_1_486' title='bbox 1336 1644 1558 1683; x_wconf 79' lang='lat' dir='ltr'>lenocinium.</span> <span class='ocrx_word' id='word_1_487' title='bbox 1611 1644 1781 1694; x_wconf 85' lang='lat' dir='ltr'>probrum</span> <span class='ocrx_word' id='word_1_488' title='bbox 1808 1644 1904 1680; x_wconf 88' lang='lat' dir='ltr'>enim</span> <span class='ocrx_word' id='word_1_489' title='bbox 1929 1643 1965 1679; x_wconf 88' lang='lat' dir='ltr'>in</span> <span class='ocrx_word' id='word_1_490' title='bbox 1991 1640 2123 1679; x_wconf 87' lang='lat' dir='ltr'>femina</span> <span class='ocrx_word' id='word_1_491' title='bbox 2151 1642 2288 1691; x_wconf 85' lang='lat' dir='ltr'>proprie</span> 
     </span>
     <span class='ocr_line' id='line_1_68' title="bbox 1260 1691 2292 1744; baseline 0 -14"><span class='ocrx_word' id='word_1_492' title='bbox 1260 1693 1415 1743; x_wconf 87' lang='lat' dir='ltr'>stuprum</span> <span class='ocrx_word' id='word_1_493' title='bbox 1446 1695 1503 1734; x_wconf 85' lang='lat' dir='ltr'>est.</span> <span class='ocrx_word' id='word_1_494' title='bbox 1581 1699 1628 1733; x_wconf 89' lang='lat' dir='ltr'>Ut</span> <span class='ocrx_word' id='word_1_495' title='bbox 1656 1708 1738 1732; x_wconf 89' lang='lat' dir='ltr'>cum</span> <span class='ocrx_word' id='word_1_496' title='bbox 1766 1693 1936 1744; x_wconf 87' lang='lat' dir='ltr'>probrum</span> <span class='ocrx_word' id='word_1_497' title='bbox 1966 1694 2105 1742; x_wconf 80' lang='lat' dir='ltr'>virginis</span> <span class='ocrx_word' id='word_1_498' title='bbox 2145 1691 2292 1730; x_wconf 79' lang='lat' dir='ltr'>Vestalis</span> 
     </span>
     <span class='ocr_line' id='line_1_69' title="bbox 1261 1741 2291 1797; baseline -0.003 -16"><span class='ocrx_word' id='word_1_499' title='bbox 1261 1747 1370 1795; x_wconf 85' lang='lat' dir='ltr'>capite</span> <span class='ocrx_word' id='word_1_500' title='bbox 1395 1748 1502 1797; x_wconf 83' lang='lat' dir='ltr'>puniri</span> <span class='ocrx_word' id='word_1_501' title='bbox 1521 1775 1533 1790; x_wconf 94' lang='lat'>,</span> <span class='ocrx_word' id='word_1_502' title='bbox 1569 1747 1683 1784; x_wconf 84' lang='lat' dir='ltr'>virum</span> <span class='ocrx_word' id='word_1_503' title='bbox 1703 1746 1760 1797; x_wconf 89' lang='lat' dir='ltr'>qui</span> <span class='ocrx_word' id='word_1_504' title='bbox 1782 1757 1863 1782; x_wconf 84' lang='lat' dir='ltr'>eam</span> <span class='ocrx_word' id='word_1_505' title='bbox 1893 1741 2115 1782; x_wconf 79' lang='lat' dir='ltr'>incestaviffet</span> <span class='ocrx_word' id='word_1_506' title='bbox 2139 1742 2291 1779; x_wconf 83' lang='lat' dir='ltr'>verberi-</span> 
     </span>
     <span class='ocr_line' id='line_1_70' title="bbox 1262 1793 2287 1845; baseline 0 -14"><span class='ocrx_word' id='word_1_507' title='bbox 1262 1794 1332 1832; x_wconf 62' lang='lat' dir='ltr'>bus*</span> <span class='ocrx_word' id='word_1_508' title='bbox 1351 1798 1468 1834; x_wconf 84' lang='lat' dir='ltr'>necari</span> <span class='ocrx_word' id='word_1_509' title='bbox 1495 1797 1546 1833; x_wconf 90' lang='lat' dir='ltr'>lex</span> <span class='ocrx_word' id='word_1_510' title='bbox 1576 1797 1669 1842; x_wconf 83' lang='lat' dir='ltr'>jubet</span> <span class='ocrx_word' id='word_1_511' title='bbox 1686 1826 1698 1841; x_wconf 91' lang='lat'>,</span> <span class='ocrx_word' id='word_1_512' title='bbox 1744 1796 1788 1832; x_wconf 87' lang='lat' dir='ltr'>de</span> <span class='ocrx_word' id='word_1_513' title='bbox 1815 1807 1881 1845; x_wconf 84' lang='lat' dir='ltr'>qua</span> <span class='ocrx_word' id='word_1_514' title='bbox 1908 1794 2020 1831; x_wconf 85' lang='lat' dir='ltr'>Festus</span> <span class='ocrx_word' id='word_1_515' title='bbox 2048 1795 2082 1830; x_wconf 89' lang='lat' dir='ltr'>in</span> <span class='ocrx_word' id='word_1_516' title='bbox 2110 1793 2287 1831; x_wconf 80' lang='lat' dir='ltr'>Probrum.</span> 
     </span>
     <span class='ocr_line' id='line_1_71' title="bbox 1263 1841 2291 1899; baseline -0.002 -17"><span class='ocrx_word' id='word_1_517' title='bbox 1263 1847 1388 1884; x_wconf 83' lang='lat' dir='ltr'>Cicero</span> <span class='ocrx_word' id='word_1_518' title='bbox 1416 1847 1560 1899; x_wconf 89' lang='lat' dir='ltr'>Philipp.</span> <span class='ocrx_word' id='word_1_519' title='bbox 1595 1862 1646 1884; x_wconf 85' lang='lat'>11.</span> <span class='ocrx_word' id='word_1_520' title='bbox 1683 1846 1802 1883; x_wconf 83' lang='lat' dir='ltr'>Probri</span> <span class='ocrx_word' id='word_1_521' title='bbox 1829 1841 2291 1893; x_wconf 69' lang='lat' dir='ltr'>infimulastipudiclffunam</span> 
     </span>
     <span class='ocr_line' id='line_1_72' title="bbox 1251 1893 2292 1949; baseline -0.006 -15"><span class='ocrx_word' id='word_1_522' title='bbox 1251 1897 1438 1942; x_wconf 81' lang='lat' dir='ltr'>feminam.</span> <span class='ocrx_word' id='word_1_523' title='bbox 1477 1897 1656 1949; x_wconf 79' lang='lat' dir='ltr'>Lamprid.</span> <span class='ocrx_word' id='word_1_524' title='bbox 1688 1895 1886 1934; x_wconf 85' lang='lat' dir='ltr'>Alexandro</span> <span class='ocrx_word' id='word_1_525' title='bbox 1906 1910 1916 1929; x_wconf 95' lang='grc'>.·</span> <span class='ocrx_word' id='word_1_526' title='bbox 1959 1901 1996 1931; x_wconf 81' lang='grc' dir='ltr'>,Α</span> <span class='ocrx_word' id='word_1_527' title='bbox 2017 1893 2212 1947; x_wconf 67' lang='lat' dir='ltr'>mulieribus</span> <span class='ocrx_word' id='word_1_528' title='bbox 2228 1895 2292 1940; x_wconf 85' lang='lat' dir='ltr'>fa-</span> 
     </span>
     <span class='ocr_line' id='line_1_73' title="bbox 1261 1943 2288 1997; baseline -0.002 -16"><span class='ocrx_word' id='word_1_529' title='bbox 1261 1948 1353 1997; x_wconf 76' lang='lat' dir='ltr'>mosis</span> <span class='ocrx_word' id='word_1_530' title='bbox 1381 1960 1529 1986; x_wconf 80' lang='lat' dir='ltr'>matrem</span> <span class='ocrx_word' id='word_1_531' title='bbox 1548 1977 1559 1992; x_wconf 93' lang='lat'>,</span> <span class='ocrx_word' id='word_1_532' title='bbox 1599 1947 1652 1991; x_wconf 52' lang='grc' dir='ltr'>ἷς</span> <span class='ocrx_word' id='word_1_533' title='bbox 1691 1960 1829 1984; x_wconf 82' lang='lat' dir='ltr'>uxorem</span> <span class='ocrx_word' id='word_1_534' title='bbox 1857 1944 1961 1993; x_wconf 74' lang='lat' dir='ltr'>suam</span> <span class='ocrx_word' id='word_1_535' title='bbox 1985 1943 2132 1992; x_wconf 68' lang='lat' dir='ltr'>salutari</span> <span class='ocrx_word' id='word_1_536' title='bbox 2163 1945 2288 1983; x_wconf 61' lang='lat' dir='ltr'>vetuft.</span> 
     </span>
     <span class='ocr_line' id='line_1_74' title="bbox 1258 1994 2289 2049; baseline -0.002 -15"><span class='ocrx_word' id='word_1_537' title='bbox 1258 1998 1358 2035; x_wconf 85' lang='lat' dir='ltr'>Adde</span> <span class='ocrx_word' id='word_1_538' title='bbox 1378 2002 1522 2037; x_wconf 80' lang='lat' dir='ltr'>Catonis</span> <span class='ocrx_word' id='word_1_539' title='bbox 1537 1999 1643 2036; x_wconf 88' lang='lat' dir='ltr'>verba</span> <span class='ocrx_word' id='word_1_540' title='bbox 1661 1998 1751 2049; x_wconf 86' lang='lat' dir='ltr'>apud</span> <span class='ocrx_word' id='word_1_541' title='bbox 1772 1995 1920 2034; x_wconf 87' lang='lat' dir='ltr'>Gellium</span> <span class='ocrx_word' id='word_1_542' title='bbox 1940 1994 1998 2032; x_wconf 86' lang='lat' dir='ltr'>lib.</span> <span class='ocrx_word' id='word_1_543' title='bbox 2015 2009 2050 2031; x_wconf 87' lang='lat' dir='ltr'>x.</span> <span class='ocrx_word' id='word_1_544' title='bbox 2071 2007 2145 2043; x_wconf 80' lang='lat' dir='ltr'>cap.</span> <span class='ocrx_word' id='word_1_545' title='bbox 2157 2007 2219 2031; x_wconf 84' lang='lat' dir='ltr'>xxi</span> <span class='ocrx_word' id='word_1_546' title='bbox 2233 2009 2245 2032; x_wconf 90' lang='lat'>1</span> <span class='ocrx_word' id='word_1_547' title='bbox 2259 2009 2289 2033; x_wconf 74' lang='lat'>1.</span> 
     </span>
     <span class='ocr_line' id='line_1_75' title="bbox 1258 2046 2287 2100; baseline -0.005 -15"><span class='ocrx_word' id='word_1_548' title='bbox 1258 2052 1293 2085; x_wconf 71' lang='grc' dir='ltr'>ὃ(</span> <span class='ocrx_word' id='word_1_549' title='bbox 1312 2048 1514 2087; x_wconf 74' lang='lat' dir='ltr'>festiviisinii</span> <span class='ocrx_word' id='word_1_550' title='bbox 1534 2050 1686 2087; x_wconf 86' lang='lat' dir='ltr'>hominis</span> <span class='ocrx_word' id='word_1_551' title='bbox 1706 2047 1804 2100; x_wconf 70' lang='lat' dir='ltr'>Egilii</span> <span class='ocrx_word' id='word_1_552' title='bbox 1820 2050 1941 2094; x_wconf 69' lang='lat' dir='ltr'>jocum</span> <span class='ocrx_word' id='word_1_553' title='bbox 1959 2047 1994 2082; x_wconf 91' lang='lat' dir='ltr'>in</span> <span class='ocrx_word' id='word_1_554' title='bbox 2019 2046 2287 2094; x_wconf 76' lang='lat' dir='ltr'>QOpimium,</span> 
     </span>
     <span class='ocr_line' id='line_1_76' title="bbox 1255 2096 2287 2152; baseline -0.006 -15"><span class='ocrx_word' id='word_1_555' title='bbox 1255 2100 1473 2152; x_wconf 74' lang='lat' dir='ltr'>consularem</span> <span class='ocrx_word' id='word_1_556' title='bbox 1489 2129 1501 2144; x_wconf 92' lang='lat'>‚</span> <span class='ocrx_word' id='word_1_557' title='bbox 1535 2099 1592 2137; x_wconf 92' lang='lat' dir='ltr'>lib.</span> <span class='ocrx_word' id='word_1_558' title='bbox 1620 2115 1631 2137; x_wconf 87' lang='lat'>1</span> <span class='ocrx_word' id='word_1_559' title='bbox 1644 2114 1673 2137; x_wconf 88' lang='lat'>1.</span> <span class='ocrx_word' id='word_1_560' title='bbox 1722 2101 1765 2136; x_wconf 92' lang='lat' dir='ltr'>de</span> <span class='ocrx_word' id='word_1_561' title='bbox 1786 2102 1962 2141; x_wconf 83' lang='lat' dir='ltr'>Oratore,</span> <span class='ocrx_word' id='word_1_562' title='bbox 1995 2109 2078 2133; x_wconf 84' lang='lat' dir='ltr'>nam</span> <span class='ocrx_word' id='word_1_563' title='bbox 2100 2109 2153 2133; x_wconf 85' lang='lat' dir='ltr'>me</span> <span class='ocrx_word' id='word_1_564' title='bbox 2170 2096 2287 2143; x_wconf 65' lang='lat' dir='ltr'>adfia-</span> 
     </span>
     <span class='ocr_line' id='line_1_77' title="bbox 1256 2151 1816 2199; baseline 0 -12"><span class='ocrx_word' id='word_1_565' title='bbox 1256 2151 1364 2199; x_wconf 75' lang='lat' dir='ltr'>mosas</span> <span class='ocrx_word' id='word_1_566' title='bbox 1387 2153 1501 2187; x_wconf 87' lang='lat' dir='ltr'>vetuit</span> <span class='ocrx_word' id='word_1_567' title='bbox 1517 2160 1630 2187; x_wconf 80' lang='lat' dir='ltr'>mater</span> <span class='ocrx_word' id='word_1_568' title='bbox 1650 2153 1816 2188; x_wconf 77' lang='lat' dir='ltr'>accedere.</span> 
     </span>
    </p>

    <p class='ocr_par' dir='ltr' id='par_1_21' title="bbox 1256 2195 2281 2304">
     <span class='ocr_line' id='line_1_78' title="bbox 1311 2195 2281 2251; baseline -0.003 -13"><span class='ocrx_word' id='word_1_569' title='bbox 1311 2202 1446 2251; x_wconf 65' lang='lat' dir='ltr'>Jusque</span> <span class='ocrx_word' id='word_1_570' title='bbox 1463 2202 1621 2249; x_wconf 73' lang='lat' dir='ltr'>capiendi</span> <span class='ocrx_word' id='word_1_571' title='bbox 1637 2201 1787 2251; x_wconf 60' lang='lat' dir='ltr'>legatas]</span> <span class='ocrx_word' id='word_1_572' title='bbox 1830 2199 1920 2237; x_wconf 86' lang='lat' dir='ltr'>Huic</span> <span class='ocrx_word' id='word_1_573' title='bbox 1939 2197 2006 2247; x_wconf 83' lang='lat' dir='ltr'>legi</span> <span class='ocrx_word' id='word_1_574' title='bbox 2024 2195 2184 2234; x_wconf 82' lang='lat' dir='ltr'>fraudem</span> <span class='ocrx_word' id='word_1_575' title='bbox 2205 2195 2281 2235; x_wconf 76' lang='lat' dir='ltr'>fieri</span> 
     </span>
     <span class='ocr_line' id='line_1_79' title="bbox 1256 2251 1781 2304; baseline -0.002 -14"><span class='ocrx_word' id='word_1_576' title='bbox 1256 2254 1476 2304; x_wconf 85' lang='lat' dir='ltr'>conqueritur</span> <span class='ocrx_word' id='word_1_577' title='bbox 1490 2251 1646 2296; x_wconf 85' lang='lat' dir='ltr'>Juvenal.</span> <span class='ocrx_word' id='word_1_578' title='bbox 1667 2256 1733 2290; x_wconf 82' lang='lat' dir='ltr'>Sat.</span> <span class='ocrx_word' id='word_1_579' title='bbox 1752 2266 1781 2289; x_wconf 79' lang='grc' dir='ltr'>ι.</span> 
     </span>
    </p>

    <p class='ocr_par' dir='ltr' id='par_1_22' title="bbox 1256 2297 2279 2507">
     <span class='ocr_line' id='line_1_80' title="bbox 1369 2297 2212 2351; baseline -0.007 -11"><span class='ocrx_word' id='word_1_580' title='bbox 1369 2308 1459 2340; x_wconf 80' lang='lat' dir='ltr'>Cum</span> <span class='ocrx_word' id='word_1_581' title='bbox 1474 2304 1546 2340; x_wconf 80' lang='lat' dir='ltr'>leno</span> <span class='ocrx_word' id='word_1_582' title='bbox 1564 2304 1709 2351; x_wconf 78' lang='lat' dir='ltr'>accipiat</span> <span class='ocrx_word' id='word_1_583' title='bbox 1733 2300 1856 2339; x_wconf 85' lang='lat' dir='ltr'>moechi</span> <span class='ocrx_word' id='word_1_584' title='bbox 1878 2299 1986 2343; x_wconf 85' lang='lat' dir='ltr'>bona,</span> <span class='ocrx_word' id='word_1_585' title='bbox 2008 2297 2041 2347; x_wconf 84' lang='lat' dir='ltr'><em>fi</em></span> <span class='ocrx_word' id='word_1_586' title='bbox 2058 2298 2212 2347; x_wconf 70' lang='lat' dir='ltr'>capiendi</span> 
     </span>
     <span class='ocr_line' id='line_1_81' title="bbox 1367 2354 1870 2401; baseline -0.004 -9"><span class='ocrx_word' id='word_1_587' title='bbox 1367 2356 1440 2401; x_wconf 80' lang='lat' dir='ltr'>Jus</span> <span class='ocrx_word' id='word_1_588' title='bbox 1461 2354 1593 2391; x_wconf 80' lang='lat' dir='ltr'>nullum</span> <span class='ocrx_word' id='word_1_589' title='bbox 1613 2354 1720 2391; x_wconf 77' lang='lat' dir='ltr'>uxori.</span> <span class='ocrx_word' id='word_1_590' title='bbox 1867 2386 1870 2390; x_wconf 87' lang='lat'>.</span> 
     </span>
     <span class='ocr_line' id='line_1_82' title="bbox 1259 2398 2279 2451; baseline -0.001 -12"><span class='ocrx_word' id='word_1_591' title='bbox 1259 2410 1419 2441; x_wconf 84' lang='lat' dir='ltr'>Lenonem</span> <span class='ocrx_word' id='word_1_592' title='bbox 1440 2405 1603 2441; x_wconf 81' lang='lat' dir='ltr'>adulterae</span> <span class='ocrx_word' id='word_1_593' title='bbox 1622 2405 1787 2440; x_wconf 82' lang='lat' dir='ltr'>maritum</span> <span class='ocrx_word' id='word_1_594' title='bbox 1798 2414 1949 2444; x_wconf 83' lang='lat' dir='ltr'>vocans,</span> <span class='ocrx_word' id='word_1_595' title='bbox 1979 2398 2279 2451; x_wconf 73' lang='lat' dir='ltr'>cuilegabatmoe-</span> 
     </span>
     <span class='ocr_line' id='line_1_83' title="bbox 1256 2452 1916 2507; baseline -0.002 -16"><span class='ocrx_word' id='word_1_596' title='bbox 1256 2456 1340 2493; x_wconf 87' lang='lat' dir='ltr'>chus</span> <span class='ocrx_word' id='word_1_597' title='bbox 1354 2456 1447 2507; x_wconf 89' lang='lat' dir='ltr'>quod</span> <span class='ocrx_word' id='word_1_598' title='bbox 1468 2458 1566 2493; x_wconf 86' lang='lat' dir='ltr'>uxori</span> <span class='ocrx_word' id='word_1_599' title='bbox 1591 2456 1703 2504; x_wconf 81' lang='lat' dir='ltr'>legare</span> <span class='ocrx_word' id='word_1_600' title='bbox 1725 2452 1916 2493; x_wconf 86' lang='lat' dir='ltr'>vetabatur.</span> 
     </span>
    </p>
   </div>
   <div class='ocr_carea' id='block_1_14' title="bbox 1578 2559 1986 2593">
    <p class='ocr_par' dir='ltr' id='par_1_23' title="bbox 1578 2559 1986 2593">
     <span class='ocr_line' id='line_1_84' title="bbox 1578 2559 1986 2593; baseline -0.01 0"><span class='ocrx_word' id='word_1_601' title='bbox 1578 2559 1986 2593; x_wconf 55' lang='lat' dir='ltr'>Cssxunou.</span> 
     </span>
    </p>
   </div>
   <div class='ocr_carea' id='block_1_15' title="bbox 1254 2624 2280 2987">
    <p class='ocr_par' dir='ltr' id='par_1_24' title="bbox 1254 2624 2278 2832">
     <span class='ocr_line' id='line_1_85' title="bbox 1310 2624 2278 2683; baseline -0.007 -14"><span class='ocrx_word' id='word_1_602' title='bbox 1310 2637 1400 2670; x_wconf 89' lang='lat' dir='ltr'>Cum</span> <span class='ocrx_word' id='word_1_603' title='bbox 1411 2634 1472 2682; x_wconf 66' lang='grc' dir='ltr'>βω</span> <span class='ocrx_word' id='word_1_604' title='bbox 1494 2647 1657 2683; x_wconf 74' lang='lat' dir='ltr'>quemque</span> <span class='ocrx_word' id='word_1_605' title='bbox 1673 2628 1837 2681; x_wconf 58' lang='lat' dir='ltr'>confilia]</span> <span class='ocrx_word' id='word_1_606' title='bbox 1881 2627 2063 2678; x_wconf 76' lang='lat' dir='ltr'>Consilium</span> <span class='ocrx_word' id='word_1_607' title='bbox 2081 2639 2144 2676; x_wconf 89' lang='lat' dir='ltr'>pro</span> <span class='ocrx_word' id='word_1_608' title='bbox 2163 2624 2278 2663; x_wconf 77' lang='lat' dir='ltr'>confi-</span> 
     </span>
     <span class='ocr_line' id='line_1_86' title="bbox 1254 2675 2274 2733; baseline -0.006 -13"><span class='ocrx_word' id='word_1_609' title='bbox 1254 2684 1353 2720; x_wconf 86' lang='lat' dir='ltr'>liariis</span> <span class='ocrx_word' id='word_1_610' title='bbox 1371 2688 1407 2721; x_wconf 76' lang='grc' dir='ltr'>δε</span> <span class='ocrx_word' id='word_1_611' title='bbox 1425 2682 1647 2724; x_wconf 73' lang='lat' dir='ltr'>adsefforibus</span> <span class='ocrx_word' id='word_1_612' title='bbox 1665 2712 1678 2726; x_wconf 95' lang='lat'><em>‚</em></span> <span class='ocrx_word' id='word_1_613' title='bbox 1717 2683 1773 2731; x_wconf 86' lang='lat' dir='ltr'>qui</span> <span class='ocrx_word' id='word_1_614' title='bbox 1793 2680 2019 2726; x_wconf 84' lang='lat' dir='ltr'>judicantibus</span> <span class='ocrx_word' id='word_1_615' title='bbox 2040 2678 2125 2715; x_wconf 84' lang='lat' dir='ltr'>soliti</span> <span class='ocrx_word' id='word_1_616' title='bbox 2150 2675 2274 2733; x_wconf 75' lang='lat' dir='ltr'>adesse.</span> 
     </span>
     <span class='ocr_line' id='line_1_87' title="bbox 1255 2726 2278 2785; baseline -0.007 -14"><span class='ocrx_word' id='word_1_617' title='bbox 1255 2747 1291 2771; x_wconf 88' lang='lat' dir='ltr'>ut</span> <span class='ocrx_word' id='word_1_618' title='bbox 1311 2736 1496 2784; x_wconf 74' lang='lat' dir='ltr'>conjugium</span> <span class='ocrx_word' id='word_1_619' title='bbox 1518 2748 1581 2785; x_wconf 90' lang='lat' dir='ltr'>pro</span> <span class='ocrx_word' id='word_1_620' title='bbox 1607 2736 1767 2784; x_wconf 71' lang='lat' dir='ltr'>conjuge.</span> <span class='ocrx_word' id='word_1_621' title='bbox 1815 2731 1967 2780; x_wconf 81' lang='lat' dir='ltr'>alioquin</span> <span class='ocrx_word' id='word_1_622' title='bbox 1987 2742 2048 2779; x_wconf 81' lang='lat' dir='ltr'>per</span> <span class='ocrx_word' id='word_1_623' title='bbox 2066 2743 2081 2766; x_wconf 82' lang='lat' dir='ltr'>c</span> <span class='ocrx_word' id='word_1_624' title='bbox 2103 2726 2278 2765; x_wconf 51' lang='lat' dir='ltr'>concilium</span> 
     </span>
     <span class='ocr_line' id='line_1_88' title="bbox 1255 2781 2009 2832; baseline -0.009 -9"><span class='ocrx_word' id='word_1_625' title='bbox 1255 2783 1336 2823; x_wconf 76' lang='lat' dir='ltr'>esset</span> <span class='ocrx_word' id='word_1_626' title='bbox 1354 2785 1542 2832; x_wconf 70' lang='lat' dir='ltr'>legendum</span> <span class='ocrx_word' id='word_1_627' title='bbox 1559 2814 1570 2829; x_wconf 91' lang='lat'>,</span> <span class='ocrx_word' id='word_1_628' title='bbox 1598 2785 1655 2822; x_wconf 87' lang='lat' dir='ltr'>sed</span> <span class='ocrx_word' id='word_1_629' title='bbox 1673 2783 1891 2820; x_wconf 75' lang='lat' dir='ltr'>membranae</span> <span class='ocrx_word' id='word_1_630' title='bbox 1905 2781 2009 2818; x_wconf 85' lang='lat' dir='ltr'>aliter.</span> 
     </span>
    </p>

    <p class='ocr_par' dir='ltr' id='par_1_25' title="bbox 1257 2826 2280 2987">
     <span class='ocr_line' id='line_1_89' title="bbox 1312 2826 2276 2884; baseline -0.01 -9"><span class='ocrx_word' id='word_1_631' title='bbox 1312 2842 1345 2875; x_wconf 90' lang='lat' dir='ltr'><em>A</em></span> <span class='ocrx_word' id='word_1_632' title='bbox 1351 2832 1441 2873; x_wconf 56' lang='grc' dir='ltr'><em>μεῖον</em></span> <span class='ocrx_word' id='word_1_633' title='bbox 1462 2835 1513 2878; x_wconf 54' lang='grc' dir='ltr'>ἐς</span> <span class='ocrx_word' id='word_1_634' title='bbox 1541 2834 1688 2872; x_wconf 70' lang='lat' dir='ltr'>tribunfs</span> <span class='ocrx_word' id='word_1_635' title='bbox 1701 2834 1802 2882; x_wconf 79' lang='lat' dir='ltr'>plebis</span> <span class='ocrx_word' id='word_1_636' title='bbox 1808 2830 1924 2880; x_wconf 53' lang='lat' dir='ltr'>fain]</span> <span class='ocrx_word' id='word_1_637' title='bbox 1953 2834 2040 2868; x_wconf 89' lang='lat' dir='ltr'>Non</span> <span class='ocrx_word' id='word_1_638' title='bbox 2058 2841 2130 2867; x_wconf 88' lang='lat' dir='ltr'>erat</span> <span class='ocrx_word' id='word_1_639' title='bbox 2146 2826 2276 2884; x_wconf 68' lang='lat' dir='ltr'>cauffae,</span> 
     </span>
     <span class='ocr_line' id='line_1_90' title="bbox 1257 2880 2280 2924; baseline -0.008 -1"><span class='ocrx_word' id='word_1_640' title='bbox 1257 2900 1315 2924; x_wconf 87' lang='lat' dir='ltr'>cur</span> <span class='ocrx_word' id='word_1_641' title='bbox 1333 2889 1368 2924; x_wconf 92' lang='lat' dir='ltr'>in</span> <span class='ocrx_word' id='word_1_642' title='bbox 1385 2887 1475 2923; x_wconf 72' lang='lat' dir='ltr'>noris</span> <span class='ocrx_word' id='word_1_643' title='bbox 1499 2885 1561 2923; x_wconf 88' lang='lat' dir='ltr'>illis</span> <span class='ocrx_word' id='word_1_644' title='bbox 1577 2889 1621 2924; x_wconf 88' lang='lat' dir='ltr'>T.</span> <span class='ocrx_word' id='word_1_645' title='bbox 1635 2888 1728 2923; x_wconf 84' lang='lat' dir='ltr'>P.R.</span> <span class='ocrx_word' id='word_1_646' title='bbox 1746 2887 1788 2921; x_wconf 89' lang='lat' dir='ltr'>C.</span> <span class='ocrx_word' id='word_1_647' title='bbox 1807 2886 1847 2921; x_wconf 91' lang='lat' dir='ltr'>L.</span> <span class='ocrx_word' id='word_1_648' title='bbox 1880 2882 2023 2919; x_wconf 73' lang='lat' dir='ltr'>haereret</span> <span class='ocrx_word' id='word_1_649' title='bbox 2041 2880 2280 2918; x_wconf 81' lang='lat' dir='ltr'>eruditiliimus</span> 
     </span>
     <span class='ocr_line' id='line_1_91' title="bbox 1257 2933 2278 2987; baseline -0.007 -13"><span class='ocrx_word' id='word_1_650' title='bbox 1257 2939 1479 2980; x_wconf 89' lang='lat' dir='ltr'>Torrentius,</span> <span class='ocrx_word' id='word_1_651' title='bbox 1509 2947 1593 2987; x_wconf 86' lang='lat' dir='ltr'>quas</span> <span class='ocrx_word' id='word_1_652' title='bbox 1618 2938 1652 2974; x_wconf 91' lang='lat' dir='ltr'>in</span> <span class='ocrx_word' id='word_1_653' title='bbox 1666 2935 1773 2974; x_wconf 88' lang='lat' dir='ltr'>veteri</span> <span class='ocrx_word' id='word_1_654' title='bbox 1797 2933 1915 2970; x_wconf 86' lang='lat' dir='ltr'>codice</span> <span class='ocrx_word' id='word_1_655' title='bbox 1935 2934 2121 2969; x_wconf 81' lang='lat' dir='ltr'>invenerat.</span> <span class='ocrx_word' id='word_1_656' title='bbox 2181 2933 2278 2967; x_wconf 53' lang='lat' dir='ltr'>Nam</span> 
     </span>
    </p>
   </div>
   <div class='ocr_carea' id='block_1_16' title="bbox 188 2982 2278 3042">
    <p class='ocr_par' dir='ltr' id='par_1_26' title="bbox 188 2982 2278 3042">
     <span class='ocr_line' id='line_1_92' title="bbox 188 2982 2278 3042; baseline -0.008 -10"><span class='ocrx_word' id='word_1_657' title='bbox 188 3003 298 3032; x_wconf 71' lang='lat' dir='ltr'>annos</span> <span class='ocrx_word' id='word_1_658' title='bbox 323 2993 448 3031; x_wconf 88' lang='lat' dir='ltr'>decem</span> <span class='ocrx_word' id='word_1_659' title='bbox 467 3022 478 3038; x_wconf 95' lang='lat'>,</span> <span class='ocrx_word' id='word_1_660' title='bbox 520 2996 558 3031; x_wconf 72' lang='grc' dir='ltr'>ὅ(</span> <span class='ocrx_word' id='word_1_661' title='bbox 583 2991 760 3029; x_wconf 78' lang='lat' dir='ltr'>censuram</span> <span class='ocrx_word' id='word_1_662' title='bbox 789 3001 991 3042; x_wconf 65' lang='lat' dir='ltr'>perpetuam</span> <span class='ocrx_word' id='word_1_663' title='bbox 1022 2987 1208 3041; x_wconf 81' lang='lat' dir='ltr'>affumpfit.</span> <span class='ocrx_word' id='word_1_664' title='bbox 1260 2992 1296 3025; x_wconf 74' lang='grc' dir='ltr'>ὅ(</span> <span class='ocrx_word' id='word_1_665' title='bbox 1318 3002 1382 3025; x_wconf 87' lang='lat' dir='ltr'>nos</span> <span class='ocrx_word' id='word_1_666' title='bbox 1416 2987 1541 3024; x_wconf 85' lang='lat' dir='ltr'>eadem</span> <span class='ocrx_word' id='word_1_667' title='bbox 1569 2985 1781 3024; x_wconf 84' lang='lat' dir='ltr'>offendimus</span> <span class='ocrx_word' id='word_1_668' title='bbox 1798 2987 1832 3021; x_wconf 91' lang='lat' dir='ltr'>in</span> <span class='ocrx_word' id='word_1_669' title='bbox 1856 2982 2033 3021; x_wconf 89' lang='lat' dir='ltr'>nonnullis.</span> <span class='ocrx_word' id='word_1_670' title='bbox 2092 2982 2148 3020; x_wconf 87' lang='lat' dir='ltr'>sed</span> <span class='ocrx_word' id='word_1_671' title='bbox 2179 2994 2278 3016; x_wconf 85' lang='lat' dir='ltr'>men·</span> 
     </span>
    </p>
   </div>
   <div class='ocr_carea' id='block_1_17' title="bbox 188 3044 1086 3196">
    <p class='ocr_par' dir='ltr' id='par_1_27' title="bbox 188 3044 1086 3196">
     <span class='ocr_line' id='line_1_93' title="bbox 188 3044 882 3097; baseline 0.001 -18"><span class='ocrx_word' id='word_1_672' title='bbox 188 3044 313 3081; x_wconf 87' lang='lat' dir='ltr'>Dionis</span> <span class='ocrx_word' id='word_1_673' title='bbox 329 3047 482 3097; x_wconf 88' lang='lat' dir='ltr'>epitome</span> <span class='ocrx_word' id='word_1_674' title='bbox 497 3072 508 3089; x_wconf 90' lang='lat'>,</span> <span class='ocrx_word' id='word_1_675' title='bbox 535 3047 572 3081; x_wconf 75' lang='grc' dir='ltr'>δε</span> <span class='ocrx_word' id='word_1_676' title='bbox 583 3044 720 3080; x_wconf 89' lang='lat' dir='ltr'>nummi</span> <span class='ocrx_word' id='word_1_677' title='bbox 738 3054 882 3082; x_wconf 88' lang='lat' dir='ltr'>veteres.</span> 
     </span>
     <span class='ocr_line' id='line_1_94' title="bbox 190 3094 335 3133; baseline 0 -1"><span class='ocrx_word' id='word_1_678' title='bbox 190 3094 335 3133; x_wconf 67' lang='lat' dir='ltr'>Mai-rial.</span> 
     </span>
     <span class='ocr_line' id='line_1_95' title="bbox 304 3144 1086 3196; baseline 0.001 -15"><span class='ocrx_word' id='word_1_679' title='bbox 304 3145 427 3194; x_wconf 84' lang='lat' dir='ltr'>Censor</span> <span class='ocrx_word' id='word_1_680' title='bbox 442 3148 594 3183; x_wconf 73' lang='lat' dir='ltr'>maxime</span> <span class='ocrx_word' id='word_1_681' title='bbox 602 3173 615 3190; x_wconf 91' lang='lat'>,</span> <span class='ocrx_word' id='word_1_682' title='bbox 643 3145 906 3196; x_wconf 74' lang='lat' dir='ltr'>Principumque</span> <span class='ocrx_word' id='word_1_683' title='bbox 919 3144 1086 3193; x_wconf 76' lang='lat' dir='ltr'>Princeps.</span> 
     </span>
    </p>
   </div>
   <div class='ocr_carea' id='block_1_18' title="bbox 938 3032 2278 3084">
    <p class='ocr_par' dir='ltr' id='par_1_28' title="bbox 938 3032 2278 3084">
     <span class='ocr_line' id='line_1_96' title="bbox 938 3032 2278 3084; baseline -0.008 -7"><span class='ocrx_word' id='word_1_684' title='bbox 938 3041 1041 3078; x_wconf 87' lang='lat' dir='ltr'>Unde</span> <span class='ocrx_word' id='word_1_685' title='bbox 1055 3041 1212 3081; x_wconf 83' lang='lat' dir='ltr'>adulator</span> <span class='ocrx_word' id='word_1_686' title='bbox 1236 3032 1239 3036; x_wconf 19' lang='grc' dir='ltr'><strong><em>Δ</em></strong></span> <span class='ocrx_word' id='word_1_687' title='bbox 1262 3041 1345 3076; x_wconf 86' lang='lat' dir='ltr'>dam</span> <span class='ocrx_word' id='word_1_688' title='bbox 1373 3052 1497 3076; x_wconf 86' lang='lat' dir='ltr'>eornm</span> <span class='ocrx_word' id='word_1_689' title='bbox 1533 3038 1700 3075; x_wconf 88' lang='lat' dir='ltr'>librorum</span> <span class='ocrx_word' id='word_1_690' title='bbox 1728 3037 1962 3074; x_wconf 87' lang='lat' dir='ltr'>Memmianus</span> <span class='ocrx_word' id='word_1_691' title='bbox 1979 3034 2086 3084; x_wconf 77' lang='lat' dir='ltr'>arguit</span> <span class='ocrx_word' id='word_1_692' title='bbox 2106 3062 2116 3076; x_wconf 92' lang='lat'><em>‚</em></span> <span class='ocrx_word' id='word_1_693' title='bbox 2152 3034 2184 3068; x_wconf 92' lang='lat' dir='ltr'>in</span> <span class='ocrx_word' id='word_1_694' title='bbox 2207 3043 2278 3079; x_wconf 88' lang='lat' dir='ltr'>quo</span> 
     </span>
    </p>
   </div>
   <div class='ocr_carea' id='block_1_19' title="bbox 1263 3086 2282 3193">
    <p class='ocr_par' dir='ltr' id='par_1_29' title="bbox 1263 3086 2282 3193">
     <span class='ocr_line' id='line_1_97' title="bbox 1263 3086 2277 3141; baseline -0.01 -15"><span class='ocrx_word' id='word_1_695' title='bbox 1263 3091 1307 3127; x_wconf 83' lang='lat' dir='ltr'>ita</span> <span class='ocrx_word' id='word_1_696' title='bbox 1338 3089 1559 3141; x_wconf 78' lang='lat' dir='ltr'>perscriptum</span> <span class='ocrx_word' id='word_1_697' title='bbox 1589 3092 1634 3125; x_wconf 90' lang='lat' dir='ltr'>T.</span> <span class='ocrx_word' id='word_1_698' title='bbox 1663 3092 1706 3126; x_wconf 88' lang='lat' dir='ltr'>R.</span> <span class='ocrx_word' id='word_1_699' title='bbox 1735 3090 1771 3124; x_wconf 89' lang='lat' dir='ltr'>P.</span> <span class='ocrx_word' id='word_1_700' title='bbox 1801 3091 1841 3124; x_wconf 92' lang='lat' dir='ltr'>L.</span> <span class='ocrx_word' id='word_1_701' title='bbox 1876 3086 1950 3122; x_wconf 83' lang='lat' dir='ltr'>satis</span> <span class='ocrx_word' id='word_1_702' title='bbox 1976 3096 2092 3121; x_wconf 83' lang='lat' dir='ltr'>autem</span> <span class='ocrx_word' id='word_1_703' title='bbox 2121 3092 2247 3119; x_wconf 84' lang='lat' dir='ltr'>norunt</span> <span class='ocrx_word' id='word_1_704' title='bbox 2265 3109 2277 3123; x_wconf 93' lang='lat'>,</span> 
     </span>
     <span class='ocr_line' id='line_1_98' title="bbox 1266 3135 2282 3193; baseline -0.013 -14"><span class='ocrx_word' id='word_1_705' title='bbox 1266 3143 1325 3193; x_wconf 87' lang='lat' dir='ltr'>qui</span> <span class='ocrx_word' id='word_1_706' title='bbox 1362 3140 1515 3190; x_wconf 87' lang='lat' dir='ltr'>aliquem</span> <span class='ocrx_word' id='word_1_707' title='bbox 1542 3139 1842 3189; x_wconf 33' lang='lat' dir='ltr'>*membranarum</span> <span class='ocrx_word' id='word_1_708' title='bbox 1875 3137 1973 3173; x_wconf 81' lang='lat' dir='ltr'>usum</span> <span class='ocrx_word' id='word_1_709' title='bbox 2012 3135 2140 3172; x_wconf 78' lang='lat' dir='ltr'>habent</span> <span class='ocrx_word' id='word_1_710' title='bbox 2161 3160 2173 3177; x_wconf 85' lang='lat'>,</span> <span class='ocrx_word' id='word_1_711' title='bbox 2220 3144 2282 3167; x_wconf 89' lang='lat' dir='ltr'>vo-</span> 
     </span>
    </p>
   </div>
   <div class='ocr_carea' id='block_1_20' title="bbox 1678 3190 2290 3239">
    <p class='ocr_par' dir='ltr' id='par_1_30' title="bbox 1678 3190 2290 3239">
     <span class='ocr_line' id='line_1_99' title="bbox 1678 3190 2290 3239; baseline 0 -1"><span class='ocrx_word' id='word_1_712' title='bbox 1678 3190 1681 3191; x_wconf 72' lang='grc'>’</span> <span class='ocrx_word' id='word_1_713' title='bbox 1710 3191 1842 3239; x_wconf 73' lang='lat' dir='ltr'>Qqqq</span> <span class='ocrx_word' id='word_1_714' title='bbox 1873 3200 1893 3224; x_wconf 81' lang='lat'>2</span> <span class='ocrx_word' id='word_1_715' title='bbox 2231 3191 2290 3217; x_wconf 69' lang='lat'>“³⁵</span> 
     </span>
    </p>
   </div>
  </div>
 </body>
</html>
