2504 3425
144 213 212 279 58
714 207 1138 260 CAROLI

1214 195 1619 250 PATINt

144 303 312 366 egregie
335 302 485 348 imitari
501 299 716 347 videretur.
761 297 833 339 De
861 309 945 354 quo
966 289 1018 336 fic
1042 290 1174 354 Juve-
1222 292 1265 333 &
1311 288 1541 348 Canopum
1574 280 1921 342 observavimus,
1957 288 2148 348 AEgyptia
2178 294 2263 336 nus

147 369 275 423 malis,
301 368 373 428 fid
387 372 541 430 nigrum
553 363 669 422 flavo
689 372 801 422 caput
819 355 1067 418 abscondente
1093 372 1176 418 ga-

149 434 236 475 lero.
286 431 470 477 Othonis
505 439 702 469 nummos
737 425 885 465 iterum
920 420 989 465 hic
1024 420 1175 474 habes,

149 495 301 555 quibus
334 496 399 537 ille
428 487 672 552 galericulus
711 486 892 529 omnino
937 481 1177 529 manifestus

151 557 232 607 est,
270 557 463 601 brevitate
483 548 664 596 diversus
690 567 710 593 a
731 550 906 593 mentita
939 547 1177 593 nostrorum

150 620 369 664 homimm
391 617 557 662 caesaric.

215 687 312 744 Pag.
347 688 451 726 600.
513 684 635 723 Sacra
675 682 793 722 etiam
833 678 996 740 Ifidis.]
1044 675 1179 734 Cujus

150 746 322 809 quidem
368 746 583 805 religionis
637 743 883 787 memoriam
936 740 1181 803 frequenter

151 811 336 872 AEgyptii
380 810 491 856 aereis
545 806 862 852 numismatibus
917 803 1182 850 concelebra-

152 890 282 930 runt,
335 875 380 919 in
413 871 563 936 quibus
598 876 642 918 &
679 870 918 932 Serapidem
953 874 997 915 δε
1032 868 1182 915 Isidem

1203 695 1211 925 --·—————--—

1225 353 1366 407 mina,
1400 353 1523 397 etiam
1561 366 1660 394 cum
1696 347 1793 406 Ibi,
1828 346 1934 395 sacra
1961 351 2145 411 regionis
2175 371 2262 401 ave„

1225 416 1483 461 Illustrantur
1527 414 1597 459 illa
1642 412 1789 458 Taciti
1834 413 1970 460 verbis
2014 415 2170 473 Hzstor‘
2201 419 2269 463 lib.

1235 496 1269 526 1.
1307 483 1522 548 eAEgyptms
1547 481 1744 541 omnesque
1764 480 1876 539 verfir
1889 482 1931 523 in
1965 480 2272 542 Orientempro-

1227 550 1366 590 vincia
1409 547 1566 590 nomine
1597 545 1676 605 ejus
1701 577 1714 598 ,
1760 542 1950 588 Othonis
1975 578 1989 598 ‚
2036 543 2268 589 tenebamur.

1229 612 1353 654 Duos
1389 614 1476 667 ejus
1510 623 1709 653 nummos
1738 606 1806 652 hic
1839 606 1964 652 habes
1994 622 2128 668 nuper
2159 607 2272 652 Ale·
2329 619 2331 622 ⁴

1229 673 1393 719 xandria
1406 675 1577 736 AEgypti
1604 671 1824 728 adverstos,
1860 673 1980 734 plane
2016 677 2171 731 yvmrlsc
2201 673 2272 717 in-

1231 738 1509 799 dubitataeque
1545 736 1828 799 antiquitatis,
1863 750 1973 781 tanta
2003 734 2168 798 insuper
2201 738 2272 782 in-

1230 804 1416 865 tegritate
1444 800 1660 864 praeditos,
1682 814 1728 845 ut
1756 800 1861 847 nihil
1896 797 2056 864 prorsus
2083 801 2186 849 defit
2197 815 2274 859 eof

1229 884 1322 913 rum
1347 867 1575 930 elegantiae.

224 1616 407 1677 Quando
431 1620 611 1682 primum
637 1619 785 1664 melius
807 1616 845 1663 se
868 1616 1014 1663 habuit
1025 1615 1193 1679 Respu-

161 1685 267 1730 blica
292 1684 482 1731 litteraria
506 1720 518 1737 ,
554 1683 737 1729 barbarie
762 1683 875 1727 mille
895 1681 1136 1728 saeculorum
1163 1680 1192 1726 sl

1237 1618 1374 1662 Henr.
1389 1614 1478 1662 Th.
1498 1613 1724 1662 Chifletius
1738 1652 1751 1672 ,
1786 1617 1949 1662 nullum
1964 1615 2200 1664 audivimus
2217 1620 2280 1662 ta÷

1239 1682 1322 1726 lem
1336 1679 1543 1744 suscepisse
1556 1680 1736 1745 negandi
1753 1683 2012 1744 provinciam
2024 1718 2037 1738 ‚
2060 1699 2081 1726 a
2096 1699 2176 1743 qua
2189 1678 2283 1728 for-

163 1764 248 1794 non
267 1746 432 1794 liberata
446 1747 747 1804 ,saltemlcvata
762 1782 773 1801 ‚
796 1748 838 1791 in
851 1763 904 1792 eo
919 1749 1120 1809 praecipue
1135 1746 1196 1790 la·
1241 1759 1279 1791 te
1295 1743 1688 1791 &nosti·a&111ust.
1707 1747 1882 1809 Seguini
1904 1747 2086 1809 &J0.B.
2101 1747 2283 1808 Coppo-

163 1813 402 1866 boravit‚ut
416 1814 696 1858 auetoritatcm
709 1810 781 1856 fibi
797 1813 1052 1867 conciliaret,
1069 1826 1194 1873 quam
1242 1811 1287 1855 ni
1307 1809 1424 1854 Med.
1447 1814 1490 1854 δέ
1516 1809 1686 1855 Profeff.
1723 1811 2002 1857 Bononienlis
2036 1825 2281 1874 argumenta

165 1877 276 1920 nulla
298 1891 345 1917 ex
374 1890 481 1937 parte
514 1880 711 1935 majorem
739 1874 1026 1936 conquisivit,
1072 1891 1195 1936 quam

164 1957 213 1984 ex
227 1940 408 2002 antiquis
421 1941 720 1985 monumentis.
748 1938 954 1984 AEdificiis
966 1974 978 1995 ,
998 1938 1169 1985 arcubus
1184 1973 1196 1993 ‚

166 2003 304 2049 statuis
315 2037 328 2060 ,
352 2002 666 2049 numismatibus
679 2002 780 2049 fides
794 2002 931 2049 habita
945 2002 1003 2048 est
1016 2039 1027 2058 ,
1045 2002 1199 2064 quibus

166 2085 303 2130 neque
319 2067 391 2129 ipfi
406 2067 542 2113 stolidi
560 2066 754 2130 refragari
768 2065 927 2129 possent
959 2067 1074 2113 Ortae
1086 2066 1199 2128 post-

168 2150 214 2176 ea
234 2146 296 2176 tot
306 2132 470 2177 eruditae
485 2130 730 2193 quaestiones
746 2167 757 2186 ,
793 2133 899 2176 inter
912 2148 1016 2192 quos
1031 2147 1116 2176 non
1132 2132 1201 2174 in-

167 2195 339 2241 celebris
362 2195 442 2240 fuit
464 2196 531 2240 illa
556 2197 605 2240 de
633 2196 818 2240 nummis
850 2195 1040 2240 Othonis
1061 2196 1195 2249 aereis,

170 2259 416 2322 negantibus
444 2261 590 2304 acriter
610 2258 698 2304 aliis
721 2294 734 2314 ,
784 2259 870 2304 aliis
893 2260 1001 2304 ultro
1017 2258 1199 2319 proban-

170 2324 295 2370 tibus.
339 2323 410 2368 Ad
433 2322 537 2368 hanc
565 2339 651 2368 rein
676 2323 849 2383 plurima
872 2324 1120 2384 protulimus
1153 2324 1197 2367 in

1245 1873 1477 1936 quemlibet
1491 1873 1601 1919 bene
1614 1888 1759 1921 natum
1771 1873 2014 1921 terruissent.
2050 1876 2287 1936 Perplacuit

1246 1937 1368 1983 nobis
1383 1936 1518 1984 vidisfi
1528 1938 1748 1984 Medicum
1773 1942 1945 1985 alterum
1959 1975 1970 1995 ,
1989 1956 2171 2001 eumque
2185 1942 2286 1984 An—

1245 2003 1473 2065 tiquarium
1486 2003 1673 2066 Regium
1689 2039 1701 2060 ,
1715 2003 1812 2066 Joh.
1828 2005 2015 2050 Vaillant
2025 2004 2196 2067 publico
2208 2002 2283 2048 suo

1245 2064 1439 2130 suffragio
1454 2067 1628 2127 pedibus
1641 2070 1684 2112 in
1701 2066 1855 2114 nostras
1877 2066 2125 2115 descendisse
2138 2080 2286 2129 partes.

1246 2131 1326 2177 Sed
1357 2131 1460 2193 quid
1482 2148 1655 2177 movent
1680 2134 1962 2188 auetoritates‚
1992 2149 2088 2177 cum
2110 2131 2191 2193 ipsa
2210 2147 2294 2176 exa

1244 2195 1382 2256 cmpla
1404 2193 1568 2239 abunde
1581 2194 1816 2256 suppetunt.
1851 2198 2068 2241 Nummos
2082 2198 2196 2242 enim
2212 2195 2284 2240 O-

1244 2258 1384 2304 thomis
1397 2274 1522 2304 aereos
1541 2260 1692 2321 viginti
1712 2260 1794 2316 sex,
1806 2257 1960 2322 eosque
1976 2261 2167 2322 antiquos
2184 2295 2195 2315 ‚
2208 2276 2276 2304 me

1244 2323 1385 2369 vidisse
1397 2321 1746 2386 contrefiass‘equc
1759 2325 1894 2387 palam
1905 2325 2028 2372 facio.
2064 2324 2145 2371 Sed
2155 2324 2204 2371 de
2216 2323 2281 2371 his

173 2405 297 2448 opere
338 2385 475 2432 nostre
512 2386 562 2432 de
596 2391 765 2431 nummis
796 2392 900 2432 aereis
921 2422 934 2442 ,
973 2402 1065 2454 pag.
1092 2403 1192 2449 131.
1236 2385 1341 2435 stitis.

175 2456 217 2498 A
256 2468 343 2514 quo
372 2454 512 2516 itaque
543 2450 713 2498 candide
744 2448 813 2500 sua
845 2449 959 2499 'cessit
993 2453 1194 2514 opinione

1874 3126 2075 3189 CAR
2104 3122 2277 3187 OLI
