2504 3425
405 130 1343 189 D.Oc·1·Av.’CA-:sAR
1405 128 2059 184 AuGusTus.‘

2161 144 2264 200 129

180 229 253 290 qui
269 224 498 279 traderent,
535 224 757 286 εοτηρεᾶο
791 240 889 269 eum
912 223 961 269 ad
986 240 1095 270 arma
1129 221 1220 278 isse,
1254 236 1301 267 ut
1332 220 1489 266 occulti
1520 218 1755 276 adversarii,
1791 223 1836 265 δε
1858 235 1964 281 quos
1983 232 2117 264 metus
2137 220 2271 282 magis

175 307 299 353 quam
330 291 520 336 voluntas
553 290 808 344 contineret,
841 289 1035 335 facultate
1071 290 1120 333 L.
1143 286 1329 331 Antonii
1368 284 1485 331 ducis
1529 283 1695 346 praebita
1722 318 1735 338 ,
1781 283 2069 344 detegerentur
2104 299 2114 326 t
2149 281 2269 328 devi-

99 363 156 402 16
177 355 332 428 &isque
365 353 459 410 his,
502 357 547 399 &
581 351 811 399 confiscatis

172 419 260 464 lum
285 417 500 466 inchoavit
521 419 567 463 in
591 418 761 480 primis,
793 415 861 463 sed
883 417 953 462 diu
973 416 1116 472 traxit,
1148 411 1418 460 intermissum
1452 412 1594 474 saepius
1625 430 1636 458 τ

832 387 846 408 ,
890 349 1082 412 promissa
1115 351 1316 398 veteranis
1350 350 1512 410 praemia
1545 347 1884 410 persolverentur.
1947 347 2110 391 Bellum
2143 345 2267 390 sicu-

1672 411 1800 458 ni'odo
1833 409 2140 473 reparandarum
2156 407 2268 514 {clas-

2173 489 2261 518 lum

171 564 252 591 ante
273 555 388 592 omnia
423 556 512 593 cadis
538 555 673 604 conscios
698 554 746 590 ad
774 552 947 591 tumulum
958 554 1067 602 patris
1085 553 1188 589 occidi
1243 550 1393 587 altissimi
1411 563 1481 586 erat
1499 548 1635 594 silentii,
1665 563 1729 586 nec
1755 547 1799 586 de
1825 548 1893 586 alio
1914 559 2021 598 quain
2046 543 2090 582 de
2108 542 2260 593 Augusto

162 603 265 652 juffit.
294 607 437 643 Tacitus
450 606 493 642 de
511 605 606 643 clade
626 606 729 648 Vari,
755 605 789 642 in
802 605 914 655 primo
938 603 1060 641 Annal.
1080 616 1109 641 c.
1127 610 1183 643 61.

116 670 119 671 ⁷
170 655 386 703 Adjacebant
403 655 487 692 lucu
499 657 691 704 propinquis
724 655 869 690 barbara
886 667 966 696 ara,
995 654 1085 702 apud
1102 666 1185 703 quas

171 705 320 741 tribunos
339 718 378 742 ac
394 706 580 753 primorum
605 706 762 740 ordinum
780 704 982 739 centuriones
1010 706 1184 739 matzave-

168 765 259 793 rant.
317 756 369 792 Sic
387 759 564 805 Spartacus
584 753 743 803 fugitivus
761 755 866 789 Crixo
884 752 996 789 occiso
1014 763 1184 788 trecentos

169 816 190 839 e
210 806 349 854 captivis
371 805 543 842 Romanis
568 803 730 840 immolat
760 817 769 838 ε
804 804 922 839 audior
945 803 1123 851 Appianus
1151 816 1179 837 i.

161 853 315 899 Ἐμφυλ.
373 855 425 890 Sic
441 854 529 904 Sylla
558 857 598 892 C.
621 853 772 890 Marium
799 852 949 894 occidit,
971 854 1181 900 pertradium

159 910 221 951 per
237 917 295 940 ora
314 903 410 952 vulgi
424 906 471 939 ad
478 903 690 952 sepulchrum
701 903 842 939 Lutum:
857 903 988 950 genta,
1014 903 1059 938 ait
1077 901 1182 937 Vale-

164 953 232 989 rius
256 967 304 990 ix.
328 966 360 990 2.
387 967 414 990 1.
473 954 574 991 Idem
591 952 782 991 factitatum
799 964 819 989 a
835 950 1180 1003 Carthaginensibus:

162 1001 325 1053 Polybius
342 1003 398 1040 lib.
416 1015 582 1041 extremo.
626 1003 734 1055 Qiod
750 1005 816 1047 ait,
854 1002 1037 1049 hostiarum
1068 1015 1179 1044 more,

165 1064 240 1088 non
257 1065 388 1091 temere
407 1054 591 1100 adjectum.
650 1059 780 1092 Seneca
806 1052 849 1090 de
868 1053 1062 1090 Clementia
1092 1067 1119 1090 i.
1143 1067 1175 1096 9.

162 1106 249 1150 Ergo
265 1117 331 1139 non
347 1103 443 1140 dabit
455 1114 591 1153 poenas,
618 1106 676 1154 qui
703 1115 751 1141 tot
774 1103 932 1142 civilibus
948 1103 1037 1139 bellis
1048 1102 1180 1149 frustra

155 1152 305 1200 petitum
322 1162 420 1202 caput
440 1168 506 1190 non
528 1157 669 1192 occidere
692 1154 880 1202 constituit,
896 1155 959 1201 βά
976 1154 1178 1190 immolare?

167 1201 322 1241 Valerius
339 1207 420 1242 Max
447 1220 456 1242 ε
485 1205 678 1255 Damasippi
699 1205 788 1257 juffib
808 1205 1000 1253 principum
1024 1205 1178 1241 civitatis

163 1253 275 1302 capita
321 1253 505 1302 hostiarum
532 1257 692 1305 capitibus
711 1255 974 1305 permistasunt.
1033 1254 1125 1292 Alibi
1136 1256 1178 1293 de

163 1305 395 1355 QPompejo
421 1320 490 1344 cos.
517 1306 702 1356 Ambitiofi
731 1307 826 1344 ducis
849 1305 1006 1343 illecebris
1034 1306 1177 1354 corrupti

163 1353 309 1410 milites,
331 1356 518 1405 sacrificare
529 1357 740 1405 incipientem
757 1357 891 1400 adorti,
915 1356 953 1393 in
968 1357 1107 1393 modum
1123 1358 1177 1393 vi-

163 1405 266 1442 §lima
282 1409 533 1445 manaverunt.
562 1408 678 1446 Livius
705 1406 763 1445 lib.
783 1421 825 1447 vi
838 1421 865 1444 1.
883 1421 910 1451 5.
969 1412 1040 1443 Nec
1052 1408 1090 1443 in
1106 1409 1177 1444 acie

163 1463 304 1492 tantum
321 1457 368 1493 ibi
383 1457 487 1495 cladis
509 1467 803 1507 acceptum,quam
819 1458 908 1507 quod
924 1468 1044 1495 CCCV1
1057 1471 1082 1494 i.
1114 1459 1178 1494 mi-

163 1503 239 1540 lites
249 1511 410 1544 Romanos
428 1517 535 1557 captos
549 1508 800 1558 Tarquinienses
816 1506 1039 1544 immolarunt
1065 1523 1075 1543 :
1109 1522 1178 1557 qua

156 1554 322 1599 faeditate
329 1556 481 1606 supplicii
505 1558 680 1608 aliquanto
702 1558 887 1606 ignominia
904 1558 1020 1606 populi
1037 1560 1180 1596 Romani

163 1603 411 1662 znstgniorfuit.
439 1607 542 1646 Idem
564 1609 653 1646 libro
669 1622 745 1646 xxv.
772 1617 927 1656 pecorum
956 1609 1052 1645 modo
1078 1609 1181 1646 inulti

164 1658 396 1715 fraudantur.
455 1660 507 1696 Sic
530 1660 623 1709 apud
643 1659 825 1697 Philonem
854 1666 975 1697 contra
999 1659 1179 1705 Flaccum,

164 1719 271 1752 ιερειε
286 1707 407 1756 τςόπον
441 1711 706 1758 κςεεςγηθῖνοιι.
764 1715 835 1748 Cur
857 1721 958 1747 tantae
983 1711 1184 1760 ignominiae

164 1753 233 1791 hot
249 1758 371 1813 mortis
384 1771 493 1807 genus
509 1760 711 1805 haberetur,
730 1760 856 1799 modus
874 1759 1066 1805 efficiebat,
1077 1774 1184 1811 quem

162 1815 271 1862 aperit
307 1810 423 1858 paucis
451 1809 565 1849 verbis
579 1810 694 1848 Florus
719 1810 775 1849 lib.
794 1825 844 1849 11.
876 1824 949 1862 cap.
959 1826 992 1851 v.
1049 1815 1185 1860 Legatos

161 1864 278 1906 quippe
292 1859 411 1905 nostros
427 1888 440 1904 ,
469 1860 506 1897 ob
533 1875 571 1898 ea
599 1876 666 1911 qua
697 1861 908 1912 deliquerant
926 1864 1005 1912 jure
1030 1871 1183 1911 agentes,

159 1917 221 1964 nec
235 1907 351 1956 gladio
378 1911 534 1960 quidem,
555 1912 618 1960 βό
644 1922 685 1948 ut
712 1912 872 1949 viczimas
891 1912 1002 1961 securi
1021 1912 1181 1960 percussit.

159 1955 261 2015 Olim
277 1958 382 1998 securi
401 1973 536 2000 tantum
551 1962 664 2001 sontes
678 1963 921 2013 puniebantur,
950 1962 1069 2012 postea
1080 1964 1185 2000 etiam

158 2007 276 2067 gladio
296 2024 313 2047 ⁴:
341 2011 407 2048 hoc
422 2012 622 2064 supplicium
638 2013 697 2050 illo
716 2013 868 2051 lenius&
880 2013 1051 2051 honestius
1060 2013 1178 2051 visum.

160 2058 241 2117 ideo
258 2073 294 2097 in
313 2062 460 2099 militem
484 2063 762 2103 animadversum
779 2077 800 2100 a
817 2063 1012 2109 Caracalla,
1044 2065 1100 2113 qui
1120 2066 1183 2100 Pa-

161 2121 342 2159 pinianum
369 2112 473 2150 securi
500 2113 687 2159 occidisset,
715 2112 812 2162 jussus
834 2115 961 2165 gladio.
1022 2115 1182 2152 Viffimis

162 2171 281 2219 autem
304 2176 547 2213 comparantur
571 2165 676 2203 securi
697 2165 860 2216 percuffi,
886 2167 966 2215 quia
991 2168 1028 2202 ὅ(
1054 2164 1116 2201 illae
1134 2165 1181 2201 se-

163 2211 307 2261 cespita,
334 2218 372 2250 &
391 2215 424 2251 hi
439 2214 564 2260 securi,
593 2217 688 2254 humi
707 2216 799 2254 strati
817 2215 1034 2253 feriebantur.
1056 2216 1181 2276 Appia-

164 2272 228 2298 nus
252 2277 266 2299 ι
294 2263 336 2300 Ὀ
361 2262 398 2300 ἓὲ
423 2266 572 2303 Σκιπίων
604 2266 666 2307 ‘teis
697 2267 740 2307 ἒις
762 2268 797 2304 rb
815 2266 915 2311 μέσον
935 2271 1179 2313 παραχθεντοις

162 2312 376 2357 αἰκισάμενος
396 2315 455 2351 καὶ
475 2319 608 2360 μᾶλλον
633 2319 744 2354 ἀντ-ὦν
764 2316 825 2357 wig
863 2315 1092 2358 e'nCo-o'murm
1113 2316 1182 2352 ἐκέ-

164 2369 264 2398 λευσε
283 2362 343 2405 ’τε-,ἒς
362 2364 510 2412 ἀυχένοις
538 2368 692 2405 ἁπάντων
721 2368 753 2409 ἐς
778 2368 813 2405 τὸ
842 2366 970 2414 ’ἔδαφος
989 2366 1180 2409 werthinam

163 2413 416 2462 πςοσδεθὲντοις
433 2418 686 2462 ἀποτμηθῆναι.

487 2492 848 2528 ToRRENT.

216 2550 374 2598 Consulto
399 2564 475 2588 eum
500 2554 546 2588 ad
571 2554 704 2603 arma.]
762 2555 850 2591 Mire
871 2552 1004 2591 variant
1023 2550 1178 2596 codices,

162 2611 204 2635 ex
227 2600 386 2649 propostto
410 2632 422 2646 ,
468 2615 484 2637 e
513 2605 674 2652 conspefiu
693 2634 704 2649 ‚
739 2605 896 2653 conspecio
915 2631 925 2645 ,
950 2615 991 2637 ex
1027 2601 1178 2649 consulto.

165 2651 322 2689 'rui-neb.
342 2653 498 2700 conspes‘t'o
511 2652 682 2698 defendit,
712 2667 780 2703 ego
795 2653 973 2704 vulgatam
993 2652 1179 2688 lectionem

163 2699 271 2740 servo.
332 2702 465 2753 Lipsius
483 2702 631 2742 Elector.
653 2719 678 2740 i.
707 2717 779 2753 cap.
798 2717 878 2740 x11.
907 2704 1085 2747 comperio,
1118 2703 1180 2749 (ut

164 2762 297 2793 veteres
323 2752 551 2803 loquebantur
572 2755 583 2800 >
613 2754 689 2797 vel,
717 2753 810 2803 quod
836 2765 926 2789 nunc
943 2750 1089 2789 usitatius
1110 2753 1177 2796 est,

162 2805 327 2852 compasta
346 2818 395 2839 eos
412 2805 458 2839 ad
470 2816 572 2839 arma
588 2806 640 2852 iffe
661 2803 798 2841 restituit
817 2832 828 2846 ,
872 2814 908 2839 ut
924 2805 1084 2851 compano
1106 2816 1177 2839 rem

160 2865 257 2902 agere
269 2882 281 2897 ,
309 2856 348 2890 ὅ(
366 2855 406 2890 de
423 2856 585 2903 compacio
602 2868 672 2890 rem
691 2855 762 2902 geri
788 2854 923 2891 Plautus
938 2852 1030 2890 dixit.
1087 2855 1178 2902 Qiae

161 2903 265 2941 lectio
284 2904 430 2954 placeret
451 2906 562 2955 magis
579 2934 590 2949 ,
627 2903 652 2940 si
667 2904 855 2948 constaret,
880 2904 1021 2954 quinam
1039 2903 1093 2940 alii
1112 2904 1180 2940 hoc

163 2967 247 2991 cum
267 2954 419 3005 Augusto
438 2952 577 3006 egerint.
637 2958 723 2991 Non
739 2966 830 2992 certe
855 2957 895 2992 L.
908 2955 1096 2997 Antonius,
1123 2955 1179 3004 qui

163 3003 290 3042 fiducia
308 3004 496 3043 consulatus
512 3006 578 3050 sui,
606 3008 644 3041 &
673 3004 829 3042 fraternae
856 3006 1016 3055 potentiae
1044 3017 1097 3040 res
1116 3018 1180 3041 no-

161 3066 224 3103 vas
238 3055 448 3095 moliebatur
465 3085 477 3102 ,
504 3068 541 3095 ut
556 3056 704 3096 vidimus
724 3069 798 3108 cap.
820 3054 1034 3108 praecedentI.
1066 3058 1108 3093 Et
1127 3068 1180 3094 res

1199 1707 1210 2178 J

1197 2628 1213 3091 ι

1242 601 1295 638 hic
1314 601 1459 651 loquitur
1468 604 1606 638 Sueton.

1543 673 1934 706 CAsAUBou.

1292 727 1463 775 Conspeffo
1482 742 1557 764 eum
1572 729 1619 763 ad
1637 741 1738 763 arma
1749 728 1842 777 iffe.]
1886 729 2012 765 Miram
2025 728 2064 764 ὅ(
2076 737 2140 762 nos
2150 722 2260 761 varie-

1238 784 1347 813 tatem
1368 778 1434 813 hoc
1447 778 1527 815 loco
1536 777 1757 814 offendimus.
1778 778 1913 815 Viterb.
1928 778 2116 826 conspicata.
2131 774 2256 815 Lissaei,

1238 826 1405 874 conspea‘ZO.
1439 831 1547 865 Vetus
1566 831 1730 864 Romana
1747 857 1759 871 ‚
1786 841 1861 865 eum
1881 829 1925 863 ad
1941 823 2042 863 arma
2059 826 2114 874 isse
2131 837 2171 860 ex
2184 832 2260 871 pro-

1230 876 1341 924 pofi'w.
1368 878 1403 913 in
1420 877 1511 921 aliis,
1541 878 1695 925 consulta
1726 889 1807 927 puto
1824 880 1956 914 rectum
1975 874 2062 919 effe,
2084 875 2253 922 conspeft'o.

1236 937 1320 962 nam
1337 929 1382 964 ita
1400 942 1535 978 quoque
1554 930 1683 973 Cujacii
1704 928 1785 964 libb.
1810 928 2106 964 &0Memmianus
2133 922 2254 960 codex.

1235 975 1279 1011 At
1301 981 1480 1026 comperio,
1507 978 1600 1028 quod
1628 977 1745 1028 Lipsio
1771 978 1898 1027 placet,
1933 990 2005 1012 non
2023 972 2156 1024 possum
2177 986 2259 1021 pro-

1237 1024 1328 1063 bare.
1360 1028 1407 1065 est
1426 1030 1520 1065 enini
1550 1028 1587 1063 ἐκ
1604 1029 1840 1071 συνθήματος,
1871 1027 1966 1077 quod
1984 1026 2059 1063 huic
2079 1024 2160 1061 loco
2183 1035 2256 1060 non

1236 1089 1408 1115 convenit.

1294 1136 1345 1165 16.
1372 1130 1436 1165 Sed
1451 1129 1512 1165 diu
1531 1130 1664 1173 traxit,
1692 1128 1912 1178 intermiffiim
1932 1123 2078 1174 stipium]
2133 1124 2254 1159 Annos

1236 1176 1367 1227 septem
1378 1180 1516 1216 circiter.
1547 1179 1651 1230 liquet
1671 1193 1711 1216 ex
1728 1179 1878 1229 sequenti
1894 1177 2116 1225 descriptione
2128 1185 2256 1223 ‚quam

1230 1228 1274 1264 ad
1292 1231 1443 1267 Suetonii
1470 1234 1507 1267 δε
1526 1230 1670 1268 historiae
1690 1230 1804 1267 lucem
1823 1229 1932 1269 visum
1952 1240 2014 1279 pro
2035 1226 2134 1263 bono
2156 1222 2257 1269 subii-

1235 1291 1323 1317 cere.

1286 1331 1326 1367 A.
1339 1333 1382 1369 U.
1394 1333 1435 1369 C.
1458 1343 1571 1369 Dccx.
1600 1329 1726 1369 Occiso
1736 1328 1870 1367 Caesare
1886 1328 2255 1379 incipitSext.Pornpe-

1232 1382 1281 1425 jus
1321 1381 1357 1417 in
1393 1382 1557 1433 Hispania
1578 1394 1654 1419 tum
1690 1381 1821 1418 latitans
1845 1391 2033 1427 ,emergere
2061 1393 2071 1414 ;
2097 1374 2254 1412 Asinium

1231 1429 1425 1468 Pollionem
1445 1434 1560 1483 praelio
1578 1432 1687 1469 fundit
1714 1446 1724 1468 :
1753 1445 1834 1467 cum
1862 1429 1996 1480 Lepido
2016 1425 2189 1477 paciscitur
2207 1424 2253 1460 de

1232 1481 1458 1532 relinquendis
1499 1483 1687 1534 Hispaniis,
1724 1479 1751 1517 fi
1787 1481 1881 1518 bona
1917 1489 2057 1530 paterna
2083 1476 2223 1527 recipiat
2241 1489 2252 1511 :

1230 1533 1353 1581 probat
1376 1533 1508 1572 senatus
1521 1538 1558 1571 δε
1578 1548 1647 1571 cOS.
1659 1533 1840 1569 Antonius.

1288 1584 1327 1620 A.
1340 1587 1381 1621 U.
1394 1587 1434 1621 C.
1458 1597 1597 1622 Dccxi.
1628 1583 1761 1621 Bellum
1775 1578 1963 1619 Mutinense
1982 1594 1990 1616 :
2021 1581 2138 1614 Sextus
2147 1576 2254 1611 Pom-

1233 1634 1328 1682 pejus
1344 1647 1384 1671 ex
1401 1635 1563 1686 Hispania
1581 1635 1755 1673 revertitur
1787 1648 1797 1670 ι
1826 1646 1846 1669 a
1884 1631 1999 1668 senatu
2017 1629 2051 1664 in
2080 1627 2173 1663 bona
2195 1636 2254 1672 pa-

1232 1694 1326 1720 terna
1343 1685 1525 1729 restitutus,
1554 1686 1736 1722 maritimae
1763 1697 1833 1721 orae
1852 1679 2034 1730 praeficitur
2064 1692 2074 1714 ε
2100 1675 2176 1724 lege
2192 1677 2254 1710 Pe·-

1231 1733 1286 1770 dia
1303 1736 1389 1772 inter
1408 1737 1615 1788 conspiratos
1626 1736 1809 1773 damnatur
1843 1749 1853 1770 ι
1880 1743 2011 1783 partem
2026 1726 2143 1765 Siciliae
2151 1737 2253 1761 occu-

1232 1796 1292 1833 pat
1319 1800 1327 1822 :
1355 1786 1557 1838 proscriptos
1604 1791 1642 1824 ὃ(
1684 1783 1845 1835 fugitivos
1889 1781 2018 1831 suscipit
2042 1789 2053 1811 2
2083 1788 2254 1826 magnum

1232 1836 1382 1873 modum
1404 1837 1582 1887 legionum
1601 1835 1718 1874 efficit.
2220 1875 2227 1883 Ο

1287 1887 1328 1924 A.
1340 1890 1383 1924 U.
1397 1891 1438 1925 C.
1461 1900 1585 1925 Dccxi
1598 1902 1625 1924 i.
1651 1883 2040 1934 Sex.P0nipeiustotam
2051 1876 2199 1915 Siciliam
2218 1888 2254 1912 in

1232 1935 1328 1973 suam
1347 1937 1555 1986 potestatem
1581 1937 1702 1986 redigit
1729 1950 1738 1972 :
1769 1933 1935 1971 octavius
1952 1933 1987 1968 in
2006 1927 2252 1967 Macedoniam

1231 2000 1313 2024 cum
1333 1985 1428 2024 classe
1443 1989 1587 2025 tendens
1605 2001 1664 2038 per
1683 1985 1715 2023 se
1726 1989 1763 2022 ὃ(
1775 1983 2007 2022 Salvidienum
2025 1977 2158 2016 Rufiim
2171 1988 2252 2032 eum

1229 2037 1446 2087 aggreditur,
1473 2052 1513 2076 ac
1540 2039 1659 2076 saltem
1691 2048 1792 2074 oram
1821 2034 1926 2072 Italiae
1946 2032 1991 2069 ab
2023 2042 2068 2067 eo
2086 2025 2251 2065 defendit.

1230 2088 1311 2125 Belli
1328 2089 1427 2126 Siculi
1445 2089 1517 2126 liaec
1533 2090 1637 2126 initia.
2229 2127 2237 2134 ‚

1280 2140 1321 2177 A.
1334 2142 1377 2177 U.
1393 2143 1434 2178 C.
1457 2152 1576 2177 Dccxi
1590 2154 1601 2176 1
1615 2154 1642 2176 i.
1668 2138 1860 2186 Pompeius
1878 2132 2051 2182 occupatis
2071 2128 2164 2166 bello
2174 2126 2253 2164 Phi-

1231 2189 1370 2239 lippenfi
1383 2192 1535 2228 Octavio
1546 2194 1582 2227 ὃς
1593 2190 1758 2230 Antonio,
1770 2188 1878 2223 maria
1894 2184 2063 2225 infestare,
2077 2184 2115 2218 ὅ(
2125 2190 2251 2218 omnes

1232 2240 1337 2277 ltalia:
1357 2253 1434 2279 oras
1451 2254 1573 2278 vexare
1586 2254 1656 2276 non
1679 2236 1788 2275 cessat.

1283 2293 1322 2327 A.
1335 2295 1379 2328 U.
1392 2295 1434 2328 C.
1455 2304 1613 2328 Dccxiv.
1634 2290 1797 2326 Octavius
1818 2284 2071 2336 expeditionem
2082 2282 2117 2318 in
2126 2278 2254 2317 Gallias

1232 2341 1399 2378 destinans
1410 2371 1421 2385 ,
1450 2354 1532 2393 pace
1552 2340 1670 2377 frustra
1686 2349 1813 2376 tentata
1833 2350 1911 2373 cum
1922 2335 2097 2384 Pompeio
2108 2345 2166 2382 per
2175 2333 2251 2367 Ma-

1232 2393 1353 2430 ruriam
1370 2392 1470 2443 ipsius
1481 2405 1629 2429 matrem
1644 2419 1655 2433 ,
1680 2393 1729 2426 M.
1743 2387 1943 2438 Vipsanium
1954 2386 2149 2435 Agrippam
2158 2379 2252 2419 bello

1232 2443 1342 2481 Siculo
1353 2442 1501 2494 pracficit.
1525 2443 1712 2491 Pompeius
1722 2439 1856 2476 Italiam
1871 2435 2115 2473 incursionibus
2122 2430 2228 2471 vastat
2241 2445 2254 2469 z

1232 2494 1367 2531 Urbem
1384 2493 1477 2530 fame
1499 2493 1631 2542 premit.
1657 2494 1736 2526 Hoc
1753 2502 1845 2525 anno
1858 2487 1970 2524 foedus
1987 2488 2148 2523 iteratum
2166 2483 2254 2519 inter

1236 2560 1246 2582 1
1261 2560 1271 2582 1
1285 2546 1417 2582 i-viros
1434 2544 1622 2580 Octavium
1634 2544 1671 2577 δε
1683 2541 1893 2581 Antonium,
1923 2539 1979 2587 qui
1996 2539 2030 2573 in
2049 2534 2186 2572 Italiam
2205 2544 2248 2568 ex

1229 2594 1309 2632 Afia
1330 2596 1422 2632 venit
1450 2624 1460 2637 ,
1486 2598 1522 2630 ὅ(
1539 2606 1618 2630 cuni
1644 2591 1775 2640 collega
1807 2589 2004 2625 societatem
2023 2585 2102 2622 belli
2131 2593 2249 2620 contra

1228 2648 1440 2695 Pompeium
1457 2646 1536 2681 iniit.
2118 2685 2124 2692 .

1284 2700 1324 2733 Α.
1338 2701 1380 2733 U.
1394 2699 1434 2732 C.
1457 2706 1591 2731 Dccxv.
1613 2691 1835 2740 Colloquiuni
1853 2693 1889 2725 ἃ
1901 2687 2014 2725 foedus
2023 2685 2067 2722 ad
2078 2683 2249 2722 Misenum

1230 2747 1508 2797 promontorium
1526 2746 1611 2780 inter
1629 2743 1817 2778 OCtavium
1831 2770 1840 2783 ‚
1869 2740 2060 2775 Antonium
2085 2740 2123 2773 ὃ(
2144 2739 2250 2772 Pom-

1229 2801 1359 2849 peium.
1389 2796 1494 2833 Sicilia
1520 2799 1557 2831 ὃς
1579 2793 1710 2837 Achaia
1737 2793 1911 2841 Pompeio
1938 2791 1971 2825 in
1992 2789 2085 2837 pacis
2116 2784 2250 2823 foedere

1227 2848 1460 2885 conceduntur
1487 2861 1498 2882 z
1524 2847 1595 2891 ejus
1610 2842 1679 2880 filia
1696 2845 1744 2879 M.
1768 2841 1933 2878 Marcello
1954 2838 2109 2875 Oecaviae
2136 2840 2169 2874 F.
2192 2835 2250 2872 de-

1228 2898 1419 2951 spondetur.

1283 2949 1325 2986 A.
1336 2952 1380 2986 U.
1394 2951 1434 2985 C.
1455 2958 1614 2984 Dccxvi.
1642 2948 1762 2981 Menas
1782 2954 1801 2978 a
1818 2943 1992 2992 Pompeio
2010 2938 2053 2975 ad
2074 2936 2247 2974 Caesarem

1229 2999 1405 3050 transfugit
1431 3014 1440 3036 :
1471 2997 1601 3034 bellum
1629 2994 1777 3032 Siculum
1808 2994 1891 3030 serio
1920 2988 2115 3028 recrudescit
2140 3002 2149 3024 ε
2180 2989 2247 3022 An-

1228 3053 1341 3093 tonius
1357 3051 1468 3089 accitu
1485 3048 1623 3086 Caesaris
1648 3042 1862 3083 Brundisium
1889 3043 1989 3092 nique
2009 3040 2101 3081 venit
2131 3035 2244 3124 :stiude

1662 3100 1695 3136 R
2162 3098 2245 3124 amn
