<?xml version="1.0" encoding="UTF-8"?>
<!DOCTYPE html PUBLIC "-//W3C//DTD XHTML 1.0 Transitional//EN"
    "http://www.w3.org/TR/xhtml1/DTD/xhtml1-transitional.dtd">
<html xmlns="http://www.w3.org/1999/xhtml" xml:lang="en" lang="en">
 <head>
  <title>
</title>
<meta http-equiv="Content-Type" content="text/html;charset=utf-8" />
  <meta name='ocr-system' content='tesseract 3.04.00' />
  <meta name='ocr-capabilities' content='ocr_page ocr_carea ocr_par ocr_line ocrx_word'/>
</head>
<body>
  <div class='ocr_page' id='page_1' title='image "./csuetoniustranqu00suet_0932.png"; bbox 0 0 2504 3425; ppageno 0'>
   <div class='ocr_carea' id='block_1_1' title="bbox 256 164 1909 287">
    <p class='ocr_par' dir='ltr' id='par_1_1' title="bbox 256 164 1909 287">
     <span class='ocr_line' id='line_1_1' title="bbox 256 164 1909 287; baseline -0.023 -18"><span class='ocrx_word' id='word_1_1' title='bbox 256 215 329 287; x_wconf 78' lang='lat'>98</span> <span class='ocrx_word' id='word_1_2' title='bbox 700 164 1909 257; x_wconf 29' lang='lat' dir='ltr'>PR‘AEFAT10A.P0L&#39;1T1AN1</span> 
     </span>
    </p>
   </div>
   <div class='ocr_carea' id='block_1_2' title="bbox 257 261 2376 3044">
    <p class='ocr_par' dir='ltr' id='par_1_2' title="bbox 257 261 2376 3044">
     <span class='ocr_line' id='line_1_2' title="bbox 257 261 2333 357; baseline -0.023 2"><span class='ocrx_word' id='word_1_3' title='bbox 257 303 338 357; x_wconf 83' lang='lat' dir='ltr'>his</span> <span class='ocrx_word' id='word_1_4' title='bbox 348 301 603 356; x_wconf 65' lang='lat' dir='ltr'>hastenus.</span> <span class='ocrx_word' id='word_1_5' title='bbox 657 293 820 347; x_wconf 88' lang='lat' dir='ltr'>Nunc</span> <span class='ocrx_word' id='word_1_6' title='bbox 836 304 949 357; x_wconf 77' lang='lat' dir='ltr'>qua:</span> <span class='ocrx_word' id='word_1_7' title='bbox 966 284 1031 336; x_wconf 86' lang='lat' dir='ltr'>de</span> <span class='ocrx_word' id='word_1_8' title='bbox 1048 277 1294 333; x_wconf 82' lang='lat' dir='ltr'>Suetonio</span> <span class='ocrx_word' id='word_1_9' title='bbox 1312 271 1421 346; x_wconf 89' lang='lat' dir='ltr'>ipso</span> <span class='ocrx_word' id='word_1_10' title='bbox 1434 281 1698 341; x_wconf 86' lang='lat' dir='ltr'>comperta</span> <span class='ocrx_word' id='word_1_11' title='bbox 1708 267 1976 322; x_wconf 85' lang='lat' dir='ltr'>habeamus</span> <span class='ocrx_word' id='word_1_12' title='bbox 1992 306 2009 332; x_wconf 82' lang='lat'>‚</span> <span class='ocrx_word' id='word_1_13' title='bbox 2045 263 2184 321; x_wconf 85' lang='lat' dir='ltr'>haud</span> <span class='ocrx_word' id='word_1_14' title='bbox 2198 261 2333 319; x_wconf 77' lang='lat' dir='ltr'>mul.</span> 
     </span>
     <span class='ocr_line' id='line_1_3' title="bbox 257 338 2334 445; baseline -0.019 -14"><span class='ocrx_word' id='word_1_15' title='bbox 257 390 311 430; x_wconf 86' lang='lat' dir='ltr'>ta</span> <span class='ocrx_word' id='word_1_16' title='bbox 326 375 411 428; x_wconf 86' lang='lat' dir='ltr'>illa</span> <span class='ocrx_word' id='word_1_17' title='bbox 425 372 637 445; x_wconf 87' lang='lat' dir='ltr'>quidem</span> <span class='ocrx_word' id='word_1_18' title='bbox 656 403 672 427; x_wconf 83' lang='lat'><em>‚</em></span> <span class='ocrx_word' id='word_1_19' title='bbox 709 363 793 413; x_wconf 85' lang='lat' dir='ltr'>sed</span> <span class='ocrx_word' id='word_1_20' title='bbox 811 359 974 411; x_wconf 88' lang='lat' dir='ltr'>multo</span> <span class='ocrx_word' id='word_1_21' title='bbox 990 349 1276 423; x_wconf 81' lang='lat' dir='ltr'>conquisita</span> <span class='ocrx_word' id='word_1_22' title='bbox 1290 348 1462 400; x_wconf 88' lang='lat' dir='ltr'>labore</span> <span class='ocrx_word' id='word_1_23' title='bbox 1477 343 1653 417; x_wconf 85' lang='lat' dir='ltr'>paucis</span> <span class='ocrx_word' id='word_1_24' title='bbox 1668 338 2071 414; x_wconf 84' lang='lat' dir='ltr'>perstringamus.</span> <span class='ocrx_word' id='word_1_25' title='bbox 2112 342 2182 396; x_wconf 90' lang='lat' dir='ltr'>C.</span> <span class='ocrx_word' id='word_1_26' title='bbox 2210 343 2334 395; x_wconf 91' lang='lat' dir='ltr'>Sue-</span> 
     </span>
     <span class='ocr_line' id='line_1_4' title="bbox 259 411 2334 509; baseline -0.017 -6"><span class='ocrx_word' id='word_1_27' title='bbox 259 449 411 503; x_wconf 90' lang='lat' dir='ltr'>tonio</span> <span class='ocrx_word' id='word_1_28' title='bbox 427 435 740 509; x_wconf 71' lang='lat' dir='ltr'>Tranquillo</span> <span class='ocrx_word' id='word_1_29' title='bbox 757 447 896 504; x_wconf 83' lang='lat' dir='ltr'>pater</span> <span class='ocrx_word' id='word_1_30' title='bbox 910 428 1008 483; x_wconf 89' lang='lat' dir='ltr'>fuit</span> <span class='ocrx_word' id='word_1_31' title='bbox 1025 423 1302 480; x_wconf 84' lang='lat' dir='ltr'>Suetonius</span> <span class='ocrx_word' id='word_1_32' title='bbox 1320 420 1474 473; x_wconf 82' lang='lat' dir='ltr'>Lenis</span> <span class='ocrx_word' id='word_1_33' title='bbox 1489 457 1504 477; x_wconf 94' lang='lat'><em>,</em></span> <span class='ocrx_word' id='word_1_34' title='bbox 1550 413 1785 469; x_wconf 84' lang='lat' dir='ltr'>Othonis</span> <span class='ocrx_word' id='word_1_35' title='bbox 1801 411 2016 484; x_wconf 85' lang='lat' dir='ltr'>Augusti</span> <span class='ocrx_word' id='word_1_36' title='bbox 2030 415 2221 468; x_wconf 89' lang='lat' dir='ltr'>clavius</span> <span class='ocrx_word' id='word_1_37' title='bbox 2237 452 2253 478; x_wconf 85' lang='lat'>,</span> <span class='ocrx_word' id='word_1_38' title='bbox 2281 417 2334 467; x_wconf 87' lang='lat'>&amp;</span> 
     </span>
     <span class='ocr_line' id='line_1_5' title="bbox 262 484 2339 591; baseline -0.018 -18"><span class='ocrx_word' id='word_1_39' title='bbox 262 523 354 591; x_wconf 92' lang='lat' dir='ltr'>qui</span> <span class='ocrx_word' id='word_1_40' title='bbox 387 515 522 569; x_wconf 92' lang='lat' dir='ltr'>bello</span> <span class='ocrx_word' id='word_1_41' title='bbox 551 511 616 563; x_wconf 89' lang='lat' dir='ltr'>ad</span> <span class='ocrx_word' id='word_1_42' title='bbox 643 507 943 561; x_wconf 83' lang='lat' dir='ltr'>Bebriacum</span> <span class='ocrx_word' id='word_1_43' title='bbox 961 497 1250 553; x_wconf 81' lang='lat' dir='ltr'>interfuerit</span> <span class='ocrx_word' id='word_1_44' title='bbox 1265 495 1422 546; x_wconf 80' lang='lat' dir='ltr'>tertiae</span> <span class='ocrx_word' id='word_1_45' title='bbox 1439 489 1655 543; x_wconf 85' lang='lat' dir='ltr'>decimae</span> <span class='ocrx_word' id='word_1_46' title='bbox 1670 486 1888 559; x_wconf 87' lang='lat' dir='ltr'>legionis</span> <span class='ocrx_word' id='word_1_47' title='bbox 1903 484 2145 538; x_wconf 76' lang='lat' dir='ltr'>tribunus,</span> <span class='ocrx_word' id='word_1_48' title='bbox 2221 485 2339 560; x_wconf 79' lang='lat' dir='ltr'>Ipse</span> 
     </span>
     <span class='ocr_line' id='line_1_6' title="bbox 261 556 2339 658; baseline -0.015 -15"><span class='ocrx_word' id='word_1_49' title='bbox 261 585 601 658; x_wconf 83' lang='lat' dir='ltr'>Tranquillus</span> <span class='ocrx_word' id='word_1_50' title='bbox 630 579 845 633; x_wconf 80' lang='lat' dir='ltr'>Adriani</span> <span class='ocrx_word' id='word_1_51' title='bbox 869 571 1117 648; x_wconf 84' lang='lat' dir='ltr'>principis</span> <span class='ocrx_word' id='word_1_52' title='bbox 1136 566 1468 641; x_wconf 86' lang='lat' dir='ltr'>epistolarum</span> <span class='ocrx_word' id='word_1_53' title='bbox 1498 559 1735 635; x_wconf 85' lang='lat' dir='ltr'>magister</span> <span class='ocrx_word' id='word_1_54' title='bbox 1759 556 2058 629; x_wconf 76' lang='lat' dir='ltr'>aliquandiu</span> <span class='ocrx_word' id='word_1_55' title='bbox 2086 557 2214 623; x_wconf 86' lang='lat' dir='ltr'>fuit,</span> <span class='ocrx_word' id='word_1_56' title='bbox 2251 561 2339 613; x_wconf 90' lang='lat' dir='ltr'>cui</span> 
     </span>
     <span class='ocr_line' id='line_1_7' title="bbox 264 630 2341 723; baseline -0.015 -7"><span class='ocrx_word' id='word_1_57' title='bbox 264 678 435 717; x_wconf 87' lang='lat' dir='ltr'>tamen</span> <span class='ocrx_word' id='word_1_58' title='bbox 462 652 708 710; x_wconf 79' lang='lat' dir='ltr'>successor</span> <span class='ocrx_word' id='word_1_59' title='bbox 730 672 756 704; x_wconf 83' lang='lat' dir='ltr'>a</span> <span class='ocrx_word' id='word_1_60' title='bbox 782 651 1019 723; x_wconf 76' lang='lat' dir='ltr'>principe</span> <span class='ocrx_word' id='word_1_61' title='bbox 1044 642 1234 697; x_wconf 87' lang='lat' dir='ltr'>deinde</span> <span class='ocrx_word' id='word_1_62' title='bbox 1258 639 1332 692; x_wconf 84' lang='lat' dir='ltr'>est</span> <span class='ocrx_word' id='word_1_63' title='bbox 1356 638 1503 691; x_wconf 79' lang='lat' dir='ltr'>datus</span> <span class='ocrx_word' id='word_1_64' title='bbox 1522 673 1536 699; x_wconf 85' lang='lat'>‚</span> <span class='ocrx_word' id='word_1_65' title='bbox 1578 632 1726 705; x_wconf 81' lang='lat' dir='ltr'>quod</span> <span class='ocrx_word' id='word_1_66' title='bbox 1751 631 1798 684; x_wconf 91' lang='lat' dir='ltr'>se</span> <span class='ocrx_word' id='word_1_67' title='bbox 1811 630 1951 704; x_wconf 81' lang='lat' dir='ltr'>apud</span> <span class='ocrx_word' id='word_1_68' title='bbox 1966 648 2183 684; x_wconf 79' lang='lat' dir='ltr'>uxorem</span> <span class='ocrx_word' id='word_1_69' title='bbox 2199 632 2341 685; x_wconf 82' lang='lat' dir='ltr'>Sabi-</span> 
     </span>
     <span class='ocr_line' id='line_1_8' title="bbox 265 703 2344 798; baseline -0.017 -10"><span class='ocrx_word' id='word_1_70' title='bbox 265 753 385 789; x_wconf 81' lang='lat' dir='ltr'>nam</span> <span class='ocrx_word' id='word_1_71' title='bbox 412 728 595 798; x_wconf 75' lang='lat' dir='ltr'>injussu</span> <span class='ocrx_word' id='word_1_72' title='bbox 625 729 732 797; x_wconf 90' lang='lat' dir='ltr'>ejus</span> <span class='ocrx_word' id='word_1_73' title='bbox 759 722 1062 777; x_wconf 82' lang='lat' dir='ltr'>familiarius</span> <span class='ocrx_word' id='word_1_74' title='bbox 1077 728 1244 790; x_wconf 78' lang='lat' dir='ltr'>egerat</span> <span class='ocrx_word' id='word_1_75' title='bbox 1261 752 1275 776; x_wconf 86' lang='lat'>‚</span> <span class='ocrx_word' id='word_1_76' title='bbox 1315 729 1473 783; x_wconf 86' lang='lat' dir='ltr'>quam</span> <span class='ocrx_word' id='word_1_77' title='bbox 1489 720 1768 762; x_wconf 74' lang='lat' dir='ltr'>reverentia</span> <span class='ocrx_word' id='word_1_78' title='bbox 1782 705 1968 758; x_wconf 87' lang='lat' dir='ltr'>domus</span> <span class='ocrx_word' id='word_1_79' title='bbox 1981 703 2157 756; x_wconf 85' lang='lat' dir='ltr'>aulicae</span> <span class='ocrx_word' id='word_1_80' title='bbox 2172 703 2344 775; x_wconf 82' lang='lat' dir='ltr'>postu-</span> 
     </span>
     <span class='ocr_line' id='line_1_9' title="bbox 266 774 2347 866; baseline -0.018 -4"><span class='ocrx_word' id='word_1_81' title='bbox 266 809 404 862; x_wconf 82' lang='lat' dir='ltr'>latet.</span> <span class='ocrx_word' id='word_1_82' title='bbox 460 804 623 858; x_wconf 87' lang='lat' dir='ltr'>Hunc</span> <span class='ocrx_word' id='word_1_83' title='bbox 641 797 881 852; x_wconf 86' lang='lat' dir='ltr'>nonnulli</span> <span class='ocrx_word' id='word_1_84' title='bbox 899 797 1030 848; x_wconf 87' lang='lat' dir='ltr'>inter</span> <span class='ocrx_word' id='word_1_85' title='bbox 1043 785 1404 866; x_wconf 83' lang='lat' dir='ltr'>grammaticos</span> <span class='ocrx_word' id='word_1_86' title='bbox 1417 779 1671 836; x_wconf 85' lang='lat' dir='ltr'>recensent</span> <span class='ocrx_word' id='word_1_87' title='bbox 1689 817 1706 843; x_wconf 85' lang='lat'>,</span> <span class='ocrx_word' id='word_1_88' title='bbox 1743 797 1801 831; x_wconf 88' lang='lat' dir='ltr'>ac</span> <span class='ocrx_word' id='word_1_89' title='bbox 1816 777 2212 832; x_wconf 84' lang='lat' dir='ltr'>declamatorem</span> <span class='ocrx_word' id='word_1_90' title='bbox 2226 774 2347 828; x_wconf 77' lang='lat' dir='ltr'>fuis..</span> 
     </span>
     <span class='ocr_line' id='line_1_10' title="bbox 266 849 2351 951; baseline -0.016 -18"><span class='ocrx_word' id='word_1_91' title='bbox 266 880 315 934; x_wconf 88' lang='lat' dir='ltr'>se</span> <span class='ocrx_word' id='word_1_92' title='bbox 338 877 607 951; x_wconf 87' lang='lat' dir='ltr'>perhibent</span> <span class='ocrx_word' id='word_1_93' title='bbox 635 894 644 925; x_wconf 77' lang='grc' dir='ltr'>ε</span> <span class='ocrx_word' id='word_1_94' title='bbox 686 869 841 944; x_wconf 76' lang='lat' dir='ltr'>egisse</span> <span class='ocrx_word' id='word_1_95' title='bbox 865 868 1085 921; x_wconf 86' lang='lat' dir='ltr'>eundem</span> <span class='ocrx_word' id='word_1_96' title='bbox 1116 864 1271 916; x_wconf 88' lang='lat' dir='ltr'>etiam</span> <span class='ocrx_word' id='word_1_97' title='bbox 1289 856 1483 921; x_wconf 62' lang='lat' dir='ltr'>causam,</span> <span class='ocrx_word' id='word_1_98' title='bbox 1524 855 1591 909; x_wconf 90' lang='lat' dir='ltr'>de</span> <span class='ocrx_word' id='word_1_99' title='bbox 1603 850 1819 926; x_wconf 88' lang='lat' dir='ltr'>epistola</span> <span class='ocrx_word' id='word_1_100' title='bbox 1830 851 2054 923; x_wconf 81' lang='lat' dir='ltr'>quadam</span> <span class='ocrx_word' id='word_1_101' title='bbox 2069 849 2351 902; x_wconf 84' lang='lat' dir='ltr'>Pliniicol-</span> 
     </span>
     <span class='ocr_line' id='line_1_11' title="bbox 268 923 2353 1025; baseline -0.015 -20"><span class='ocrx_word' id='word_1_102' title='bbox 268 954 502 1025; x_wconf 60' lang='lat' dir='ltr'>ligimus„</span> <span class='ocrx_word' id='word_1_103' title='bbox 575 947 741 1015; x_wconf 83' lang='lat' dir='ltr'>Cujus</span> <span class='ocrx_word' id='word_1_104' title='bbox 769 958 937 996; x_wconf 87' lang='lat' dir='ltr'>tamen</span> <span class='ocrx_word' id='word_1_105' title='bbox 969 933 1396 992; x_wconf 77' lang='lat' dir='ltr'>ini-ecentioribus</span> <span class='ocrx_word' id='word_1_106' title='bbox 1410 929 1554 983; x_wconf 87' lang='lat' dir='ltr'>libris</span> <span class='ocrx_word' id='word_1_107' title='bbox 1571 924 1810 979; x_wconf 84' lang='lat' dir='ltr'>mendosa</span> <span class='ocrx_word' id='word_1_108' title='bbox 1824 923 2206 994; x_wconf 81' lang='lat' dir='ltr'>estinscriptiO,</span> <span class='ocrx_word' id='word_1_109' title='bbox 2247 940 2353 975; x_wconf 89' lang='lat' dir='ltr'>non</span> 
     </span>
     <span class='ocr_line' id='line_1_12' title="bbox 273 994 2356 1088; baseline -0.016 -10"><span class='ocrx_word' id='word_1_110' title='bbox 273 1024 527 1080; x_wconf 85' lang='lat' dir='ltr'>Suetonio</span> <span class='ocrx_word' id='word_1_111' title='bbox 567 1016 919 1088; x_wconf 86' lang='lat' dir='ltr'>Tranquillo,</span> <span class='ocrx_word' id='word_1_112' title='bbox 961 1013 1041 1065; x_wconf 84' lang='lat' dir='ltr'>sed</span> <span class='ocrx_word' id='word_1_113' title='bbox 1068 1008 1292 1080; x_wconf 82' lang='lat' dir='ltr'>Septitio</span> <span class='ocrx_word' id='word_1_114' title='bbox 1320 1005 1508 1064; x_wconf 76' lang='lat' dir='ltr'>Clam,</span> <span class='ocrx_word' id='word_1_115' title='bbox 1549 1000 1643 1071; x_wconf 87' lang='lat' dir='ltr'>qui</span> <span class='ocrx_word' id='word_1_116' title='bbox 1665 996 1936 1071; x_wconf 68' lang='lat' dir='ltr'>praefestus</span> <span class='ocrx_word' id='word_1_117' title='bbox 1962 996 2188 1068; x_wconf 82' lang='lat' dir='ltr'>praetotii</span> <span class='ocrx_word' id='word_1_118' title='bbox 2214 994 2356 1067; x_wconf 86' lang='lat' dir='ltr'>apud</span> 
     </span>
     <span class='ocr_line' id='line_1_13' title="bbox 274 1068 2356 1154; baseline -0.016 -3"><span class='ocrx_word' id='word_1_119' title='bbox 274 1098 560 1154; x_wconf 81' lang='lat' dir='ltr'>Adrianum</span> <span class='ocrx_word' id='word_1_120' title='bbox 589 1090 702 1143; x_wconf 83' lang='lat' dir='ltr'>fuit.</span> <span class='ocrx_word' id='word_1_121' title='bbox 786 1088 835 1141; x_wconf 85' lang='lat' dir='ltr'>N</span> <span class='ocrx_word' id='word_1_122' title='bbox 846 1087 990 1138; x_wconf 77' lang='lat' dir='ltr'>ostrae</span> <span class='ocrx_word' id='word_1_123' title='bbox 1017 1082 1230 1137; x_wconf 64' lang='lat' dir='ltr'>le&amp;ioni</span> <span class='ocrx_word' id='word_1_124' title='bbox 1260 1074 1708 1131; x_wconf 76' lang='lat' dir='ltr'>vetustissimorum</span> <span class='ocrx_word' id='word_1_125' title='bbox 1726 1070 1970 1124; x_wconf 84' lang='lat' dir='ltr'>codicum</span> <span class='ocrx_word' id='word_1_126' title='bbox 1988 1068 2356 1140; x_wconf 86' lang='lat' dir='ltr'>fidesadstipu-</span> 
     </span>
     <span class='ocr_line' id='line_1_14' title="bbox 274 1142 2360 1225; baseline -0.015 -1"><span class='ocrx_word' id='word_1_127' title='bbox 274 1171 473 1225; x_wconf 69' lang='lat' dir='ltr'>labitur.</span> <span class='ocrx_word' id='word_1_128' title='bbox 555 1162 826 1218; x_wconf 84' lang='lat' dir='ltr'>Familiare</span> <span class='ocrx_word' id='word_1_129' title='bbox 840 1161 885 1211; x_wconf 92' lang='lat' dir='ltr'>ei</span> <span class='ocrx_word' id='word_1_130' title='bbox 901 1157 1148 1211; x_wconf 85' lang='lat' dir='ltr'>Suetonio</span> <span class='ocrx_word' id='word_1_131' title='bbox 1164 1152 1266 1204; x_wconf 89' lang='lat' dir='ltr'>fuit</span> <span class='ocrx_word' id='word_1_132' title='bbox 1279 1165 1445 1202; x_wconf 85' lang='lat' dir='ltr'>amare</span> <span class='ocrx_word' id='word_1_133' title='bbox 1459 1146 1778 1198; x_wconf 85' lang='lat' dir='ltr'>brevitatem.</span> <span class='ocrx_word' id='word_1_134' title='bbox 1842 1142 2225 1196; x_wconf 86' lang='lat' dir='ltr'>IdemaFIavio</span> <span class='ocrx_word' id='word_1_135' title='bbox 2244 1142 2360 1196; x_wconf 90' lang='lat' dir='ltr'>Vo-</span> 
     </span>
     <span class='ocr_line' id='line_1_15' title="bbox 277 1214 2362 1317; baseline -0.014 -22"><span class='ocrx_word' id='word_1_136' title='bbox 277 1233 865 1317; x_wconf 85' lang='lat' dir='ltr'>piscoemendatissirnus</span> <span class='ocrx_word' id='word_1_137' title='bbox 881 1269 896 1294; x_wconf 87' lang='lat'>,</span> <span class='ocrx_word' id='word_1_138' title='bbox 937 1236 988 1283; x_wconf 87' lang='lat'>&amp;</span> <span class='ocrx_word' id='word_1_139' title='bbox 1019 1223 1402 1281; x_wconf 80' lang='lat' dir='ltr'>candidiffimus</span> <span class='ocrx_word' id='word_1_140' title='bbox 1413 1219 1626 1290; x_wconf 79' lang='lat' dir='ltr'>scriptor</span> <span class='ocrx_word' id='word_1_141' title='bbox 1642 1215 1945 1288; x_wconf 87' lang='lat' dir='ltr'>appellatur.</span> <span class='ocrx_word' id='word_1_142' title='bbox 1996 1216 2227 1269; x_wconf 86' lang='lat' dir='ltr'>Libertas</span> <span class='ocrx_word' id='word_1_143' title='bbox 2243 1214 2327 1266; x_wconf 89' lang='lat' dir='ltr'>illa</span> <span class='ocrx_word' id='word_1_144' title='bbox 2341 1251 2362 1278; x_wconf 59' lang='lat'><em>2</em></span> 
     </span>
     <span class='ocr_line' id='line_1_16' title="bbox 280 1288 2360 1387; baseline -0.014 -19"><span class='ocrx_word' id='word_1_145' title='bbox 280 1335 382 1387; x_wconf 77' lang='lat' dir='ltr'>qua</span> <span class='ocrx_word' id='word_1_146' title='bbox 411 1311 661 1365; x_wconf 87' lang='lat' dir='ltr'>malorum</span> <span class='ocrx_word' id='word_1_147' title='bbox 688 1306 985 1378; x_wconf 85' lang='lat' dir='ltr'>principum</span> <span class='ocrx_word' id='word_1_148' title='bbox 1008 1301 1137 1354; x_wconf 85' lang='lat' dir='ltr'>vitia</span> <span class='ocrx_word' id='word_1_149' title='bbox 1159 1294 1450 1370; x_wconf 89' lang='lat' dir='ltr'>persecutus</span> <span class='ocrx_word' id='word_1_150' title='bbox 1463 1291 1534 1344; x_wconf 88' lang='lat' dir='ltr'>est</span> <span class='ocrx_word' id='word_1_151' title='bbox 1551 1328 1567 1354; x_wconf 87' lang='lat'>‚</span> <span class='ocrx_word' id='word_1_152' title='bbox 1605 1290 1757 1342; x_wconf 89' lang='lat' dir='ltr'>etiam</span> <span class='ocrx_word' id='word_1_153' title='bbox 1773 1288 1977 1341; x_wconf 86' lang='lat' dir='ltr'>cuidam</span> <span class='ocrx_word' id='word_1_154' title='bbox 1990 1288 2107 1362; x_wconf 85' lang='lat' dir='ltr'>post</span> <span class='ocrx_word' id='word_1_155' title='bbox 2121 1306 2240 1344; x_wconf 89' lang='lat' dir='ltr'>eum</span> <span class='ocrx_word' id='word_1_156' title='bbox 2255 1305 2360 1340; x_wconf 88' lang='lat' dir='ltr'>ma-</span> 
     </span>
     <span class='ocr_line' id='line_1_17' title="bbox 280 1359 2363 1461; baseline -0.014 -21"><span class='ocrx_word' id='word_1_157' title='bbox 280 1407 386 1461; x_wconf 85' lang='lat' dir='ltr'>gno</span> <span class='ocrx_word' id='word_1_158' title='bbox 408 1382 589 1438; x_wconf 86' lang='lat' dir='ltr'>stetisse</span> <span class='ocrx_word' id='word_1_159' title='bbox 602 1381 827 1434; x_wconf 87' lang='lat' dir='ltr'>dicitur:</span> <span class='ocrx_word' id='word_1_160' title='bbox 871 1395 987 1429; x_wconf 89' lang='lat' dir='ltr'>nam</span> <span class='ocrx_word' id='word_1_161' title='bbox 1001 1369 1369 1427; x_wconf 81' lang='lat' dir='ltr'>scelestissimus</span> <span class='ocrx_word' id='word_1_162' title='bbox 1385 1367 1667 1437; x_wconf 84' lang='lat' dir='ltr'>Imperator</span> <span class='ocrx_word' id='word_1_163' title='bbox 1682 1361 2042 1423; x_wconf 83' lang='lat' dir='ltr'>Commodus,</span> <span class='ocrx_word' id='word_1_164' title='bbox 2079 1379 2227 1424; x_wconf 82' lang='lat' dir='ltr'>eum,</span> <span class='ocrx_word' id='word_1_165' title='bbox 2264 1359 2363 1431; x_wconf 77' lang='lat' dir='ltr'>qui</span> 
     </span>
     <span class='ocr_line' id='line_1_18' title="bbox 280 1432 2365 1528; baseline -0.013 -15"><span class='ocrx_word' id='word_1_166' title='bbox 280 1462 335 1513; x_wconf 84' lang='lat' dir='ltr'>T</span> <span class='ocrx_word' id='word_1_167' title='bbox 344 1456 585 1528; x_wconf 80' lang='lat' dir='ltr'>ranquilli</span> <span class='ocrx_word' id='word_1_168' title='bbox 605 1455 794 1507; x_wconf 89' lang='lat' dir='ltr'>librum</span> <span class='ocrx_word' id='word_1_169' title='bbox 809 1450 971 1503; x_wconf 89' lang='lat' dir='ltr'>vitam</span> <span class='ocrx_word' id='word_1_170' title='bbox 989 1445 1247 1519; x_wconf 76' lang='lat' dir='ltr'>Caligulae</span> <span class='ocrx_word' id='word_1_171' title='bbox 1262 1442 1612 1495; x_wconf 89' lang='lat' dir='ltr'>continentem</span> <span class='ocrx_word' id='word_1_172' title='bbox 1629 1436 1818 1509; x_wconf 85' lang='lat' dir='ltr'>legerat</span> <span class='ocrx_word' id='word_1_173' title='bbox 1837 1473 1851 1496; x_wconf 88' lang='lat'>‚</span> <span class='ocrx_word' id='word_1_174' title='bbox 1891 1432 2009 1485; x_wconf 78' lang='lat' dir='ltr'>feris</span> <span class='ocrx_word' id='word_1_175' title='bbox 2024 1433 2182 1506; x_wconf 87' lang='lat' dir='ltr'>objici</span> <span class='ocrx_word' id='word_1_176' title='bbox 2190 1433 2332 1503; x_wconf 78' lang='lat' dir='ltr'>jussit</span> <span class='ocrx_word' id='word_1_177' title='bbox 2345 1473 2365 1497; x_wconf 85' lang='lat'><strong><em>,</em></strong></span> 
     </span>
     <span class='ocr_line' id='line_1_19' title="bbox 283 1503 2367 1604; baseline -0.013 -19"><span class='ocrx_word' id='word_1_178' title='bbox 283 1531 431 1604; x_wconf 87' lang='lat' dir='ltr'>quod</span> <span class='ocrx_word' id='word_1_179' title='bbox 459 1529 680 1582; x_wconf 84' lang='lat' dir='ltr'>eundem</span> <span class='ocrx_word' id='word_1_180' title='bbox 708 1526 852 1577; x_wconf 88' lang='lat' dir='ltr'>diem</span> <span class='ocrx_word' id='word_1_181' title='bbox 882 1522 1062 1574; x_wconf 86' lang='lat' dir='ltr'>natalis</span> <span class='ocrx_word' id='word_1_182' title='bbox 1084 1518 1189 1592; x_wconf 89' lang='lat' dir='ltr'>ipse</span> <span class='ocrx_word' id='word_1_183' title='bbox 1211 1515 1453 1568; x_wconf 84' lang='lat' dir='ltr'>habuerat</span> <span class='ocrx_word' id='word_1_184' title='bbox 1470 1550 1485 1574; x_wconf 87' lang='lat'><strong><em>,</em></strong></span> <span class='ocrx_word' id='word_1_185' title='bbox 1524 1527 1683 1582; x_wconf 87' lang='lat' dir='ltr'>quem</span> <span class='ocrx_word' id='word_1_186' title='bbox 1711 1513 1762 1561; x_wconf 74' lang='grc' dir='ltr'>ὅτ</span> <span class='ocrx_word' id='word_1_187' title='bbox 1793 1506 2053 1579; x_wconf 79' lang='lat' dir='ltr'>Caligula.</span> <span class='ocrx_word' id='word_1_188' title='bbox 2131 1503 2367 1559; x_wconf 78' lang='lat' dir='ltr'>Historia</span> 
     </span>
     <span class='ocr_line' id='line_1_20' title="bbox 284 1577 2369 1666; baseline -0.015 -7"><span class='ocrx_word' id='word_1_189' title='bbox 284 1604 570 1659; x_wconf 86' lang='lat' dir='ltr'>duodecim</span> <span class='ocrx_word' id='word_1_190' title='bbox 600 1597 858 1655; x_wconf 68' lang='lat' dir='ltr'>Caesarum</span> <span class='ocrx_word' id='word_1_191' title='bbox 889 1615 917 1648; x_wconf 92' lang='lat' dir='ltr'>a</span> <span class='ocrx_word' id='word_1_192' title='bbox 941 1594 1084 1666; x_wconf 88' lang='lat' dir='ltr'>Julio</span> <span class='ocrx_word' id='word_1_193' title='bbox 1110 1595 1164 1644; x_wconf 87' lang='lat' dir='ltr'>in</span> <span class='ocrx_word' id='word_1_194' title='bbox 1204 1588 1571 1641; x_wconf 87' lang='lat' dir='ltr'>Domitianum</span> <span class='ocrx_word' id='word_1_195' title='bbox 1598 1582 1759 1653; x_wconf 80' lang='lat' dir='ltr'>usque</span> <span class='ocrx_word' id='word_1_196' title='bbox 1784 1578 2123 1642; x_wconf 85' lang='lat' dir='ltr'>descendens,</span> <span class='ocrx_word' id='word_1_197' title='bbox 2161 1578 2285 1632; x_wconf 71' lang='grc' dir='ltr'>οᾶὶο</span> <span class='ocrx_word' id='word_1_198' title='bbox 2313 1577 2369 1631; x_wconf 89' lang='lat' dir='ltr'>in</span> 
     </span>
     <span class='ocr_line' id='line_1_21' title="bbox 284 1650 2372 1734; baseline -0.014 -1"><span class='ocrx_word' id='word_1_199' title='bbox 284 1678 554 1734; x_wconf 79' lang='lat' dir='ltr'>volumina</span> <span class='ocrx_word' id='word_1_200' title='bbox 579 1687 780 1726; x_wconf 86' lang='lat' dir='ltr'>tantum</span> <span class='ocrx_word' id='word_1_201' title='bbox 807 1666 1152 1723; x_wconf 87' lang='lat' dir='ltr'>distribuenda</span> <span class='ocrx_word' id='word_1_202' title='bbox 1179 1660 1265 1716; x_wconf 85' lang='lat' dir='ltr'>est.</span> <span class='ocrx_word' id='word_1_203' title='bbox 1356 1656 1566 1730; x_wconf 79' lang='lat' dir='ltr'>Scripsit</span> <span class='ocrx_word' id='word_1_204' title='bbox 1594 1657 1715 1710; x_wconf 86' lang='lat' dir='ltr'>item</span> <span class='ocrx_word' id='word_1_205' title='bbox 1753 1653 2006 1726; x_wconf 85' lang='lat' dir='ltr'>permulta</span> <span class='ocrx_word' id='word_1_206' title='bbox 2030 1652 2132 1706; x_wconf 87' lang='lat' dir='ltr'>alia</span> <span class='ocrx_word' id='word_1_207' title='bbox 2151 1693 2167 1715; x_wconf 89' lang='lat'><em>,</em></span> <span class='ocrx_word' id='word_1_208' title='bbox 2220 1665 2278 1704; x_wconf 86' lang='lat' dir='ltr'>ut</span> <span class='ocrx_word' id='word_1_209' title='bbox 2303 1650 2372 1704; x_wconf 84' lang='lat' dir='ltr'>de</span> 
     </span>
     <span class='ocr_line' id='line_1_22' title="bbox 263 1722 2369 1804; baseline -0.015 1"><span class='ocrx_word' id='word_1_210' title='bbox 263 1751 591 1804; x_wconf 70' lang='lat' dir='ltr'>&#39;Graecorum</span> <span class='ocrx_word' id='word_1_211' title='bbox 619 1744 810 1799; x_wconf 84' lang='lat' dir='ltr'>lusibus</span> <span class='ocrx_word' id='word_1_212' title='bbox 833 1741 1023 1794; x_wconf 87' lang='lat' dir='ltr'>librum</span> <span class='ocrx_word' id='word_1_213' title='bbox 1050 1755 1208 1792; x_wconf 85' lang='lat' dir='ltr'>unum</span> <span class='ocrx_word' id='word_1_214' title='bbox 1227 1776 1242 1797; x_wconf 93' lang='lat'><strong><em>,</em></strong></span> <span class='ocrx_word' id='word_1_215' title='bbox 1284 1734 1350 1787; x_wconf 86' lang='lat' dir='ltr'>de</span> <span class='ocrx_word' id='word_1_216' title='bbox 1366 1735 1728 1787; x_wconf 80' lang='lat' dir='ltr'>Romanorum</span> <span class='ocrx_word' id='word_1_217' title='bbox 1745 1726 2106 1780; x_wconf 84' lang='lat' dir='ltr'>certaminibus</span> <span class='ocrx_word' id='word_1_218' title='bbox 2124 1763 2139 1787; x_wconf 86' lang='lat'>‚</span> <span class='ocrx_word' id='word_1_219' title='bbox 2179 1728 2229 1776; x_wconf 75' lang='grc' dir='ltr'>ὅτ,</span> <span class='ocrx_word' id='word_1_220' title='bbox 2258 1722 2369 1795; x_wconf 82' lang='lat' dir='ltr'>spe-</span> 
     </span>
     <span class='ocr_line' id='line_1_23' title="bbox 293 1797 2370 1881; baseline -0.013 -4"><span class='ocrx_word' id='word_1_221' title='bbox 293 1823 511 1879; x_wconf 66' lang='lat' dir='ltr'>&amp;aculis</span> <span class='ocrx_word' id='word_1_222' title='bbox 527 1821 658 1874; x_wconf 89' lang='lat' dir='ltr'>duos</span> <span class='ocrx_word' id='word_1_223' title='bbox 673 1856 688 1881; x_wconf 87' lang='lat'>‚</span> <span class='ocrx_word' id='word_1_224' title='bbox 728 1817 793 1869; x_wconf 91' lang='lat' dir='ltr'>de</span> <span class='ocrx_word' id='word_1_225' title='bbox 808 1834 943 1868; x_wconf 87' lang='lat' dir='ltr'>anno</span> <span class='ocrx_word' id='word_1_226' title='bbox 957 1817 1201 1867; x_wconf 85' lang='lat' dir='ltr'>Romano</span> <span class='ocrx_word' id='word_1_227' title='bbox 1216 1823 1377 1860; x_wconf 89' lang='lat' dir='ltr'>unum</span> <span class='ocrx_word' id='word_1_228' title='bbox 1395 1842 1410 1867; x_wconf 90' lang='lat'>,</span> <span class='ocrx_word' id='word_1_229' title='bbox 1448 1804 1514 1857; x_wconf 91' lang='lat' dir='ltr'>de</span> <span class='ocrx_word' id='word_1_230' title='bbox 1526 1802 1675 1875; x_wconf 81' lang='lat' dir='ltr'>signis</span> <span class='ocrx_word' id='word_1_231' title='bbox 1689 1839 1704 1864; x_wconf 92' lang='lat'>‚</span> <span class='ocrx_word' id='word_1_232' title='bbox 1738 1819 1854 1873; x_wconf 86' lang='lat' dir='ltr'>quae</span> <span class='ocrx_word' id='word_1_233' title='bbox 1871 1800 1925 1851; x_wconf 87' lang='lat' dir='ltr'>in</span> <span class='ocrx_word' id='word_1_234' title='bbox 1939 1799 2080 1851; x_wconf 87' lang='lat' dir='ltr'>libris</span> <span class='ocrx_word' id='word_1_235' title='bbox 2092 1797 2370 1868; x_wconf 81' lang='lat' dir='ltr'>reperiren-</span> 
     </span>
     <span class='ocr_line' id='line_1_24' title="bbox 291 1869 2372 1957; baseline -0.014 -6"><span class='ocrx_word' id='word_1_236' title='bbox 291 1911 374 1951; x_wconf 71' lang='lat' dir='ltr'>tur</span> <span class='ocrx_word' id='word_1_237' title='bbox 399 1912 558 1947; x_wconf 88' lang='lat' dir='ltr'>unum</span> <span class='ocrx_word' id='word_1_238' title='bbox 574 1935 586 1955; x_wconf 95' lang='lat'>,</span> <span class='ocrx_word' id='word_1_239' title='bbox 628 1892 692 1944; x_wconf 92' lang='lat' dir='ltr'>ad</span> <span class='ocrx_word' id='word_1_240' title='bbox 720 1890 830 1942; x_wconf 81' lang='lat' dir='ltr'>haec</span> <span class='ocrx_word' id='word_1_241' title='bbox 856 1888 923 1940; x_wconf 87' lang='lat' dir='ltr'>de</span> <span class='ocrx_word' id='word_1_242' title='bbox 951 1884 1244 1957; x_wconf 86' lang='lat' dir='ltr'>Republica</span> <span class='ocrx_word' id='word_1_243' title='bbox 1278 1877 1552 1933; x_wconf 85' lang='lat' dir='ltr'>Ciceronis</span> <span class='ocrx_word' id='word_1_244' title='bbox 1578 1887 1754 1927; x_wconf 90' lang='lat' dir='ltr'>contra</span> <span class='ocrx_word' id='word_1_245' title='bbox 1770 1872 2060 1945; x_wconf 84' lang='lat' dir='ltr'>Didymum</span> <span class='ocrx_word' id='word_1_246' title='bbox 2078 1869 2372 1944; x_wconf 80' lang='lat' dir='ltr'>grammati-</span> 
     </span>
     <span class='ocr_line' id='line_1_25' title="bbox 293 1941 2374 2033; baseline -0.013 -11"><span class='ocrx_word' id='word_1_247' title='bbox 293 1987 414 2023; x_wconf 89' lang='lat' dir='ltr'>cum</span> <span class='ocrx_word' id='word_1_248' title='bbox 436 2005 453 2031; x_wconf 87' lang='lat'>,</span> <span class='ocrx_word' id='word_1_249' title='bbox 491 1966 557 2018; x_wconf 90' lang='lat' dir='ltr'>de</span> <span class='ocrx_word' id='word_1_250' title='bbox 585 1962 802 2017; x_wconf 87' lang='lat' dir='ltr'>vestium</span> <span class='ocrx_word' id='word_1_251' title='bbox 827 1977 1009 2033; x_wconf 81' lang='lat' dir='ltr'>genere</span> <span class='ocrx_word' id='word_1_252' title='bbox 1034 1974 1190 2030; x_wconf 86' lang='lat' dir='ltr'>atque</span> <span class='ocrx_word' id='word_1_253' title='bbox 1213 1951 1508 2007; x_wconf 86' lang='lat' dir='ltr'>nominibus</span> <span class='ocrx_word' id='word_1_254' title='bbox 1524 1987 1539 2013; x_wconf 84' lang='lat'>,</span> <span class='ocrx_word' id='word_1_255' title='bbox 1577 1947 1643 2001; x_wconf 91' lang='lat' dir='ltr'>de</span> <span class='ocrx_word' id='word_1_256' title='bbox 1667 1944 1908 2000; x_wconf 84' lang='lat' dir='ltr'>ominosis</span> <span class='ocrx_word' id='word_1_257' title='bbox 1923 1945 2089 2001; x_wconf 84' lang='lat' dir='ltr'>verbis</span> <span class='ocrx_word' id='word_1_258' title='bbox 2104 1981 2121 2008; x_wconf 90' lang='lat'>‚</span> <span class='ocrx_word' id='word_1_259' title='bbox 2159 1947 2212 1996; x_wconf 75' lang='grc' dir='ltr'>δε</span> <span class='ocrx_word' id='word_1_260' title='bbox 2232 1941 2374 1995; x_wconf 89' lang='lat' dir='ltr'>unde</span> 
     </span>
     <span class='ocr_line' id='line_1_26' title="bbox 294 2014 2373 2114; baseline -0.013 -20"><span class='ocrx_word' id='word_1_261' title='bbox 294 2057 518 2114; x_wconf 69' lang='lat' dir='ltr'>quaeque</span> <span class='ocrx_word' id='word_1_262' title='bbox 556 2035 744 2089; x_wconf 83' lang='lat' dir='ltr'>fuerint</span> <span class='ocrx_word' id='word_1_263' title='bbox 771 2031 1026 2104; x_wconf 83' lang='lat' dir='ltr'>appellata</span> <span class='ocrx_word' id='word_1_264' title='bbox 1054 2069 1070 2094; x_wconf 86' lang='lat'>,</span> <span class='ocrx_word' id='word_1_265' title='bbox 1119 2030 1186 2083; x_wconf 89' lang='lat' dir='ltr'>de</span> <span class='ocrx_word' id='word_1_266' title='bbox 1218 2030 1394 2082; x_wconf 83' lang='lat' dir='ltr'>Roma</span> <span class='ocrx_word' id='word_1_267' title='bbox 1419 2021 1526 2095; x_wconf 88' lang='lat' dir='ltr'>ipsa</span> <span class='ocrx_word' id='word_1_268' title='bbox 1556 2019 1764 2092; x_wconf 87' lang='lat' dir='ltr'>ejusque</span> <span class='ocrx_word' id='word_1_269' title='bbox 1787 2017 2034 2072; x_wconf 74' lang='lat' dir='ltr'>institutis</span> <span class='ocrx_word' id='word_1_270' title='bbox 2061 2022 2112 2070; x_wconf 71' lang='grc' dir='ltr'>δε</span> <span class='ocrx_word' id='word_1_271' title='bbox 2143 2014 2373 2069; x_wconf 73' lang='lat' dir='ltr'>moribus</span> 
     </span>
     <span class='ocr_line' id='line_1_27' title="bbox 294 2092 2375 2178; baseline -0.014 -11"><span class='ocrx_word' id='word_1_272' title='bbox 294 2115 457 2168; x_wconf 90' lang='lat' dir='ltr'>libros</span> <span class='ocrx_word' id='word_1_273' title='bbox 483 2109 686 2164; x_wconf 87' lang='lat' dir='ltr'>annales</span> <span class='ocrx_word' id='word_1_274' title='bbox 702 2146 720 2170; x_wconf 87' lang='lat'>,</span> <span class='ocrx_word' id='word_1_275' title='bbox 759 2108 985 2178; x_wconf 87' lang='lat' dir='ltr'>primum</span> <span class='ocrx_word' id='word_1_276' title='bbox 1000 2106 1152 2157; x_wconf 86' lang='lat' dir='ltr'>etiam</span> <span class='ocrx_word' id='word_1_277' title='bbox 1169 2101 1379 2154; x_wconf 86' lang='lat' dir='ltr'>stemma</span> <span class='ocrx_word' id='word_1_278' title='bbox 1394 2096 1676 2164; x_wconf 85' lang='lat' dir='ltr'>seriemque</span> <span class='ocrx_word' id='word_1_279' title='bbox 1689 2092 1960 2146; x_wconf 88' lang='lat' dir='ltr'>illustrium</span> <span class='ocrx_word' id='word_1_280' title='bbox 1981 2094 2338 2146; x_wconf 84' lang='lat' dir='ltr'>Romanorum</span> <span class='ocrx_word' id='word_1_281' title='bbox 2357 2124 2375 2151; x_wconf 84' lang='lat'><strong>,</strong></span> 
     </span>
     <span class='ocr_line' id='line_1_28' title="bbox 294 2159 2374 2258; baseline -0.014 -18"><span class='ocrx_word' id='word_1_282' title='bbox 294 2187 362 2240; x_wconf 89' lang='lat' dir='ltr'>de</span> <span class='ocrx_word' id='word_1_283' title='bbox 390 2204 499 2258; x_wconf 89' lang='lat' dir='ltr'>quo</span> <span class='ocrx_word' id='word_1_284' title='bbox 524 2182 714 2237; x_wconf 89' lang='lat' dir='ltr'>scilicet</span> <span class='ocrx_word' id='word_1_285' title='bbox 743 2178 1010 2233; x_wconf 88' lang='lat' dir='ltr'>volumine</span> <span class='ocrx_word' id='word_1_286' title='bbox 1048 2181 1099 2229; x_wconf 86' lang='lat'>&amp;</span> <span class='ocrx_word' id='word_1_287' title='bbox 1139 2175 1290 2228; x_wconf 89' lang='lat' dir='ltr'>divus</span> <span class='ocrx_word' id='word_1_288' title='bbox 1314 2173 1666 2239; x_wconf 87' lang='lat' dir='ltr'>Hieronymus</span> <span class='ocrx_word' id='word_1_289' title='bbox 1691 2165 1983 2217; x_wconf 88' lang='lat' dir='ltr'>meminerit</span> <span class='ocrx_word' id='word_1_290' title='bbox 2010 2201 2024 2226; x_wconf 89' lang='lat'>‚</span> <span class='ocrx_word' id='word_1_291' title='bbox 2078 2162 2143 2214; x_wconf 85' lang='lat' dir='ltr'>de</span> <span class='ocrx_word' id='word_1_292' title='bbox 2171 2159 2374 2214; x_wconf 88' lang='lat' dir='ltr'>officio-</span> 
     </span>
     <span class='ocr_line' id='line_1_29' title="bbox 295 2233 2372 2322; baseline -0.014 -9"><span class='ocrx_word' id='word_1_293' title='bbox 295 2277 408 2313; x_wconf 79' lang='lat' dir='ltr'>rum</span> <span class='ocrx_word' id='word_1_294' title='bbox 424 2256 744 2311; x_wconf 86' lang='lat' dir='ltr'>institutione</span> <span class='ocrx_word' id='word_1_295' title='bbox 760 2291 775 2315; x_wconf 89' lang='lat'>‚</span> <span class='ocrx_word' id='word_1_296' title='bbox 800 2252 865 2304; x_wconf 91' lang='lat' dir='ltr'>de</span> <span class='ocrx_word' id='word_1_297' title='bbox 878 2249 1177 2322; x_wconf 82' lang='lat' dir='ltr'>praetoribus</span> <span class='ocrx_word' id='word_1_298' title='bbox 1194 2286 1209 2309; x_wconf 83' lang='grc'>,</span> <span class='ocrx_word' id='word_1_299' title='bbox 1239 2248 1381 2315; x_wconf 87' lang='lat' dir='ltr'>cujus</span> <span class='ocrx_word' id='word_1_300' title='bbox 1392 2261 1456 2295; x_wconf 84' lang='lat' dir='ltr'>ex</span> <span class='ocrx_word' id='word_1_301' title='bbox 1475 2253 1660 2311; x_wconf 88' lang='lat' dir='ltr'>quarto</span> <span class='ocrx_word' id='word_1_302' title='bbox 1673 2238 1967 2307; x_wconf 66' lang='lat' dir='ltr'>ostavoque</span> <span class='ocrx_word' id='word_1_303' title='bbox 1981 2236 2112 2289; x_wconf 88' lang='lat' dir='ltr'>libro</span> <span class='ocrx_word' id='word_1_304' title='bbox 2127 2233 2372 2286; x_wconf 79' lang='lat' dir='ltr'>nonnulla</span> 
     </span>
     <span class='ocr_line' id='line_1_30' title="bbox 294 2306 2376 2387; baseline -0.014 0"><span class='ocrx_word' id='word_1_305' title='bbox 294 2332 448 2387; x_wconf 86' lang='lat' dir='ltr'>verba</span> <span class='ocrx_word' id='word_1_306' title='bbox 484 2335 537 2383; x_wconf 74' lang='grc' dir='ltr'>δε</span> <span class='ocrx_word' id='word_1_307' title='bbox 576 2326 860 2382; x_wconf 88' lang='lat' dir='ltr'>Priscianus</span> <span class='ocrx_word' id='word_1_308' title='bbox 882 2322 1110 2375; x_wconf 84' lang='lat' dir='ltr'>adducit.</span> <span class='ocrx_word' id='word_1_309' title='bbox 1189 2319 1258 2371; x_wconf 84' lang='lat' dir='ltr'>Et</span> <span class='ocrx_word' id='word_1_310' title='bbox 1284 2317 1500 2387; x_wconf 85' lang='lat' dir='ltr'>scriptor</span> <span class='ocrx_word' id='word_1_311' title='bbox 1526 2312 1650 2365; x_wconf 87' lang='lat' dir='ltr'>alius</span> <span class='ocrx_word' id='word_1_312' title='bbox 1676 2311 1741 2363; x_wconf 92' lang='lat' dir='ltr'>de</span> <span class='ocrx_word' id='word_1_313' title='bbox 1775 2311 1944 2380; x_wconf 76' lang='lat' dir='ltr'>poetis</span> <span class='ocrx_word' id='word_1_314' title='bbox 1975 2347 1990 2372; x_wconf 87' lang='lat'><strong><em>,</em></strong></span> <span class='ocrx_word' id='word_1_315' title='bbox 2040 2308 2288 2378; x_wconf 87' lang='lat' dir='ltr'>idemque</span> <span class='ocrx_word' id='word_1_316' title='bbox 2308 2306 2376 2359; x_wconf 90' lang='lat' dir='ltr'>de</span> 
     </span>
     <span class='ocr_line' id='line_1_31' title="bbox 296 2379 2373 2475; baseline -0.013 -16"><span class='ocrx_word' id='word_1_317' title='bbox 296 2402 572 2475; x_wconf 74' lang='lat' dir='ltr'>triumphis</span> <span class='ocrx_word' id='word_1_318' title='bbox 587 2416 769 2473; x_wconf 89' lang='lat' dir='ltr'>agens,</span> <span class='ocrx_word' id='word_1_319' title='bbox 801 2395 1172 2466; x_wconf 82' lang='lat' dir='ltr'>Tranquillum</span> <span class='ocrx_word' id='word_1_320' title='bbox 1190 2389 1467 2460; x_wconf 88' lang='lat' dir='ltr'>utrobique</span> <span class='ocrx_word' id='word_1_321' title='bbox 1481 2386 1664 2456; x_wconf 88' lang='lat' dir='ltr'>allegat</span> <span class='ocrx_word' id='word_1_322' title='bbox 1677 2383 1952 2436; x_wconf 61' lang='lat' dir='ltr'>merorem.</span> <span class='ocrx_word' id='word_1_323' title='bbox 1995 2379 2204 2452; x_wconf 77' lang='lat' dir='ltr'>Scripsit</span> <span class='ocrx_word' id='word_1_324' title='bbox 2216 2381 2373 2432; x_wconf 85' lang='lat' dir='ltr'>etiam</span> 
     </span>
     <span class='ocr_line' id='line_1_32' title="bbox 296 2453 2374 2544; baseline -0.014 -12"><span class='ocrx_word' id='word_1_325' title='bbox 296 2480 363 2533; x_wconf 89' lang='lat' dir='ltr'>de</span> <span class='ocrx_word' id='word_1_326' title='bbox 386 2479 522 2532; x_wconf 83' lang='lat' dir='ltr'>vitiis</span> <span class='ocrx_word' id='word_1_327' title='bbox 549 2470 901 2544; x_wconf 87' lang='lat' dir='ltr'>corporalibus</span> <span class='ocrx_word' id='word_1_328' title='bbox 917 2507 932 2532; x_wconf 90' lang='lat'>‚</span> <span class='ocrx_word' id='word_1_329' title='bbox 971 2481 1029 2519; x_wconf 88' lang='lat' dir='ltr'>ut</span> <span class='ocrx_word' id='word_1_330' title='bbox 1055 2465 1294 2519; x_wconf 88' lang='lat' dir='ltr'>meminit</span> <span class='ocrx_word' id='word_1_331' title='bbox 1319 2462 1522 2515; x_wconf 85' lang='lat' dir='ltr'>Servius</span> <span class='ocrx_word' id='word_1_332' title='bbox 1551 2461 1603 2510; x_wconf 91' lang='lat' dir='ltr'>in</span> <span class='ocrx_word' id='word_1_333' title='bbox 1625 2455 1901 2510; x_wconf 84' lang='lat' dir='ltr'>Bucolicis.</span> <span class='ocrx_word' id='word_1_334' title='bbox 1979 2453 2157 2507; x_wconf 87' lang='lat' dir='ltr'>Exstat</span> <span class='ocrx_word' id='word_1_335' title='bbox 2174 2467 2374 2526; x_wconf 74' lang='lat' dir='ltr'>praeter..</span> 
     </span>
     <span class='ocr_line' id='line_1_33' title="bbox 297 2527 2376 2615; baseline -0.014 -10"><span class='ocrx_word' id='word_1_336' title='bbox 297 2570 386 2615; x_wconf 83' lang='lat' dir='ltr'>ea,</span> <span class='ocrx_word' id='word_1_337' title='bbox 423 2549 508 2604; x_wconf 92' lang='lat' dir='ltr'>sed</span> <span class='ocrx_word' id='word_1_338' title='bbox 532 2547 802 2606; x_wconf 82' lang='lat' dir='ltr'>mutilum,</span> <span class='ocrx_word' id='word_1_339' title='bbox 840 2556 995 2612; x_wconf 88' lang='lat' dir='ltr'>atque</span> <span class='ocrx_word' id='word_1_340' title='bbox 1021 2538 1355 2593; x_wconf 83' lang='lat' dir='ltr'>dimidiatum</span> <span class='ocrx_word' id='word_1_341' title='bbox 1371 2548 1392 2598; x_wconf 61' lang='grc'>,“</span> <span class='ocrx_word' id='word_1_342' title='bbox 1425 2533 1572 2604; x_wconf 89' lang='lat' dir='ltr'>quod</span> <span class='ocrx_word' id='word_1_343' title='bbox 1585 2531 1633 2584; x_wconf 91' lang='lat' dir='ltr'>ei</span> <span class='ocrx_word' id='word_1_344' title='bbox 1648 2547 1862 2601; x_wconf 87' lang='lat' dir='ltr'>quoque</span> <span class='ocrx_word' id='word_1_345' title='bbox 1883 2527 2207 2590; x_wconf 85' lang='lat' dir='ltr'>adscribitur,</span> <span class='ocrx_word' id='word_1_346' title='bbox 2244 2544 2376 2597; x_wconf 87' lang='lat' dir='ltr'>opu-</span> 
     </span>
     <span class='ocr_line' id='line_1_34' title="bbox 299 2599 2374 2689; baseline -0.014 -11"><span class='ocrx_word' id='word_1_347' title='bbox 299 2624 495 2677; x_wconf 86' lang='lat' dir='ltr'>sculum</span> <span class='ocrx_word' id='word_1_348' title='bbox 520 2622 586 2675; x_wconf 92' lang='lat' dir='ltr'>de</span> <span class='ocrx_word' id='word_1_349' title='bbox 614 2619 758 2673; x_wconf 88' lang='lat' dir='ltr'>claris</span> <span class='ocrx_word' id='word_1_350' title='bbox 786 2614 1128 2689; x_wconf 81' lang='lat' dir='ltr'>grammaticis</span> <span class='ocrx_word' id='word_1_351' title='bbox 1158 2616 1210 2663; x_wconf 85' lang='lat'>&amp;</span> <span class='ocrx_word' id='word_1_352' title='bbox 1235 2607 1534 2662; x_wconf 84' lang='lat' dir='ltr'>rhetoribus.</span> <span class='ocrx_word' id='word_1_353' title='bbox 1614 2605 1789 2673; x_wconf 85' lang='lat' dir='ltr'>Atque</span> <span class='ocrx_word' id='word_1_354' title='bbox 1817 2602 1926 2654; x_wconf 82' lang='lat' dir='ltr'>haec</span> <span class='ocrx_word' id='word_1_355' title='bbox 1955 2599 2058 2653; x_wconf 87' lang='lat' dir='ltr'>fere</span> <span class='ocrx_word' id='word_1_356' title='bbox 2072 2599 2214 2662; x_wconf 86' lang='lat' dir='ltr'>sunt,</span> <span class='ocrx_word' id='word_1_357' title='bbox 2254 2611 2374 2668; x_wconf 68' lang='lat' dir='ltr'>quae</span> 
     </span>
     <span class='ocr_line' id='line_1_35' title="bbox 300 2668 2373 2750; baseline -0.014 -1"><span class='ocrx_word' id='word_1_358' title='bbox 300 2697 367 2749; x_wconf 90' lang='lat' dir='ltr'>de</span> <span class='ocrx_word' id='word_1_359' title='bbox 404 2696 609 2750; x_wconf 59' lang='lat' dir='ltr'>aufiwre</span> <span class='ocrx_word' id='word_1_360' title='bbox 648 2693 749 2745; x_wconf 88' lang='lat' dir='ltr'>hoc</span> <span class='ocrx_word' id='word_1_361' title='bbox 790 2707 856 2743; x_wconf 82' lang='lat' dir='ltr'>ex</span> <span class='ocrx_word' id='word_1_362' title='bbox 894 2685 1100 2740; x_wconf 83' lang='lat' dir='ltr'>diversis</span> <span class='ocrx_word' id='word_1_363' title='bbox 1147 2685 1227 2737; x_wconf 91' lang='lat' dir='ltr'>vel</span> <span class='ocrx_word' id='word_1_364' title='bbox 1274 2680 1468 2734; x_wconf 76' lang='lat' dir='ltr'>Graecis</span> <span class='ocrx_word' id='word_1_365' title='bbox 1513 2676 1593 2731; x_wconf 89' lang='lat' dir='ltr'>vel</span> <span class='ocrx_word' id='word_1_366' title='bbox 1635 2675 1834 2728; x_wconf 87' lang='lat' dir='ltr'>Latinis</span> <span class='ocrx_word' id='word_1_367' title='bbox 1860 2673 2190 2746; x_wconf 83' lang='lat' dir='ltr'>scriptoribus</span> <span class='ocrx_word' id='word_1_368' title='bbox 2214 2668 2373 2742; x_wconf 84' lang='lat' dir='ltr'>primi</span> 
     </span>
     <span class='ocr_line' id='line_1_36' title="bbox 302 2743 2370 2841; baseline -0.014 -20"><span class='ocrx_word' id='word_1_369' title='bbox 302 2786 394 2821; x_wconf 85' lang='lat' dir='ltr'>nos</span> <span class='ocrx_word' id='word_1_370' title='bbox 435 2767 623 2841; x_wconf 83' lang='lat' dir='ltr'>(quod</span> <span class='ocrx_word' id='word_1_371' title='bbox 648 2775 936 2836; x_wconf 85' lang='lat' dir='ltr'>arroganter</span> <span class='ocrx_word' id='word_1_372' title='bbox 966 2773 1135 2812; x_wconf 88' lang='lat' dir='ltr'>tamen</span> <span class='ocrx_word' id='word_1_373' title='bbox 1162 2756 1363 2809; x_wconf 62' lang='lat' dir='ltr'>diuum</span> <span class='ocrx_word' id='word_1_374' title='bbox 1391 2752 1556 2805; x_wconf 89' lang='lat' dir='ltr'>videri</span> <span class='ocrx_word' id='word_1_375' title='bbox 1584 2747 1793 2815; x_wconf 79' lang='lat' dir='ltr'>nolim)</span> <span class='ocrx_word' id='word_1_376' title='bbox 1831 2746 1915 2801; x_wconf 89' lang='lat' dir='ltr'>sed</span> <span class='ocrx_word' id='word_1_377' title='bbox 1941 2759 2074 2798; x_wconf 87' lang='lat' dir='ltr'>certe</span> <span class='ocrx_word' id='word_1_378' title='bbox 2096 2743 2251 2817; x_wconf 87' lang='lat' dir='ltr'>primi</span> <span class='ocrx_word' id='word_1_379' title='bbox 2281 2756 2370 2793; x_wconf 83' lang='lat' dir='ltr'>nos</span> 
     </span>
     <span class='ocr_line' id='line_1_37' title="bbox 306 2815 2366 2910; baseline -0.015 -16"><span class='ocrx_word' id='word_1_380' title='bbox 306 2841 336 2910; x_wconf 75' lang='grc' dir='ltr'>ζ</span> <span class='ocrx_word' id='word_1_381' title='bbox 348 2839 467 2892; x_wconf 78' lang='lat' dir='ltr'>abfit</span> <span class='ocrx_word' id='word_1_382' title='bbox 482 2836 722 2909; x_wconf 76' lang='lat' dir='ltr'>invidia)</span> <span class='ocrx_word' id='word_1_383' title='bbox 750 2833 1054 2905; x_wconf 85' lang='lat' dir='ltr'>collegimus</span> <span class='ocrx_word' id='word_1_384' title='bbox 1070 2874 1083 2894; x_wconf 81' lang='lat'>‚</span> <span class='ocrx_word' id='word_1_385' title='bbox 1107 2830 1284 2902; x_wconf 85' lang='lat' dir='ltr'>primi,</span> <span class='ocrx_word' id='word_1_386' title='bbox 1298 2840 1552 2899; x_wconf 61' lang='lat' dir='ltr'>quantum⁴</span> <span class='ocrx_word' id='word_1_387' title='bbox 1566 2822 1742 2884; x_wconf 87' lang='lat' dir='ltr'>vide0‚</span> <span class='ocrx_word' id='word_1_388' title='bbox 1758 2821 1810 2872; x_wconf 90' lang='lat' dir='ltr'>in</span> <span class='ocrx_word' id='word_1_389' title='bbox 1826 2820 2056 2873; x_wconf 83' lang='lat' dir='ltr'>medium</span> <span class='ocrx_word' id='word_1_390' title='bbox 2074 2815 2366 2871; x_wconf 81' lang='lat' dir='ltr'>extulimus.</span> 
     </span>
     <span class='ocr_line' id='line_1_38' title="bbox 307 2884 2368 2975; baseline -0.016 -10"><span class='ocrx_word' id='word_1_391' title='bbox 307 2912 450 2966; x_wconf 82' lang='lat' dir='ltr'>Nam</span> <span class='ocrx_word' id='word_1_392' title='bbox 473 2913 537 2964; x_wconf 86' lang='lat' dir='ltr'>de</span> <span class='ocrx_word' id='word_1_393' title='bbox 561 2913 637 2963; x_wconf 90' lang='lat' dir='ltr'>his</span> <span class='ocrx_word' id='word_1_394' title='bbox 663 2909 902 2962; x_wconf 87' lang='lat' dir='ltr'>omnibus</span> <span class='ocrx_word' id='word_1_395' title='bbox 928 2904 1067 2975; x_wconf 88' lang='lat' dir='ltr'>apud</span> <span class='ocrx_word' id='word_1_396' title='bbox 1108 2902 1405 2956; x_wconf 88' lang='lat' dir='ltr'>Domitium</span> <span class='ocrx_word' id='word_1_397' title='bbox 1432 2914 1647 2970; x_wconf 89' lang='lat' dir='ltr'>quoque</span> <span class='ocrx_word' id='word_1_398' title='bbox 1675 2893 1839 2966; x_wconf 90' lang='lat' dir='ltr'>ipsum</span> <span class='ocrx_word' id='word_1_399' title='bbox 1880 2890 2221 2946; x_wconf 86' lang='lat' dir='ltr'>Aristarchum</span> <span class='ocrx_word' id='word_1_400' title='bbox 2247 2884 2368 2936; x_wconf 91' lang='lat' dir='ltr'>alte-</span> 
     </span>
     <span class='ocr_line' id='line_1_39' title="bbox 307 2957 2372 3044; baseline -0.015 -7"><span class='ocrx_word' id='word_1_401' title='bbox 307 3001 418 3037; x_wconf 84' lang='lat' dir='ltr'>rum</span> <span class='ocrx_word' id='word_1_402' title='bbox 448 3021 464 3044; x_wconf 89' lang='lat'>,</span> <span class='ocrx_word' id='word_1_403' title='bbox 514 2997 571 3035; x_wconf 86' lang='lat' dir='ltr'>ut</span> <span class='ocrx_word' id='word_1_404' title='bbox 594 2982 675 3034; x_wconf 87' lang='lat' dir='ltr'>isti</span> <span class='ocrx_word' id='word_1_405' title='bbox 706 2982 887 3034; x_wconf 83' lang='lat' dir='ltr'>volunt</span> <span class='ocrx_word' id='word_1_406' title='bbox 914 2978 1011 3030; x_wconf 82' lang='lat' dir='ltr'>effe</span> <span class='ocrx_word' id='word_1_407' title='bbox 1038 3015 1052 3039; x_wconf 90' lang='lat'>,</span> <span class='ocrx_word' id='word_1_408' title='bbox 1103 2977 1287 3029; x_wconf 89' lang='lat' dir='ltr'>mirum</span> <span class='ocrx_word' id='word_1_409' title='bbox 1315 2972 1570 3026; x_wconf 85' lang='lat' dir='ltr'>silentium</span> <span class='ocrx_word' id='word_1_410' title='bbox 1598 2966 1668 3020; x_wconf 91' lang='lat' dir='ltr'>est</span> <span class='ocrx_word' id='word_1_411' title='bbox 1696 3004 1714 3031; x_wconf 90' lang='lat'>,</span> <span class='ocrx_word' id='word_1_412' title='bbox 1765 2966 1860 3036; x_wconf 88' lang='lat' dir='ltr'>qui</span> <span class='ocrx_word' id='word_1_413' title='bbox 1884 2980 2049 3019; x_wconf 91' lang='lat' dir='ltr'>tamen</span> <span class='ocrx_word' id='word_1_414' title='bbox 2079 2957 2372 3012; x_wconf 76' lang='lat' dir='ltr'>sinisteriora</span> 
     </span>
    </p>
   </div>
   <div class='ocr_carea' id='block_1_3' title="bbox 305 3027 2373 3155">
    <p class='ocr_par' dir='ltr' id='par_1_3' title="bbox 305 3027 2373 3155">
     <span class='ocr_line' id='line_1_40' title="bbox 305 3027 2370 3130; baseline -0.015 -21"><span class='ocrx_word' id='word_1_415' title='bbox 305 3054 543 3130; x_wconf 74' lang='lat' dir='ltr'>quaedam</span> <span class='ocrx_word' id='word_1_416' title='bbox 566 3055 630 3109; x_wconf 91' lang='lat' dir='ltr'>de</span> <span class='ocrx_word' id='word_1_417' title='bbox 644 3054 874 3109; x_wconf 85' lang='lat' dir='ltr'>Suetonii</span> <span class='ocrx_word' id='word_1_418' title='bbox 891 3050 1120 3105; x_wconf 81' lang='lat' dir='ltr'>moribus</span> <span class='ocrx_word' id='word_1_419' title='bbox 1134 3047 1449 3106; x_wconf 59' lang='lat' dir='ltr'>consectatur</span> <span class='ocrx_word' id='word_1_420' title='bbox 1462 3082 1482 3109; x_wconf 83' lang='lat'><em>‚</em></span> <span class='ocrx_word' id='word_1_421' title='bbox 1522 3040 1712 3106; x_wconf 88' lang='lat' dir='ltr'>Marii,</span> <span class='ocrx_word' id='word_1_422' title='bbox 1754 3036 1921 3092; x_wconf 85' lang='lat' dir='ltr'>nescio</span> <span class='ocrx_word' id='word_1_423' title='bbox 1937 3038 2077 3107; x_wconf 85' lang='lat' dir='ltr'>cujus</span> <span class='ocrx_word' id='word_1_424' title='bbox 2089 3068 2107 3096; x_wconf 85' lang='grc'>,</span> <span class='ocrx_word' id='word_1_425' title='bbox 2145 3027 2370 3108; x_wconf 84' lang='lat' dir='ltr'>testimo-</span> 
     </span>
     <span class='ocr_line' id='line_1_41' title="bbox 2228 3118 2373 3155; baseline -0.007 0"><span class='ocrx_word' id='word_1_426' title='bbox 2228 3118 2373 3155; x_wconf 83' lang='lat' dir='ltr'>nium</span> 
     </span>
    </p>
   </div>
  </div>
 </body>
</html>
