2504 3425
597 195 982 252 THEoD.
1054 201 1126 255 ¹M

118 293 204 331 ‘stt-v.
221 302 302 327 xvi.
321 287 471 325 lib.xx¹.
487 288 555 331 ait,
575 290 655 324 Scto
673 287 732 324 illo
754 297 891 325 cautum
903 286 1018 333 fiiisl‘e,
1046 302 1085 327 ut
1111 290 1138 329 fi

110 340 350 380 iconientiente
367 338 517 374 domino
537 338 658 374 mulier
685 337 717 374 se
745 336 898 384 junxisset
916 339 1013 378 servo
1033 342 1105 387 ejus
1121 370 1133 386 ,

90 404 186 430 ·n0n
211 389 358 434 ancilla,
392 386 450 424 sed
479 387 598 424 liberta
628 387 718 426 esset.
776 387 843 425 Sed
871 390 1031 436 Cujacius
1059 403 1131 428 non

112 442 180 479 alio
206 441 240 478 id
265 450 474 483 argumento
508 437 647 475 efficere
684 438 796 487 potest
822 451 929 489 quam
957 453 999 477 ex
1023 442 1130 479 Paulli

110 491 290 530 Sententiis
303 484 378 528 “rin
402 503 436 526 x.
465 488 508 525 ad
535 491 650 526 Sctum
672 487 834 528 Orfitian„
862 489 920 526 lib.
954 504 1005 530 1v.
1063 492 1129 530 Sed

71 529 80 535 ⁶
110 543 154 580 de
172 541 242 579 filia
260 542 307 579 ibi
322 570 337 585 v„
369 553 444 576 non
462 539 504 576 de
527 551 638 577 matre
655 540 796 590 agitur5
841 540 953 590 itaque
978 540 1061 578 nihil
1085 543 1129 580 ad

104 594 164 637 id,
210 607 281 645 quo
313 592 357 628 de
384 603 474 627 nunc
510 591 628 641 agitur.
686 590 786 627 Aliud
821 589 870 626 est
906 602 1057 636 matrem
1086 605 1129 630 ex

103 647 183 681 Scto
202 673 213 687 ‚
251 642 342 680 aliud
367 639 476 678 filiam
505 640 664 679 libertam
693 639 779 678 fieri.
837 641 1043 687 Cuiusmodi
1073 655 1128 681 ca-

104 695 157 731 sus
185 696 289 731 etiam
318 693 341 732 l.
357 706 433 729 111-
467 693 509 729 C.
528 691 706 731 Theodo's.
737 690 780 728 ad
802 694 921 728 Sctum
946 692 1123 752 Claudian.

104 747 234 795 Neque
282 744 461 782 Suetonius
508 755 597 780 nunc
643 744 828 793 quicquam
866 742 909 778 de
944 754 1057 781 matre
1091 744 1127 780 lt-

104 795 200 832 berta
230 795 393 844 adjungitc
450 793 584 831 Eadem
608 807 694 832 vero
727 793 891 829 sententia
926 795 994 830 Scti
1023 793 1125 831 Clau-

1165 218 1723 264 ARcILlUS.
2129 238 2200 293 27

1177 295 1355 334 Sic-etiam
1374 297 1544 349 Augustus
1562 312 1628 338 non
1644 300 1790 351 nisisbro
1809 306 1930 354 recepit
1949 307 2042 345 hanc
2056 311 2206 358 adpella-

1179 345 1325 391 tionem,
1351 359 1387 384 ut
1428 360 1524 397 patet
1564 353 1719 388 Suetonii
1740 366 1769 390 c.
1794 364 1924 393 tvnr.
1959 360 1998 394 ὅ(
2031 360 2066 396 in
2086 361 2202 401 Fastis.

1181 396 1293 432 Etiam
1318 400 1417 435 Nero
1432 401 1738 441 Suetoniic.v111.
1766 407 1803 440 δε
1823 405 2017 447 Hadrianus
2029 411 2121 461 apud
2133 412 2197 451 [ΕΙ.

1182 448 1401 496 Spartianum
1417 477 1429 492 ,
1457 450 1650 488 Antoninus
1672 454 1750 489 Pius
1767 455 1856 504 apud
1876 457 2036 497 eundem.
2094 461 2201 499 Tibe-

1182 497 1247 534 rius
1272 511 1317 534 ne
1335 499 1462 548 recepit
1485 501 1627 551 quidem
1660 505 1810 541 omnino
1828 534 1839 548 ,
1881 510 2033 549 Suetonii
2047 524 2076 547 c.
2095 525 2198 551 xxvi.

1182 546 1248 584 Sed
1265 548 1440 598 paullatim
1459 550 1702 589 consuetudine
1718 567 1895 605 receptum
1914 558 1961 595 est
1982 588 1994 603 ‚
2040 572 2077 598 ut
2101 564 2201 600 Prin-

1180 597 1273 647 cipes
1303 605 1430 636 omnes
1467 610 1581 648 patres
1608 604 1724 650 patrie
1757 604 1947 646 dicerentur
1966 639 1978 652 ‚
2024 611 2096 648 Dio
2135 613 2194 652 lib.

1180 655 1287 686 t111.
1345 650 1447 686 Unde
1485 651 1562 687 illud
1589 652 1767 691 Callistrati
1793 655 1814 693 l.
1834 671 1911 694 κῐκ.
1958 659 2001 695 de
2019 662 2193 701 Interdist.

1177 699 1216 732 δε
1242 698 1347 748 releg.
1375 703 1412 736 &
1439 701 1473 736 in
1495 700 1668 739 Basilico:
1715 704 1771 752 Est
1800 708 1890 744 enim
1918 711 2072 760 Princeps
2090 721 2192 761 pater

1170 754 1298 794 patrm„

1233 803 1329 833 Nam
1350 798 1615 845 consuetudinem
1628 804 1824 852 salutantes
1840 808 2062 860 scrutandi]
2100 817 2196 852 Scru-

104 845 196 883 diani
214 875 228 890 ,
268 858 352 883 cum
378 857 421 880 eo
450 846 544 891 cujus
570 846 690 881 auctor
715 841 946 891 Vespasianus
962 872 975 886 ,
1013 856 1123 894 neque
1178 846 1272 882 tandi
1291 847 1501 886 consuetudo
1529 852 1584 888 illa
1604 855 1696 902 regia
1714 856 1798 892 olim
1816 886 1828 900 ,
1863 861 1951 909 apud
1976 861 2197 904 Plutarchum

108 910 244 935 novum
292 893 493 945 Vespasiani
545 893 614 930 hoc
660 896 739 940 jus,
787 891 844 927 sed
886 904 1123 937 renovatum,
1179 897 1213 932 in
1241 897 1495 943 Timoleonte,

107 947 306 984 oblitterato
346 944 505 986 videlicet
540 957 601 994 per
639 943 728 979 bella
765 941 874 980 civilia
913 944 993 980 Scto
1020 942 1129 980 Clau-

95 997 257 1092 {iiffi‘ss'm
294 1058 411 1082 autem
455 1042 554 1080 modi
592 1054 729 1092 quoque
759 1040 812 1077 lex
848 1042 981 1078 Danica
1008 1042 1118 1088 olim,

94 1100 186 1148 apud
211 1103 383 1135 saxonem
409 1093 691 1130 Grammaticum
712 1091 869 1129 Historiae
895 1092 1041 1129 Danicae
1058 1093 1117 1132 lib.

96 1162 129 1185 v.
160 1148 359 1185 Frothonem
378 1173 389 1188 ‚
427 1144 550 1181 scilicet
568 1155 690 1192 regem
710 1171 722 1186 ,
752 1141 922 1199 statuissp‚
961 1153 1000 1178 ut
1027 1142 1052 1189 fi
1075 1143 1117 1180 li-

95 1198 173 1235 beru
198 1195 393 1246 consenfiffiet
412 1197 449 1232 in
472 1195 611 1242 servum
630 1222 643 1237 ,
677 1205 743 1242 ejus
761 1193 982 1230 conditzonem
1007 1206 1114 1243 aqua-

89 1262 113 1284 Ὺ
131 1259 156 1286 t.
922 1294 928 1300 ι
952 1294 959 1302 .

115 1263 314 1347 eExigendi
341 1296 503 1344 crediti]
551 1295 693 1345 Proprie
725 1292 806 1330 dixit
839 1295 969 1332 credztz.
1026 1298 1112 1332 Cre-

81 1349 192 1386 <leudi
221 1350 315 1385 enim
340 1346 452 1387 verbo
475 1346 550 1384 usus
575 1346 717 1383 senatus.
775 1347 918 1401 Nempe
942 1373 953 1388 ‚
993 1347 1108 1403 Mace-

89 1400 223 1437 donem
252 1400 387 1436 solitum
413 1398 549 1434 incertis
579 1394 766 1432 nominibus
788 1403 972 1452 pecumam·
995 1396 1110 1443 filins.

88 1452 218 1486 credere
236 1449 257 1486 l.
275 1464 302 1487 1.
334 1452 381 1486 D.
400 1447 446 1483 ad
463 1450 514 1484 Sc.
537 1445 721 1483 Macedon.
746 1446 887 1495 Proprie
907 1445 1029 1482 scilicet
1044 1460 1110 1484 cre-

90 1501 129 1536 di
149 1501 292 1550 pecunia
314 1499 441 1536 dicitur.
500 1500 591 1545 Qua:
613 1496 678 1532 sint
696 1506 811 1533 autem
831 1498 974 1553 nomina
990 1507 1102 1544 certa,

89 1553 246 1592 incerta,
268 1549 363 1597 salfh
381 1578 393 1593 ,
423 1548 597 1594 fallacia,
627 1547 693 1584 dixi
711 1546 756 1583 ad
785 1547 922 1582 Horatii
949 1546 1043 1597 epist.
1076 1563 1104 1586 1.

86 1599 147 1637 lib.
165 1614 176 1637 1
190 1615 218 1638 1.

34 1658 37 1659 ’
144 1657 215 1686 Hoc
243 1649 312 1696 est,
340 1661 381 1684 ne
404 1648 472 1696 post
494 1649 605 1696 patris
632 1647 768 1696 quidem
796 1646 976 1696 mortem]
1002 1651 1106 1685 Fene-

81 1711 216 1737 ssratores
238 1699 319 1736 dare
347 1698 432 1735 soliti
460 1698 622 1748 pecunias
652 1697 764 1734 fenori
794 1696 1105 1744 filiisfamilfflrum,

85 1751 144 1786 tali
174 1749 393 1800 >stipulatione
413 1777 422 1790 ‚
477 1760 510 1784 ut
545 1760 639 1797 patre
676 1759 817 1784 mortuo
861 1752 897 1784 δε
923 1746 1019 1786 fenus
1068 1754 1106 1787 δε

78 1800 208 1838 sortem
235 1799 431 1841 solverent,
476 1797 658 1841 videlicet,
687 1811 768 1834 cum
795 1796 876 1834 faeti
906 1798 1102 1847 patresfam.

84 1862 142 1888 aut
170 1862 206 1888 ut
232 1850 333 1888 fenus
361 1848 503 1899 quidem
531 1848 699 1886 solverent
728 1847 1003 1897 praesentarium,
1034 1850 1104 1889 live

82 1901 223 1946 idibus;
269 1900 400 1938 sortem
435 1912 520 1938 vero
551 1896 621 1936 five
650 1910 779 1948 caput,
828 1910 921 1947 patre
949 1912 1101 1939 mortuo.

84 1952 232 1989 Peffima
250 1953 363 2002 itaque
383 1949 551 2001 stipulatio
568 1948 621 1985 illa
634 1978 646 1993 ‚
671 1949 793 1985 collata
819 1949 853 1985 in
870 1961 1025 1987 mortem
1047 1965 1105 2001 pa-

80 2003 161 2047 tris,
191 2003 337 2042 invitans
352 1998 621 2052 quodammodo
642 1998 777 2043 filium,
805 2011 839 2036 ut
858 2012 914 2057 aut
932 2000 1104 2051 exspecta-

85 2064 136 2089 ret
161 2065 315 2090 mortem
337 2053 453 2103 patris,
483 2062 540 2088 aut
559 2063 603 2087 ne
622 2050 829 2100 exspectaret
855 2050 1000 2108 qmdem
1022 2052 1044 2089 l.
1061 2068 1102 2110 ¹1.

80 2107 114 2147 .§.
134 2118 163 2140 1.
182 2107 228 2140 D.
243 2103 285 2140 de
300 2107 381 2140 Scto
394 2101 578 2139 Macedon.
608 2102 713 2137 Paulli
731 2105 880 2137 Sentent.
918 2105 1033 2160 Tinx3
1047 2103 1104 2142 hb.

87 2167 141 2190 ιτ.
178 2154 337 2191 Similiter
353 2153 516 2190 Claudius
541 2151 629 2203 apud
658 2155 699 2189 C.
720 2153 882 2188 Tacitum
908 2152 1030 2208 Anu-ah
1046 2167 1103 2192 xi.

80 2202 251 2238 Claudius
271 2233 282 2247 ,
325 2205 431 2253 inquit
453 2232 464 2247 ,
503 2203 569 2252 lege
598 2203 674 2238 latu
699 2203 870 2249 flavinum
900 2203 1103 2258 credtcorum

83 2253 221 2287 coercuit
237 2280 248 2295 ,
285 2267 325 2289 ne
351 2254 389 2289 in
411 2264 549 2290 mortem
563 2261 750 2301 parentum-
762 2254 917 2300 pecunius
929 2252 1102 2309 filllffam·

69 2303 185 2347 fenori
196 2303 338 2346 darent,
367 2307 435 2340 δίε.
493 2303 761 2341 Idemvidelicet
779 2302 1104 2342 senatusconsultum

83 2352 312 2388 Claudianum
332 2356 368 2388 δ(
391 2353 686 2389 Macedonianum
704 2381 715 2396 ,
743 2365 778 2389 ut
805 2356 897 2389 reue
918 2356 1006 2392 Petr,
1043 2359 1104 2392 Fa-

85 2402 146 2439 ber
170 2404 202 2438 in
223 2401 448 2439 Semestribus
482 2416 509 2439 c.
533 2403 590 2439 ult.
628 2402 684 2439 lib.
718 2418 745 2440 1.
792 2404 1030 2440 Claudianum
1049 2407 1102 2444 ,ab

83 2455 224 2489 auctore
249 2467 259 2489 2
293 2451 580 2488 Macedonianum
620 2452 664 2489 ab
694 2467 738 2489 eo
758 2482 769 2497 ,
813 2454 971 2490 adversus
997 2470 1103 2505 quem

1541 905 1579 938 ὅ(
1602 904 1636 939 in
1663 905 1780 941 Dione
1815 910 1906 957 apud
1940 911 2109 954 justinum
2133 915 2194 955 lib.

1178 959 1350 985 xxxviii.
1381 948 1439 985 ubi
1456 962 1526 985 mos
1542 951 1596 988 ille
1623 952 1745 990 dicitur
1771 954 1836 992 effe
1865 962 1983 1006 regius.
2041 966 2195 1013 Regium

1178 996 1303 1034 deinde
1326 997 1416 1035 hunc
1434 1009 1575 1038 morem
1593 1001 1767 1052 usurpavit
1784 1007 1913 1054 primus
1927 1012 2056 1047 Romae
2072 1015 2192 1063 Augu-

1177 1047 1244 1084 stus
1260 1077 1271 1091 ‚
1297 1061 1378 1085 cum
1395 1049 1552 1088 senatum
1575 1052 1729 1102 legeret,
1768 1058 1921 1093 Suetonii
1937 1072 1966 1096 c.
1979 1073 2081 1099 xxxv.
2111 1066 2194 1102 Post

1175 1107 1299 1135 autem
1329 1099 1387 1136 alii
1410 1113 1547 1151 quoqne
1574 1104 1728 1141 nonnulli
1750 1117 1786 1142 ut
1816 1106 1978 1146 Claudius
1994 1138 2007 1152 ,
2042 1114 2194 1151 Suetonii

1175 1162 1315 1187 c.xxxv.
1343 1151 1451 1187 etiam
1471 1154 1595 1196 Nero,
1622 1154 1687 1192 alii.
1742 1155 1974 1206 Vespasianus
1998 1159 2122 1199 deinde
2139 1177 2192 1200 re-

1175 1199 1328 1249 pudiavit
1343 1229 1355 1243 ,
1385 1200 1441 1238 sed
1460 1203 1538 1251 post
1555 1204 1610 1241 alii
1627 1207 1839 1256 repetivere,
1867 1220 1904 1246 ut
1927 1212 2070 1251 Severus
2095 1214 2189 1265 apud

1173 1250 1235 1287 AEl.
1255 1252 1485 1301 Spartianum.

1484 1385 1517 1420 C
1544 1384 1574 1421 A
1603 1387 1639 1423 P.
1698 1389 1822 1426 XIII„

1217 1501 1472 1547 Caufidicorum
1506 1505 1670 1556 figuras.]
1730 1508 1937 1557 Cuiusmodi
1981 1513 2081 1553 salvii
2106 1518 2185 1554 -Lie

1166 1549 1289 1589 beralis
1323 1554 1479 1592 causidici
1503 1557 1645 1603 figura,
1692 1558 1763 1598 five
1800 1560 1936 1599 aculeus
1975 1562 2046 1602 five
2090 1580 2187 1605 mor-2

1165 1600 1219 1639 sus
1271 1601 1437 1653 figuratus
1456 1634 1468 1649 ,
1519 1606 1586 1643 hoc
1629 1608 1703 1659 ipso
1751 1611 1864 1660 capite
1918 1614 1955 1650 in
1998 1615 2183 1667 Vespasia-

1162 1663 1259 1689 num.

1163 1705 1304 1751 figuras
1336 1718 1464 1756 nempe
1498 1709 1603 1754 Caius
1635 1709 1750 1747 noster
1776 1712 1914 1763 intelligi
1942 1714 2044 1761 vult,
2081 1729 2170 1767 quos

1161 1754 1321 1792 Macrob.
1357 1758 1518 1795 saturnal.
1545 1773 1573 1794 c.
1600 1773 1675 1797 111.
1703 1760 1759 1798 lib.
1781 1775 1863 1800 vir.
1919 1767 2044 1813 morsus
2076 1782 2182 1807 vocat

1151 1802 1316 1851 figuratos
1332 1834 1342 1847 ,
1393 1808 1512 1844 Fabius
1535 1822 1564 1845 c.
1583 1824 1634 1846 11.
1664 1810 1721 1848 lib.
1738 1825 1787 1849 1x.,
1814 1813 1987 1859 schemata
2004 1844 2012 1856 ,
2060 1819 2178 1858 Aurel.

1161 1854 1286 1891 Victor
1308 1857 1341 1891 in
1368 1857 1578 1907 Vespasiano
1605 1860 1733 1910 oblique
1762 1864 1855 1898 dicla
1875 1892 1886 1906 ‚
1930 1865 1993 1902 AEl.
2032 1870 2181 1915 Spartia-

1159 1915 1221 1940 nus
1238 1906 1271 1940 in
1300 1909 1430 1944 Severo
1452 1911 1546 1944 dicia
1557 1909 1720 1958 figurata.
1779 1914 1823 1948 At
1849 1917 2028 1964 Eutropius
2056 1930 2180 1967 parum

1159 1955 1254 1990 reste
1274 1958 1437 1995 convicia.
1496 1961 1661 1996 Convicia
1691 1962 1785 1997 enim
1814 1975 1930 2012 aperte
1958 1967 2144 2014 graslantur
2163 1998 2176 2014 ,

1159 2001 1278 2054 figurae
1301 2006 1396 2054 quali
1425 2023 1464 2045 ex
1502 2009 1626 2046 insidiis
1652 2009 1721 2050 live
1739 2012 1902 2051 subseliis.
1959 2020 2085 2067 Neque
2109 2022 2180 2056 Sui-

1160 2053 1222 2091 das
1249 2058 1383 2103 optime
1414 2060 1448 2095 iu
1467 2058 1682 2109 Vespasiano
1702 2064 1901 2106 σκώμματα
1919 2067 2056 2116 ρητόρων
2078 2069 2170 2108 dixit.

1161 2107 1258 2141 Nam
1276 2106 1468 2146 scommata
1490 2113 1582 2146 recta
1604 2114 1639 2146 ὃ(
1661 2124 1779 2161 aperta
1798 2114 1870 2150 sunt
1896 2131 1905 2152 ε
1951 2115 2062 2167 figura
2086 2123 2176 2157 testa

1159 2159 1197 2191 δε
1216 2157 1356 2206 obliqua
1374 2188 1386 2202 ,
1414 2164 1449 2196 ὃς
1481 2159 1576 2210 quali
1604 2174 1686 2198 cum
1715 2164 1794 2200 velo
1825 2166 1883 2202 est,
1943 2171 2052 2214 Cujus
2075 2173 2175 2208 modi

1158 2207 1275 2242 velum
1302 2208 1518 2246 Lucilianum
1550 2211 1639 2261 apud
1665 2214 1874 2252 Ciceronem
1910 2218 2002 2266 epist.
2022 2232 2080 2257 xi.
2115 2221 2174 2258 lib.

1157 2269 1240 2294 xvi.
1277 2257 1319 2294 ad
1338 2260 1437 2297 Attic.
1487 2261 1543 2298 ubi
1561 2261 1654 2299 male
1684 2264 1843 2315 scriptum
1864 2267 1970 2315 vulgo
1987 2296 1998 2311 ‚
2037 2272 2174 2308 vallum

1159 2308 1389 2347 Lucilianum.

1158 2357 1317 2402 Fallitur,
1366 2362 1423 2411 qui
1452 2361 1590 2398 easdem
1621 2363 1710 2412 apud
1754 2365 1998 2405 Herodianum
2032 2367 2090 2408 lib.
2117 2385 2169 2410 xv,

1158 2409 1273 2445 censet
1303 2413 1494 2456 *nominari
1534 2427 1671 2463 quoque
1721 2415 1941 2463 ὑπογραφάς.
2000 2423 2098 2458 Nam
2124 2422 2172 2459 ibi

1155 2458 1364 2506 ὁπογροιφοιι
1412 2462 1483 2499 {unt
1511 2491 1522 2505 ,
1566 2475 1649 2513 quas
1682 2467 1802 2501 austol-
1843 2467 1884 2503 ad
1926 2472 2078 2507 Herenn.
2108 2471 2166 2510 lib.

79 2502 221 2541 factum.
279 2507 319 2539 Et
336 2503 412 2551 quia
435 2501 531 2538 bellis
552 2501 702 2539 civilibus
724 2506 795 2547 jam
813 2503 1045 2542 oblitteratum
1065 2510 1103 2543 &
1156 2521 1214 2546 vl.
1252 2511 1396 2546 notiones
1413 2525 1516 2550 vocat
1537 2543 1547 2555 ‚
1572 2514 1827 2563 Theophrastus
1856 2516 2070 2557 charafferes·
2128 2526 2170 2560 Et

83 2554 268 2590 evanidum
289 2550 521 2603 Vespasianus
540 2553 650 2599 vigori
680 2553 816 2601 pristino
836 2553 994 2596 restituit,
1025 2557 1104 2592 Fla-

80 2606 226 2641 vianum
249 2616 387 2653 quoque
406 2601 538 2639 dixeris.
596 2604 683 2638 Non
703 2602 867 2638 dissimilis
893 2602 946 2638 lex
976 2606 1010 2639 in
1037 2608 1104 2641 Ca—
1127 2595 1133 2660 f

79 2655 238 2706 pitulariis
257 2653 374 2690 Caroli
393 2656 441 2690 M.
462 2665 497 2692 C.
516 2663 644 2688 ccxxv.
675 2651 732 2688 lib.
753 2666 792 2689 vi
808 2667 852 2709 ι..
865 2652 923 2688 ubi
950 2656 1095 2711 nomine

79 2707 233 2753 pecunia:
258 2733 268 2748 ‚
312 2704 520 2753 accipiendae
559 2715 695 2752 quoque
732 2716 785 2739 res
811 2702 883 2738 aliae
903 2731 914 2745 ,
967 2705 1102 2741 creditae

81 2754 242 2792 filiofam.
275 2756 310 2791 in
333 2753 491 2790 fraudem
518 2752 617 2802 legis,
648 2765 683 2788 ut
707 2751 754 2788 est
772 2766 909 2810 quoqne
930 2752 949 2788 l.
966 2768 977 2811 .¹
993 2769 1001 2789 ι
1018 2768 1043 2791 ι.
1072 2760 1102 2798 §.

80 2812 110 2840 Is
126 2817 240 2842 autem
262 2808 309 2842 D.
331 2804 373 2840 de
391 2808 443 2840 Sc.
466 2804 648 2840 Macedon.
680 2806 785 2840 Vetat
806 2816 899 2839 enim
917 2816 1100 2853 quicquam

80 2855 170 2892 credi
192 2858 225 2892 in
232 2856 400 2903 fraudem
422 2855 500 2892 Scti.
559 2857 685 2904 Neque
703 2852 859 2892 diffimile
878 2855 927 2901 jus
945 2855 1101 2894 moribus

78 2906 206 2945 Gallim.

432 3008 586 3045 cAP.
641 3009 740 3045 x11.
1116 3018 1120 3060 l

132 3111 177 3144 Et
196 3107 312 3146 Patris
326 3108 444 3159 patriae
471 3109 728 3158 adpellationem
759 3105 817 3156 mfi
841 3107 914 3156 Jbro
936 3108 1088 3159 recepit.]

1155 2558 1296 2606 quidem
1334 2562 1394 2595 tria
1421 2562 1466 2598 ibi
1497 2564 1586 2611 apud
1620 2565 1858 2602 Herodianum
1896 2567 1949 2604 illa
1982 2568 2167 2616 differunt,

1154 2607 1386 2652 σκώμματα,
1442 2612 1648 2657 ὑπογραφαὶ
1676 2643 1688 2657 ,
1743 2615 1900 2653 παιδιαί.
1977 2626 2169 2659 scommata

1155 2655 1225 2694 sive
1251 2659 1506 2703 cavillationes,
1551 2666 1588 2699 ὅ(
1617 2667 1763 2700 notiones
1781 2694 1792 2708 ‚
1829 2670 1866 2702 δε
1891 2667 1991 2717 lusus.
2048 2674 2169 2710 Scom-

1153 2718 1247 2744 mata
1265 2707 1411 2745 breviter
1433 2711 1522 2747 dicta
1541 2740 1553 2755 ‚
1590 2715 1752 2750 notiones
1770 2715 1882 2766 longae
1904 2747 1915 2761 ,
1950 2718 2036 2756 lusus
2059 2721 2168 2760 hilari-

1155 2758 1245 2795 tatis.
1302 2762 1507 2797 scommata
1548 2775 1634 2799 vero
1669 2769 1706 2801 &
1735 2767 1896 2804 notiones
1929 2770 2033 2807 etiam
2079 2772 2168 2811 serio

1153 2806 1218 2844 dici
1236 2807 1379 2859 poss'unt.
1440 2814 1579 2849 Horum
1602 2813 1683 2850 nihil
1700 2815 1748 2851 est
1769 2820 1903 2867 proprie
1923 2848 1934 2862 ‚
1965 2819 2059 2871 quod
2076 2837 2167 2862 nunc

1151 2859 1331 2897 Suetonius
1363 2860 1513 2909 figuram
1549 2876 1661 2901 vocar.
1722 2869 1911 2904 Herodiani
1936 2871 2042 2908 verba
2069 2873 2164 2918 sunt,

1149 2906 1192 2944 de
1212 2909 1475 2949 AlexandriniS:
1504 2914 1689 2958 Πεφύκοιγι
1706 2913 1744 2951 δέ
1771 2915 1844 2953 waſs
1862 2918 1946 2956 εἶναι
1966 2924 2166 2968 φιλοσκῶμμ

1148 2974 1268 3004 μονες,
1309 2962 1369 2998 nal
1405 2962 1517 3005 λέγει»
1568 2964 1718 3011 {vs-&zac
1758 2968 1995 3018 ὑπογραφάς,
2035 2975 2167 3017 ἦπου..

1145 3007 1232 3050 dioec.

1151 3060 1245 3097 Soliti
1281 3072 1396 3099 autem
1434 3067 1565 3101 Romae
1604 3065 1761 3104 causidici
1806 3072 1912 3108 etiam
1948 3072 2051 3109 causae
2099 3073 2164 3110 suae

1145 3110 1323 3162 dispendio
1341 3142 1352 3156 ,
1390 3115 1653 3164 intemperantia
1685 3117 1808 3170 linguat
1834 3123 1988 3172 provecti
2005 3150 2016 3168 ‚
2052 3124 2087 3209 iic]l
2113 3126 2161 3168 ju—

1364 3165 1564 3203 Dddddd
1592 3181 1611 3204 z
2090 3175 2159 3210 ices
