2504 3425
700 127 1680 196 D.JUL1usCAESAR.
2197 159 2264 213 77

182 215 298 263 verso
323 217 372 263 ad
399 218 546 265 melius
566 221 735 277 omine,
770 223 896 267 Teneo
916 237 976 279 te,
1013 225 1175 285 inquit,
1212 227 1381 287 Africa.
1450 228 1521 274 Ad
1535 228 1756 275 eludendas
1768 243 1906 277 autern
1919 232 2260 289 vaticinationCS,

181 280 334 344 quibus
356 279 457 328 felix
472 288 515 328 &
530 285 733 329 invietu‘m
749 286 791 329 in
813 303 859 331 ea
879 289 1093 348 provincia
1112 287 1285 334 fataliter
1307 293 1554 352 Scipionum
1567 311 1724 339 nomen
1739 291 1972 351 ferebatur,
2007 296 2262 358 despeffisfi-

181 361 298 390 mum
321 347 531 408 quendam
565 366 614 393 ex
650 350 952 395 Corneliorum
987 368 1167 414 genere,
1202 354 1269 396 cui
1291 355 1339 398 acl
1369 356 1645 417 opprobrium
1670 359 1761 403 vitae
1793 359 1993 404 Salutioni
2021 377 2261 422 cognomen

93 418 153 459 60
179 423 288 465 erat,
325 411 369 454 in
388 409 521 457 castris
535 411 674 458 secum
699 411 859 458 habuit.
927 417 1066 460 Praelia
1090 433 1176 460 non
1201 429 1361 461 tantum
1388 419 1588 466 destinato
1606 456 1618 477 ,
1654 420 1720 466 sed
1744 439 1793 466 ex
1818 422 2033 468 occasione
2047 423 2257 471 sumebat:

178 488 224 518 ac
237 471 339 534 saepe
350 473 401 519 ab
416 476 564 521 itinere
575 475 707 532 statim
723 512 734 533 ‚
768 476 978 523 interdum
994 478 1256 540 spurciffimis
1269 481 1580 542 tempestatibus
1592 521 1604 541 ‚
1640 502 1735 530 cum
1749 487 1926 531 minime
1941 488 2034 549 quis
2047 502 2259 535 moturum

2138 567 2258 613 puta-

175 606 359 656 randssfque
369 607 435 643 viis
448 608 616 644 :maxime
626 621 699 645 cum
699 609 802 657 sylva
807 610 1015 658 penetranda
1026 639 1038 654 ,
1055 620 1117 646 aut
1127 612 1187 646 cir-

178 657 341 705 cumfi’ptae
353 657 482 692 collibus
483 658 682 705 solitudines
692 661 912 706 pervadenda*
925 689 935 702 ,
966 664 1035 696 &cx
1064 665 1184 697 BERN.

233 705 530 754 Gubernatorem]
579 709 644 743 Cui
663 721 796 745 nomen
812 708 873 745 fuit
891 710 1064 758 Amyclas.
1101 713 1183 746 Luc.

180 759 224 793 V.
244 770 275 795 v.
297 772 372 803 520.
394 759 450 792 ID.

493 809 526 842 T
552 820 575 843 0
601 820 625 843 R
656 821 681 844 R
708 819 729 843 E
758 820 781 844 N
815 820 849 843 T.

223 856 292 892 Cui
306 857 353 892 ad
367 856 568 904 opprobrium
591 857 668 892 vitae.
689 854 894 905 Salvltoni.]
954 858 1006 894 Sic
1026 858 1183 895 Pulman-

173 921 252 950 nus,
278 909 315 942 δε
337 920 412 943 Mss.
433 906 537 943 nostri
561 918 717 957 quatuor.
775 909 821 944 At
835 906 910 944 libri
927 909 1013 957 typis
1034 908 1184 958 impreffi

169 956 337 994 Salutioni
355 986 367 1001 ,
402 956 554 994 nonnulli
581 959 685 994 etiam
714 956 928 996 Salutatiom'.
982 963 1064 995 Sunt
1099 973 1184 1009 quo-

167 1022 234 1059 que
251 1038 262 1052 ,
305 1009 361 1057 qui
389 1007 495 1046 verba
523 1007 577 1043 illa
594 1036 606 1050 ,
640 1009 688 1043 ad
715 1007 918 1055 opprobrium
947 1009 1051 1051 vita,
1090 1022 1125 1045 ut
1142 1024 1183 1047 ex

167 1057 382 1108 glossematio
400 1057 551 1108 profesta
568 1087 579 1101 ,
612 1057 756 1094 delenda
781 1057 966 1103 censeant3
1004 1059 1083 1095 ideo
1111 1058 1179 1096 for-

166 1108 258 1145 taffis
272 1136 284 1151 ,
309 1109 402 1159 quod
427 1111 462 1145 in
482 1109 694 1159 cognomine
712 1107 784 1157 ipso
794 1109 925 1145 nullum
946 1110 1177 1159 opprobrium

163 1160 314 1198 videant.
344 1159 429 1196 Plin.
449 1172 531 1196 vti.
560 1171 726 1209 cap.xxi.
756 1159 931 1208 Scipiones
951 1160 1057 1202 duos,
1096 1160 1178 1196 alte-

160 1224 240 1248 rum
259 1222 279 1246 a
297 1211 501 1260 Serapione,
545 1210 638 1245 suarii
654 1210 875 1259 negotiatoris
893 1211 1068 1260 mancipio
1084 1228 1094 1254 3
1136 1211 1181 1247 al-

161 1272 276 1298 terum
295 1271 314 1296 a
333 1261 504 1297 Salutione
523 1261 637 1296 mimo
652 1257 781 1296 traxiffe
799 1272 932 1296 nomen
943 1260 1064 1297 scribit.
1111 1262 1176 1298 Sed

159 1315 198 1348 ὅ(
217 1312 270 1349 ille
294 1310 391 1347 Plinii
407 1311 501 1347 locus
528 1309 618 1347 forte
642 1309 863 1347 restituendus
880 1311 950 1354 est,
989 1322 1024 1347 ut
1041 1311 1176 1348 Salvito

158 1362 299 1412 legatur.
329 1374 414 1397 nam
440 1362 474 1397 in
500 1374 585 1397 meo
612 1374 751 1411 quoque
775 1360 893 1397 codice
914 1360 1061 1397 salvitto
1091 1361 1172 1411 legi-

157 1424 222 1450 tur.
280 1416 418 1449 Verum
438 1410 507 1449 {ive
517 1411 668 1455 sal-vito,
694 1411 763 1448 live
779 1410 925 1454 Salutio,
956 1410 1024 1449 five
1041 1411 1170 1448 Salatto

1237 610 1372 650 lutionis
1394 626 1412 649 a
1433 616 1568 659 mimo,
1599 620 1650 654 cui
1669 617 1784 657 similis
1806 619 1868 656 fuit
1889 648 1902 663 ,
1934 617 2066 656 traxisse
2089 649 2100 663 ‚
2139 622 2256 658 creda-

1238 674 1315 698 mus
1332 663 1520 702 affirmanti
1537 668 1644 704 Plinio
1669 669 1755 706 libro
1786 683 1868 707 v11.
1894 671 2072 707 Suetonius
2097 672 2142 707 ait
2162 700 2174 714 ‚
2211 671 2258 708 ad

1239 713 1465 760 opprobrium
1484 718 1558 753 x‘itae
1577 717 1609 753 id
1630 718 1674 754 illi
1691 721 1910 770 cognominis
1936 719 2001 758 esse
2027 720 2229 771 impositum
2249 737 2259 758 t

1238 761 1331 805 quod
1352 777 1423 800 non
1442 779 1609 817 repugnat
1628 768 1798 806 sententiae
1815 771 1922 806 Plinii.
1960 783 2139 822 utrumque
2159 773 2255 810 enim

1241 806 1314 847 fieri
1331 816 1438 862 potuit
1457 845 1467 857 ‚
1505 829 1539 852 ut
1555 820 1591 852 ἃ
1611 818 1719 860 vultus
1736 824 1772 856 ὃ(
1793 834 1934 857 morum
1963 820 2184 858 similitudine
2204 823 2253 860 hi-

1239 859 1402 900 strionem
1439 866 1534 902 illum
1579 866 1726 905 referret.
1797 872 1848 906 Sic
1881 871 2025 921 legimus
2060 874 2254 911 Curionem

1238 923 1415 950 oratorem
1435 929 1580 966 corpore
1606 921 1642 953 ὃ(
1668 919 1779 968 lingua
1799 921 1964 969 percitum
1989 922 2250 971 &inquietum,

1234 962 1405 1010 Barbuleji
1433 968 1561 1002 Scenici
1597 981 1730 1005 nomen
1766 972 1927 1006 coactum
1957 971 2126 1020 suscipere.
2180 975 2250 1011 Hic

1235 1011 1359 1050 Salutio
1376 1028 1396 1051 a
1415 1016 1548 1052 Caefiu'e
1568 1029 1640 1054 tum
1662 1017 1840 1062 affinmus,
1880 1022 1914 1056 in
1935 1023 2041 1070 gratia
2062 1023 2151 1071 apud
2167 1037 2249 1061 eum

1234 1062 1350 1110 postea
1367 1064 1428 1102 fuit
1448 1071 1483 1102 &
1505 1067 1584 1103 loco
1601 1069 1727 1118 aliquo.
1786 1074 1882 1120 Opes
1907 1070 1985 1106 sane
2011 1083 2120 1108 tantas
2152 1086 2249 1123 para-

1231 1114 1279 1147 vit
1294 1142 1305 1155 ,
1345 1128 1381 1151 ut
1406 1129 1526 1153 earum
1550 1120 1786 1169 magnitudine
1815 1122 2012 1170 Scipionem
2033 1136 2141 1159 imum
2161 1137 2179 1159 e
2199 1123 2249 1160 fa-

1229 1163 1323 1199 milia
1351 1164 1590 1204 Africanorum
1607 1170 1797 1213 induxerit,
1826 1183 1861 1207 ut
1880 1171 1980 1208 vellet
1996 1173 2249 1212 testamentaria

1230 1212 1416 1264 adoptione
1435 1219 1468 1254 in
1484 1217 1654 1256 familiam
1675 1219 1775 1257 fimul
1794 1225 1831 1257 δ(
1848 1235 1981 1258 nomen
2001 1224 2032 1258 ei
2052 1223 2242 1262 succedere.

1229 1264 1322 1313 quod
1348 1264 1479 1304 fastum
1513 1269 1685 1307 nobilibus
1715 1272 1794 1309 viris
1819 1272 2045 1309 vehementer
2069 1274 2246 1323 improba-

1229 1324 1303 1350 tum
1317 1344 1328 1358 ,
1369 1316 1516 1354 Messalae
1535 1321 1707 1369 imprimis
1726 1353 1738 1367 ‚
1787 1323 1843 1371 qui
1869 1335 1911 1358 ea
1939 1321 2047 1360 caussa
2068 1336 2184 1361 motus
2208 1325 2245 1362 li-

1231 1363 1331 1401 brum
1364 1367 1465 1404 edidit
1495 1369 1539 1406 de
1563 1372 1720 1408 Familiis.
1776 1374 1896 1409 auctor
1932 1373 2015 1411 Plin.
2055 1373 2111 1411 lib.
2142 1388 2242 1413 xxxv.

1230 1416 1319 1451 Viris
1355 1417 1491 1462 doctis,
1532 1422 1589 1470 qui
1622 1422 1722 1458 istum
1752 1422 1868 1459 locum
1902 1425 1995 1460 varie
2034 1425 2244 1469 emendant,

160 1477 241 1500 cum
258 1464 375 1499 Dione
394 1473 550 1498 extremo
568 1461 624 1498 lib.
646 1474 709 1498 xLi
723 1475 750 1498 1.
779 1463 852 1511 quis
869 1461 1000 1499 mavult
1017 1491 1029 1505 ,
1063 1463 1169 1500 verba
1191 1470 1194 1522 s
1223 1466 1385 1514 equidem
1413 1471 1524 1521 magis
1542 1471 1750 1510 audiendum
1775 1485 1881 1524 quam
1898 1473 2153 1512 auscultandum
2165 1489 2245 1514 cen-

161 1513 216 1550 illa
233 1542 246 1556 ,
283 1514 330 1548 ad
348 1511 550 1560 opprobrium
567 1512 644 1548 vita
659 1540 671 1555 ,
704 1523 724 1547 a
747 1513 908 1548 Suetonio
936 1512 1048 1548 addita
1066 1524 1169 1563 puto,
1192 1529 1193 1546 1
1222 1514 1291 1552 seo.

186 1577 231 1601 uo
249 1560 417 1612 significet
432 1562 564 1598 homini
579 1561 644 1605 illi,
683 1575 789 1612 quem
807 1575 850 1598 ex
876 1574 980 1611 gente
1006 1563 1171 1600 Cornelia

176 1627 276 1651 ecum
295 1612 411 1649 habuit
430 1611 561 1654 Caesar‚
589 1625 661 1648 non
678 1614 726 1649 ob
750 1611 872 1649 formae
891 1626 970 1648 cum
990 1615 1105 1650 mimo
1129 1613 1171 1650 si-

155 1663 406 1705 militudinem,
432 1673 468 1698 ut
488 1663 589 1711 priori
604 1662 649 1698 illi
674 1664 841 1714 Scipion&
881 1662 937 1699 sed
953 1663 1000 1699 ob
1027 1678 1168 1701 morum

155 1717 267 1764 potius
291 1711 553 1762 turpitudinem,
596 1713 740 1763 vitaeque
758 1711 939 1750 infamiam
966 1727 1168 1763 cognomen

155 1766 224 1802 hoc
252 1760 434 1801 adhaefiffe.
489 1764 716 1812 Quamquam
742 1768 779 1800 ὃς
808 1765 959 1800 nominis
986 1766 1072 1801 ratio
1088 1794 1100 1807 ,
1142 1765 1167 1802 fi

154 1827 288 1854 veteres
312 1814 447 1851 codices
474 1811 684 1862 sequamur,
730 1814 842 1850 nescio
867 1814 947 1863 quid
982 1816 1167 1852 mimicum

154 1879 224 1916 pra:
242 1867 275 1903 se
290 1864 380 1908 fert,
417 1875 585 1913 tanquam
620 1865 671 1900 cui
687 1866 756 1902 vita
775 1878 836 1915 pro
856 1863 921 1900 sale
940 1864 1067 1908 fuerit,
1109 1879 1166 1903 aut

153 1917 223 1965 ipse
242 1918 319 1955 vitae
343 1915 387 1952 sal
407 1926 507 1966 atque
525 1914 721 1959 jucunditas.
757 1915 803 1952 sic
830 1916 923 1951 enim
948 1919 985 1952 ὅ(
1016 1917 1165 1954 Catullus

153 1968 250 2004 suum
269 1965 460 2016 salipufium
478 1963 642 2002 formavit
658 1995 670 2009 ,
709 1967 722 2013 <
739 1965 801 2002 nisi
822 1967 894 2015 quis
920 1980 1062 2003 mecum
1091 1967 1163 2003 sen-

150 2020 237 2055 tiens
246 2017 460 2066 salicsppium
479 2015 592 2064 legere
608 2015 655 2052 ibi
673 2016 790 2063 malit)
838 2020 876 2052 e<
897 2016 1006 2066 lepide
1026 2017 1068 2052 de
1089 2031 1164 2054 me-

1278 1574 1334 1605 60.
1366 1571 1483 1607 Praelia
1503 1585 1568 1608 non
1585 1583 1724 1609 tantum
1741 1573 1922 1621 destinato,
1941 1573 2002 1621 [ἑά
2023 1587 2064 1611 ex
2084 1575 2244 1626 occasione

1211 1615 1382 1663 sumebat.
1406 1621 1420 1668 ]
1463 1623 1597 1660 Viterb.
1617 1622 1688 1660 sine
1709 1637 1760 1662 ex.
1791 1625 1910 1661 Praella
1920 1627 2053 1672 sumere
2070 1654 2082 1670 ,
2105 1638 2141 1664 ut
2152 1628 2243 1678 apud

1222 1670 1384 1706 Tacitum
1410 1686 1461 1709 11.
1489 1673 1716 1710 Historiarum
1746 1690 1755 1712 ε
1799 1675 2013 1719 Othoniani,
2040 1689 2241 1727 quanquam

1220 1716 1351 1768 disperst
1360 1749 1371 1763 ,
1392 1723 1580 1769 pauciores,
1596 1723 1690 1772 feffi,
1712 1725 1862 1772 pralium
1879 1736 1996 1762 tamen
2011 1727 2136 1762 acriter
2144 1729 2242 1775 sum-

1212 1767 1298 1814 sere.
1326 1774 1362 1806 ὅ(
1382 1772 1459 1809 ahbi
1475 1782 1625 1822 pugnam
1646 1774 1816 1822 resttmere.
1855 1779 1892 1812 ὃ(
1918 1790 1971 1814 xv.
2030 1776 2240 1816 Annalium:

1210 1817 1344 1863 stimere
1362 1824 1632 1871 conjurationem.
1691 1828 1807 1862 Genus
1828 1825 1990 1876 loquendi
2007 1827 2174 1873 militare,
2203 1841 2240 1866 ut

1217 1877 1311 1917 terga
1321 1872 1464 1919 fhmere.
1495 1874 1585 1910 unde
1603 1874 1691 1923 apud
1711 1877 1871 1913 Servium
1890 1890 1931 1913 ex
1955 1876 2126 1922 Sallustio,
2146 1893 2236 1917 more

1209 1920 1314 1965 praelii
1328 1923 1453 1971 sumtis
1483 1925 1579 1973 tergis
1598 1924 1651 1967 ξδ’
1675 1926 1826 1963 redditis.

1271 1975 1361 2009 Cum
1379 1974 1520 2010 minime
1539 1975 1612 2024 quis
1631 1986 1803 2011 moturum
1809 1975 1984 2024 putaret.]
2016 1980 2111 2015 Vera
2120 1977 2236 2025 lectio,

1206 2018 1368 2066 speraret.
1400 2025 1444 2059 ita
1464 2026 1499 2060 in
1517 2036 1650 2061 exarata
1668 2025 1816 2063 lectione
1834 2028 2051 2077 optimorum
2070 2042 2236 2079 quorum-

151 2069 302 2106 retricula
337 2070 471 2103 Lucret.
499 2065 556 2104 lib.
582 2079 632 2103 1v.
667 2077 739 2102 tota
765 2080 897 2104 merum
915 2067 981 2114 sal.
1053 2068 1162 2111 Justus

152 2117 283 2169 Lipsius
318 2118 454 2155 Elector
479 2131 530 2153 11.
559 2129 632 2167 cap.
653 2131 759 2155 xv11.
806 2117 975 2154 Salacioni
993 2117 1075 2168 legit
1091 2147 1103 2161 ,
1144 2131 1163 2155 a

152 2169 261 2206 verbo
277 2169 362 2205 salax
378 2196 389 2211 ,
417 2180 453 2204 ut
470 2179 490 2202 a
507 2166 608 2203 senex
627 2167 784 2210 senecio,
823 2180 886 2218 pro
912 2168 1054 2204 homine
1083 2172 1161 2206 vitae

154 2218 278 2269 spurcae
304 2223 341 2255 ὅ(
367 2220 519 2268 impurae.
577 2220 655 2253 Nec
679 2218 836 2268 displicet.
894 2220 1019 2255 Dionis
1045 2220 1161 2264 enim,

155 2283 261 2319 quam
278 2270 343 2305 dixi
364 2269 500 2309 leitioni
517 2296 528 2310 ,
568 2268 698 2304 Salano
726 2270 923 2319 proximum
953 2269 1010 2306 est.
1069 2274 1162 2307 Con-

157 2321 291 2365 jesturae
308 2332 426 2357 tamen
452 2332 542 2356 meae
568 2332 640 2355 non
658 2332 718 2355 me
746 2321 899 2370 poenitet.
957 2319 1162 2370 Symbolum

155 2369 251 2412 dedi,
278 2383 381 2420 quam
398 2371 502 2421 potui.

212 2428 269 2456 60.
298 2426 375 2457 Non
391 2431 528 2457 tantum
545 2420 744 2468 destinata]
806 2421 885 2460 Lib.
913 2434 984 2473 opt.
1002 2436 1068 2459 non
1085 2422 1163 2473 sape

154 2469 232 2515 dest.
250 2470 342 2519 quod
360 2471 480 2520 probo.

209 2518 387 2557 Moturum
398 2531 544 2570 putaret.
559 2521 575 2567 ]
608 2521 697 2560 Cod.
709 2526 834 2561 Ferrar.
843 2521 1002 2571 speraret.

462 2574 492 2607 C
518 2583 540 2607 Α
570 2584 585 2607 s
613 2586 635 2608 A
660 2587 684 2609 U
714 2587 732 2609 B
759 2587 782 2610 o
813 2587 850 2612 Ν.

205 2620 274 2655 Cui
288 2620 335 2655 ad
352 2621 554 2668 opprobrium
573 2622 649 2657 vita
667 2623 831 2659 Salutioni
859 2635 1031 2670 cognomen
1049 2625 1159 2674 erat.]

146 2668 258 2706 Editio
277 2673 444 2707 Romana
469 2674 505 2706 δε
525 2669 595 2706 aliae
613 2673 785 2709 nonnullae
804 2701 815 2716 ‚
853 2684 889 2709 ut
913 2672 1060 2709 Roberti
1089 2679 1160 2711 Ste-

146 2720 249 2768 phani
265 2749 278 2763 ,
306 2721 349 2756 ita
370 2721 435 2757 hoc
455 2733 654 2770 cognomen
671 2722 842 2767 scribunt3
888 2722 980 2772 quod
1007 2725 1042 2760 in
1068 2724 1160 2765 libris

145 2770 217 2807 aliis
237 2782 312 2807 tam
322 2772 413 2809 varie
426 2771 582 2821 scriptum
594 2773 765 2821 reperitur.
806 2777 1010 2811 Romanam
1020 2776 1157 2824 ’γραφήν

147 2819 358 2857 confirmant
381 2821 543 2858 meliores
561 2822 695 2859 codices
713 2823 808 2860 Plinii
822 2824 878 2862 lib.
891 2839 930 2863 vl
946 2840 972 2861 1.
987 2837 1060 2876 cap.
1072 2840 1112 2863 x1
1125 2842 1152 2866 1.

146 2873 183 2907 ὃ(
205 2870 262 2907 lib.
285 2884 382 2909 xxxv.
413 2883 485 2922 cap.
512 2886 562 2908 11.
602 2874 701 2909 &ita
719 2875 807 2924 apud
835 2875 1052 2912 Plutarchum
1076 2883 1158 2913 Σκι-

145 2920 231 2958 πίων
250 2921 444 2959 zamrim.
471 2922 560 2972 apud
580 2924 736 2960 Dionem
755 2923 956 2969 ΣαλάτἹων,
982 2928 1096 2964 minus
1108 2941 1159 2964 re-

146 2973 211 3008 ete.
269 2972 431 3013 Cornelia
450 2986 534 3022 gens
549 3000 560 3016 ,
587 2974 679 3022 quod
699 2976 805 3011 sciunt
829 2988 954 3013 omnes
964 3005 977 3021 ‚
1005 2979 1040 3013 in
1060 2978 1159 3028 pluri-

147 3033 225 3069 mu}
244 3021 345 3059 divisa
359 3021 420 3060 fuit
436 3022 580 3059 familias
602 3038 612 3059 ι
648 3026 682 3061 in
701 3026 738 3062 iis
758 3037 824 3062 una
842 3027 1001 3076 quaedam
1017 3028 1159 3065 obscura

148 3075 186 3112 δε
203 3072 368 3122 ignobilis
382 3102 394 3118 ,
429 3074 517 3112 unde
536 3074 594 3112 iste
617 3087 687 3113 erat
712 3091 720 3114 ι
754 3089 861 3127 quem
879 3090 1082 3129 cognomen
1101 3083 1158 3119 Sa-

1213 2083 1278 2119 que
1305 2073 1482 2111 librorum.
1540 2078 1877 2127 Mutarunt'impenti
1893 2077 2159 2128 magistellinon
2169 2080 2236 2118 hoc

1213 2120 1293 2157 loco
1326 2124 1437 2160 solum
1455 2154 1467 2168 ‚
1503 2124 1560 2162 sed
1591 2126 1661 2162 aliis
1689 2127 1802 2163 multis
1828 2140 1984 2165 veterum
2010 2128 2233 2180 scriptorum:

1212 2171 1306 2221 quod
1332 2174 1439 2225 scripti
1465 2175 1566 2213 codd.
1594 2189 1746 2227 arguunt.
1777 2178 1972 2216 nesciebant
1998 2178 2049 2215 isti
2078 2181 2234 2230 qualem-

1214 2236 1347 2282 cunque
1365 2228 1411 2262 τὲ
1437 2226 1616 2268 μέλλοντος
1632 2226 1730 2275 δόξων
1748 2230 1877 2266 Latinis
1884 2229 1977 2276 spem
1994 2228 2079 2273 dici,
2108 2233 2234 2268 Graecis

1217 2273 1353 2310 ἐλπιδά
1371 2295 1380 2321 3
1406 2288 1442 2312 ut
1458 2278 1492 2312 in
1510 2278 1622 2327 primo
1641 2278 1684 2314 de
1703 2278 1852 2329 Legibus
1868 2279 1970 2316 docet
1989 2279 2095 2317 Plato.
2127 2284 2165 2317 δε
2186 2282 2232 2318 ita

1215 2324 1398 2374 loquuntur
1433 2326 1618 2376 graviffimi
1658 2331 1824 2366 auef'cores.
1872 2331 1917 2366 ita
1948 2329 2080 2366 dietum
2111 2330 2230 2369 divino

1217 2378 1417 2426 Hippocrati
1428 2379 1539 2426 primo
1561 2379 1798 2422 Prorrhetico‚
1826 2381 1966 2423 μανῆναι
1986 2379 2095 2420 «cares
2115 2381 2227 2422 ἐλπίς.

1211 2427 1257 2462 ita
1280 2428 1359 2464 Vati
1376 2427 1570 2471 Thebano,
1595 2430 1701 2465 κοιναὶ
1728 2429 1800 2478 γοὶξ
1818 2429 1944 2478 ἔρχονΤ
1966 2428 2104 2470 ἐλπίδές
2124 2441 2232 2469 πολυ-

1215 2476 1317 2513 πόνων
1335 2476 1456 2524 ἀνὸρῶυ
1470 2506 1479 2519 ,
1521 2481 1821 2516 Nemeonicarum
1853 2480 1933 2517 Ode
1950 2494 2001 2530 pr.
2050 2484 2103 2518 Ita
2122 2483 2228 2522 etiam

1214 2529 1336 2579 optimi
1356 2529 1478 2579 quique
1503 2530 1718 2567 Latinorum.
1748 2530 1843 2581 quod
1860 2531 1932 2568 aliis
1947 2530 2178 2571 observatum.

1574 2612 1895 2648 VARIOR.‘

1268 2681 1336 2716 Cui
1344 2681 1392 2715 ad
1406 2679 1608 2727 opprolrsum
1625 2679 1702 2715 υἱέε
1719 2678 1920 2727 saturiani]
1955 2680 2053 2716 Sic&
2065 2677 2154 2730 apud
2163 2675 2228 2714 Pli-

1214 2731 1321 2767 nium.
1351 2730 1493 2766 Timide
1511 2729 1719 2780 suspicabar,
1757 2742 1800 2765 an
1819 2727 1928 2766 fuiffet
1945 2731 2109 2767 Salaconi.
2169 2726 2225 2764 Est

1212 2782 1306 2817 enim
1324 2780 1483 2815 cunam:
1502 2809 1512 2824 ,
1556 2779 1694 2827 π’]ωχῦς
1721 2779 1856 2829 ἀλοίζων
1884 2779 2085 2830 Hesych10:
2119 2778 2227 2829 qualis

1211 2831 1265 2867 ille
1297 2830 1484 2867 ostentator
1514 2829 1712 2881 pecuniosus
1735 2829 1792 2866 lib.
1824 2844 1873 2866 lv.
1915 2830 1959 2866 ad
1985 2831 2224 2868 Herennium:

1209 2881 1325 2931 quales
1342 2880 1440 2916 multi
1462 2880 1660 2917 cuniculosae
1674 2880 1867 2916 Celtiberiae
1887 2879 1964 2924 filii,
2000 2894 2044 2917 an
2065 2882 2218 2931 privigni.

1211 2932 1311 2968 Idem
1330 2930 1578 2968 σκλσικωνίσοιι.
1609 2932 1684 2966 Cic.
1700 2930 1757 2966 lib.
1771 2944 1811 2968 Vl
1826 2929 1946 2967 1.fam.
1958 2945 2037 2971 x1v.
2060 2931 2151 2977 Istius
2163 2935 2222 2964 Sa-

1208 2981 1331 3017 laconis
1349 2981 1575 3030 iniquitatem.
1608 2980 1802 3018 Aristoteles
1830 2995 1881 3018 11.
1901 2982 2004 3019 Rhet.
2041 2981 2083 3017 ad
2103 2982 2222 3016 Theo-

1209 3031 1388 3069 de&.xV1.
1405 3030 1462 3066 noc}
1483 3032 1638 3080 τρυφεροὶ
1658 3030 1718 3067 καὶ
1740 3031 1945 3071 cuninam.
1976 3035 2217 3068 GRONOVIUS.

1264 3089 1327 3121 60·
1350 3087 1530 3121 Moturum
1539 3080 1724 3171 Πιιῖέκνεῃ]
1766 3083 1877 3122 Recte
1899 3085 2057 3121 Gruterus
2076 3094 2116 3119 cx
2136 3092 2218 3165 Μεξζ.

1653 3146 1669 3177 3
2181 3146 2197 3166 ι
