<?xml version="1.0" encoding="UTF-8"?>
<!DOCTYPE html PUBLIC "-//W3C//DTD XHTML 1.0 Transitional//EN"
    "http://www.w3.org/TR/xhtml1/DTD/xhtml1-transitional.dtd">
<html xmlns="http://www.w3.org/1999/xhtml" xml:lang="en" lang="en">
 <head>
  <title>
</title>
<meta http-equiv="Content-Type" content="text/html;charset=utf-8" />
  <meta name='ocr-system' content='tesseract 3.04.00' />
  <meta name='ocr-capabilities' content='ocr_page ocr_carea ocr_par ocr_line ocrx_word'/>
</head>
<body>
  <div class='ocr_page' id='page_1' title='image "./csuetoniustranqu00suet_0696.png"; bbox 0 0 2504 3425; ppageno 0'>
   <div class='ocr_carea' id='block_1_1' title="bbox 199 161 308 220">
    <p class='ocr_par' dir='ltr' id='par_1_1' title="bbox 199 161 308 220">
     <span class='ocr_line' id='line_1_1' title="bbox 199 161 308 220; baseline 0.009 -3"><span class='ocrx_word' id='word_1_1' title='bbox 199 161 308 220; x_wconf 84' lang='lat'>676</span> 
     </span>
    </p>
   </div>
   <div class='ocr_carea' id='block_1_2' title="bbox 199 268 355 300">
    <p class='ocr_par' dir='ltr' id='par_1_2' title="bbox 199 268 355 300">
     <span class='ocr_line' id='line_1_2' title="bbox 199 268 355 300; baseline -0.019 0"><span class='ocrx_word' id='word_1_2' title='bbox 199 268 355 300; x_wconf 73' lang='lat' dir='ltr'>tCI‘UOS.</span> 
     </span>
    </p>
   </div>
   <div class='ocr_carea' id='block_1_3' title="bbox 539 146 1989 211">
    <p class='ocr_par' dir='ltr' id='par_1_3' title="bbox 539 146 1989 211">
     <span class='ocr_line' id='line_1_3' title="bbox 539 146 1989 211; baseline -0.003 0"><span class='ocrx_word' id='word_1_3' title='bbox 539 150 1570 211; x_wconf 71' lang='lat' dir='ltr'>C.SuE·r.TRANQu11.1.1</span> <span class='ocrx_word' id='word_1_4' title='bbox 1622 146 1989 207; x_wconf 68' lang='lat' dir='ltr'>L112.V111.</span> 
     </span>
    </p>
   </div>
   <div class='ocr_carea' id='block_1_4' title="bbox 202 239 2344 364">
    <p class='ocr_par' dir='ltr' id='par_1_4' title="bbox 202 239 2344 364">
     <span class='ocr_line' id='line_1_4' title="bbox 419 239 2344 315; baseline -0.004 -17"><span class='ocrx_word' id='word_1_5' title='bbox 419 251 494 315; x_wconf 88' lang='lat' dir='ltr'>Jus</span> <span class='ocrx_word' id='word_1_6' title='bbox 526 250 748 312; x_wconf 83' lang='lat' dir='ltr'>diligenter</span> <span class='ocrx_word' id='word_1_7' title='bbox 781 250 823 290; x_wconf 66' lang='grc' dir='ltr'>δε</span> <span class='ocrx_word' id='word_1_8' title='bbox 859 242 1057 290; x_wconf 82' lang='lat' dir='ltr'>industrie</span> <span class='ocrx_word' id='word_1_9' title='bbox 1091 240 1208 287; x_wconf 83' lang='lat' dir='ltr'>dixit.</span> <span class='ocrx_word' id='word_1_10' title='bbox 1271 241 1524 300; x_wconf 85' lang='lat' dir='ltr'>Plerumque</span> <span class='ocrx_word' id='word_1_11' title='bbox 1560 243 1604 285; x_wconf 91' lang='lat'>&amp;</span> <span class='ocrx_word' id='word_1_12' title='bbox 1638 241 1682 285; x_wconf 88' lang='lat' dir='ltr'>in</span> <span class='ocrx_word' id='word_1_13' title='bbox 1707 239 1803 287; x_wconf 90' lang='lat' dir='ltr'>foro</span> <span class='ocrx_word' id='word_1_14' title='bbox 1836 260 1912 305; x_wconf 88' lang='lat' dir='ltr'>pro</span> <span class='ocrx_word' id='word_1_15' title='bbox 1934 243 2163 291; x_wconf 87' lang='lat' dir='ltr'>Tribunali</span> <span class='ocrx_word' id='word_1_16' title='bbox 2186 257 2295 291; x_wconf 83' lang='lat' dir='ltr'>extra</span> <span class='ocrx_word' id='word_1_17' title='bbox 2315 247 2344 294; x_wconf 68' lang='lat'><em>8</em></span> 
     </span>
     <span class='ocr_line' id='line_1_5' title="bbox 202 302 1508 364; baseline -0.012 0"><span class='ocrx_word' id='word_1_18' title='bbox 202 318 395 364; x_wconf 77' lang='lat' dir='ltr'>ordinem</span> <span class='ocrx_word' id='word_1_19' title='bbox 424 313 656 361; x_wconf 69' lang='lat' dir='ltr'>ambitiosas</span> <span class='ocrx_word' id='word_1_20' title='bbox 691 311 1046 356; x_wconf 85' lang='lat' dir='ltr'>centumvirorum</span> <span class='ocrx_word' id='word_1_21' title='bbox 1079 304 1301 350; x_wconf 81' lang='lat' dir='ltr'>sententias</span> <span class='ocrx_word' id='word_1_22' title='bbox 1334 302 1508 349; x_wconf 84' lang='lat' dir='ltr'>rescidit.</span> 
     </span>
    </p>
   </div>
   <div class='ocr_carea' id='block_1_5' title="bbox 1576 305 2305 371">
    <p class='ocr_par' dir='ltr' id='par_1_5' title="bbox 1576 305 2305 371">
     <span class='ocr_line' id='line_1_6' title="bbox 1576 305 2305 371; baseline 0.011 -24"><span class='ocrx_word' id='word_1_23' title='bbox 1576 305 1905 365; x_wconf 85' lang='lat' dir='ltr'>Recuperatores</span> <span class='ocrx_word' id='word_1_24' title='bbox 1931 342 1944 363; x_wconf 93' lang='lat'>‚</span> <span class='ocrx_word' id='word_1_25' title='bbox 1978 325 2030 353; x_wconf 92' lang='lat' dir='ltr'>ne</span> <span class='ocrx_word' id='word_1_26' title='bbox 2063 307 2102 354; x_wconf 81' lang='lat' dir='ltr'>se</span> <span class='ocrx_word' id='word_1_27' title='bbox 2136 307 2305 371; x_wconf 82' lang='lat' dir='ltr'>semper·</span> 
     </span>
    </p>
   </div>
   <div class='ocr_carea' id='block_1_6' title="bbox 206 365 2299 444">
    <p class='ocr_par' dir='ltr' id='par_1_6' title="bbox 206 365 2299 444">
     <span class='ocr_line' id='line_1_7' title="bbox 206 365 2299 444; baseline -0.005 -16"><span class='ocrx_word' id='word_1_28' title='bbox 206 379 445 444; x_wconf 78' lang='lat' dir='ltr'>perfusoriis</span> <span class='ocrx_word' id='word_1_29' title='bbox 486 374 770 424; x_wconf 71' lang='lat' dir='ltr'>assertionibus</span> <span class='ocrx_word' id='word_1_30' title='bbox 813 368 1211 426; x_wconf 77' lang='lat' dir='ltr'>accommodarent,</span> <span class='ocrx_word' id='word_1_31' title='bbox 1265 365 1512 414; x_wconf 85' lang='lat' dir='ltr'>idemtidem</span> <span class='ocrx_word' id='word_1_32' title='bbox 1555 366 1786 414; x_wconf 85' lang='lat' dir='ltr'>admonuit.</span> <span class='ocrx_word' id='word_1_33' title='bbox 1862 372 2092 419; x_wconf 86' lang='lat' dir='ltr'>Numarios</span> <span class='ocrx_word' id='word_1_34' title='bbox 2139 373 2299 434; x_wconf 83' lang='lat' dir='ltr'>judices</span> 
     </span>
    </p>
   </div>
   <div class='ocr_carea' id='block_1_7' title="bbox 2195 454 2295 484">
    <p class='ocr_par' dir='ltr' id='par_1_7' title="bbox 2195 454 2295 484">
     <span class='ocr_line' id='line_1_8' title="bbox 2195 454 2295 484; baseline -0.02 0"><span class='ocrx_word' id='word_1_35' title='bbox 2195 454 2295 484; x_wconf 68' lang='lat' dir='ltr'>(um</span> 
     </span>
    </p>
   </div>
   <div class='ocr_carea' id='block_1_8' title="bbox 212 501 2299 568">
    <p class='ocr_par' dir='ltr' id='par_1_8' title="bbox 212 501 2299 568">
     <span class='ocr_line' id='line_1_9' title="bbox 212 501 2299 568; baseline -0.007 -13"><span class='ocrx_word' id='word_1_36' title='bbox 212 519 355 568; x_wconf 67' lang='lat' dir='ltr'>aquilas,</span> <span class='ocrx_word' id='word_1_37' title='bbox 391 514 483 562; x_wconf 70' lang='lat' dir='ltr'>signa</span> <span class='ocrx_word' id='word_1_38' title='bbox 503 538 516 554; x_wconf 93' lang='lat'>‚</span> <span class='ocrx_word' id='word_1_39' title='bbox 545 507 650 546; x_wconf 81' lang='lat' dir='ltr'>castra</span> <span class='ocrx_word' id='word_1_40' title='bbox 676 506 863 557; x_wconf 80' lang='lat' dir='ltr'>jungebant</span> <span class='ocrx_word' id='word_1_41' title='bbox 879 536 890 551; x_wconf 94' lang='lat'>,</span> <span class='ocrx_word' id='word_1_42' title='bbox 919 518 954 544; x_wconf 90' lang='grc' dir='ltr'>ιιι</span> <span class='ocrx_word' id='word_1_43' title='bbox 974 507 1017 544; x_wconf 90' lang='lat' dir='ltr'>de</span> <span class='ocrx_word' id='word_1_44' title='bbox 1035 503 1228 553; x_wconf 68' lang='lat' dir='ltr'>legionibus</span> <span class='ocrx_word' id='word_1_45' title='bbox 1278 502 1345 539; x_wconf 87' lang='lat' dir='ltr'>mis</span> <span class='ocrx_word' id='word_1_46' title='bbox 1363 501 1552 541; x_wconf 83' lang='lat' dir='ltr'>crederent.</span> <span class='ocrx_word' id='word_1_47' title='bbox 1603 504 1656 541; x_wconf 88' lang='lat' dir='ltr'>Sic</span> <span class='ocrx_word' id='word_1_48' title='bbox 1677 501 1750 540; x_wconf 91' lang='lat' dir='ltr'>fere</span> <span class='ocrx_word' id='word_1_49' title='bbox 1777 503 1965 542; x_wconf 82' lang='lat' dir='ltr'>Turnebus</span> <span class='ocrx_word' id='word_1_50' title='bbox 1981 534 1993 549; x_wconf 93' lang='lat'>,</span> <span class='ocrx_word' id='word_1_51' title='bbox 2040 511 2077 545; x_wconf 86' lang='lat'>&amp;</span> <span class='ocrx_word' id='word_1_52' title='bbox 2105 520 2185 547; x_wconf 79' lang='lat' dir='ltr'>ante</span> <span class='ocrx_word' id='word_1_53' title='bbox 2212 522 2299 546; x_wconf 74' lang='lat' dir='ltr'>eum</span> 
     </span>
    </p>
   </div>
   <div class='ocr_carea' id='block_1_9' title="bbox 213 554 1261 2136">
    <p class='ocr_par' dir='ltr' id='par_1_9' title="bbox 213 554 1232 712">
     <span class='ocr_line' id='line_1_10' title="bbox 213 554 1230 608; baseline -0.014 -4"><span class='ocrx_word' id='word_1_54' title='bbox 213 566 424 605; x_wconf 80' lang='lat' dir='ltr'>Germanicis</span> <span class='ocrx_word' id='word_1_55' title='bbox 454 573 564 597; x_wconf 72' lang='lat' dir='ltr'>narrat</span> <span class='ocrx_word' id='word_1_56' title='bbox 584 560 724 596; x_wconf 65' lang='lat' dir='ltr'>Tacitus</span> <span class='ocrx_word' id='word_1_57' title='bbox 743 558 829 594; x_wconf 83' lang='lat' dir='ltr'>libro</span> <span class='ocrx_word' id='word_1_58' title='bbox 850 559 976 608; x_wconf 84' lang='lat' dir='ltr'>primo.</span> <span class='ocrx_word' id='word_1_59' title='bbox 1018 554 1230 593; x_wconf 82' lang='lat' dir='ltr'>confirmant</span> 
     </span>
     <span class='ocr_line' id='line_1_11' title="bbox 213 607 1232 663; baseline -0.01 -11"><span class='ocrx_word' id='word_1_60' title='bbox 213 620 299 653; x_wconf 68' lang='lat' dir='ltr'>han:</span> <span class='ocrx_word' id='word_1_61' title='bbox 320 612 636 663; x_wconf 72' lang='lat' dir='ltr'>interpretationem</span> <span class='ocrx_word' id='word_1_62' title='bbox 649 638 658 651; x_wconf 92' lang='lat'><em>‚</em></span> <span class='ocrx_word' id='word_1_63' title='bbox 688 621 762 657; x_wconf 80' lang='lat' dir='ltr'>quae</span> <span class='ocrx_word' id='word_1_64' title='bbox 782 608 893 646; x_wconf 75' lang='lat' dir='ltr'>statim</span> <span class='ocrx_word' id='word_1_65' title='bbox 917 608 1099 660; x_wconf 85' lang='lat' dir='ltr'>sequuntur</span> <span class='ocrx_word' id='word_1_66' title='bbox 1116 607 1158 643; x_wconf 89' lang='lat' dir='ltr'>de</span> <span class='ocrx_word' id='word_1_67' title='bbox 1175 619 1232 644; x_wconf 90' lang='lat' dir='ltr'>oc-</span> 
     </span>
     <span class='ocr_line' id='line_1_12' title="bbox 216 658 751 712; baseline -0.013 -9"><span class='ocrx_word' id='word_1_68' title='bbox 216 664 352 703; x_wconf 79' lang='lat' dir='ltr'>casione</span> <span class='ocrx_word' id='word_1_69' title='bbox 371 665 454 712; x_wconf 63' lang='lat' dir='ltr'>legis</span> <span class='ocrx_word' id='word_1_70' title='bbox 475 663 573 707; x_wconf 75' lang='lat' dir='ltr'>hujus</span> <span class='ocrx_word' id='word_1_71' title='bbox 587 658 751 696; x_wconf 78' lang='lat' dir='ltr'>ferendae.</span> 
     </span>
    </p>

    <p class='ocr_par' dir='ltr' id='par_1_10' title="bbox 213 709 1238 1209">
     <span class='ocr_line' id='line_1_13' title="bbox 266 709 1234 761; baseline -0.009 -9"><span class='ocrx_word' id='word_1_72' title='bbox 266 709 420 753; x_wconf 64' lang='lat' dir='ltr'>Addidit</span> <span class='ocrx_word' id='word_1_73' title='bbox 437 711 489 755; x_wconf 52' lang='grc' dir='ltr'>ζῇ*</span> <span class='ocrx_word' id='word_1_74' title='bbox 500 721 661 761; x_wconf 64' lang='lat' dir='ltr'>quartum</span> <span class='ocrx_word' id='word_1_75' title='bbox 669 709 873 757; x_wconf 79' lang='lat' dir='ltr'>stipendium</span> <span class='ocrx_word' id='word_1_76' title='bbox 889 709 1019 753; x_wconf 73' lang='lat' dir='ltr'>militi,</span> <span class='ocrx_word' id='word_1_77' title='bbox 1045 720 1160 745; x_wconf 83' lang='lat' dir='ltr'>aureos</span> <span class='ocrx_word' id='word_1_78' title='bbox 1169 718 1234 745; x_wconf 86' lang='lat' dir='ltr'>ter-</span> 
     </span>
     <span class='ocr_line' id='line_1_14' title="bbox 215 757 1231 806; baseline -0.008 -3"><span class='ocrx_word' id='word_1_79' title='bbox 215 766 303 806; x_wconf 51' lang='grc' dir='ltr'>ναίκαὶ</span> <span class='ocrx_word' id='word_1_80' title='bbox 355 762 490 800; x_wconf 83' lang='lat' dir='ltr'>Prorsus</span> <span class='ocrx_word' id='word_1_81' title='bbox 516 760 682 798; x_wconf 75' lang='lat' dir='ltr'>mendosa</span> <span class='ocrx_word' id='word_1_82' title='bbox 701 760 804 796; x_wconf 60' lang='lat' dir='ltr'>leastio</span> <span class='ocrx_word' id='word_1_83' title='bbox 824 789 833 802; x_wconf 86' lang='lat'><strong><em>‚</em></strong></span> <span class='ocrx_word' id='word_1_84' title='bbox 878 759 938 797; x_wconf 80' lang='lat' dir='ltr'>etsi</span> <span class='ocrx_word' id='word_1_85' title='bbox 962 761 1008 797; x_wconf 83' lang='lat' dir='ltr'>ita</span> <span class='ocrx_word' id='word_1_86' title='bbox 1031 757 1176 796; x_wconf 79' lang='lat' dir='ltr'>habetur</span> <span class='ocrx_word' id='word_1_87' title='bbox 1197 760 1231 795; x_wconf 89' lang='lat' dir='ltr'>in</span> 
     </span>
     <span class='ocr_line' id='line_1_15' title="bbox 213 810 1232 854; baseline -0.009 0"><span class='ocrx_word' id='word_1_88' title='bbox 213 816 377 854; x_wconf 82' lang='lat' dir='ltr'>omnibus</span> <span class='ocrx_word' id='word_1_89' title='bbox 397 827 477 851; x_wconf 74' lang='lat' dir='ltr'>mss.</span> <span class='ocrx_word' id='word_1_90' title='bbox 503 811 560 849; x_wconf 90' lang='lat' dir='ltr'>sed</span> <span class='ocrx_word' id='word_1_91' title='bbox 578 811 792 848; x_wconf 78' lang='lat' dir='ltr'>scribendum</span> <span class='ocrx_word' id='word_1_92' title='bbox 811 813 858 847; x_wconf 59' lang='lat' dir='ltr'>uri</span> <span class='ocrx_word' id='word_1_93' title='bbox 874 824 989 847; x_wconf 77' lang='lat' dir='ltr'>aureos</span> <span class='ocrx_word' id='word_1_94' title='bbox 1012 820 1120 846; x_wconf 74' lang='lat' dir='ltr'>ternos</span> <span class='ocrx_word' id='word_1_95' title='bbox 1138 825 1148 845; x_wconf 88' lang='lat'><em>:</em></span> <span class='ocrx_word' id='word_1_96' title='bbox 1177 810 1232 847; x_wconf 90' lang='lat' dir='ltr'>vel</span> 
     </span>
     <span class='ocr_line' id='line_1_16' title="bbox 214 858 1233 911; baseline -0.008 -7"><span class='ocrx_word' id='word_1_97' title='bbox 214 880 324 904; x_wconf 68' lang='lat' dir='ltr'>aureis</span> <span class='ocrx_word' id='word_1_98' title='bbox 342 866 447 902; x_wconf 82' lang='lat' dir='ltr'>ternis</span> <span class='ocrx_word' id='word_1_99' title='bbox 463 893 476 909; x_wconf 90' lang='lat'>,</span> <span class='ocrx_word' id='word_1_100' title='bbox 510 875 546 900; x_wconf 89' lang='lat' dir='ltr'>ut</span> <span class='ocrx_word' id='word_1_101' title='bbox 574 863 689 899; x_wconf 88' lang='lat' dir='ltr'>docuit</span> <span class='ocrx_word' id='word_1_102' title='bbox 716 862 849 911; x_wconf 68' lang='lat' dir='ltr'>pridem</span> <span class='ocrx_word' id='word_1_103' title='bbox 876 860 988 905; x_wconf 85' lang='lat' dir='ltr'>Justus</span> <span class='ocrx_word' id='word_1_104' title='bbox 1008 858 1143 908; x_wconf 80' lang='lat' dir='ltr'>Lipsius</span> <span class='ocrx_word' id='word_1_105' title='bbox 1161 889 1175 903; x_wconf 88' lang='lat'>,</span> <span class='ocrx_word' id='word_1_106' title='bbox 1199 862 1233 897; x_wconf 90' lang='lat' dir='ltr'>in</span> 
     </span>
     <span class='ocr_line' id='line_1_17' title="bbox 215 911 1234 962; baseline -0.007 -7"><span class='ocrx_word' id='word_1_107' title='bbox 215 918 339 955; x_wconf 66' lang='lat' dir='ltr'>Eleffls</span> <span class='ocrx_word' id='word_1_108' title='bbox 355 917 417 953; x_wconf 80' lang='lat' dir='ltr'>suis</span> <span class='ocrx_word' id='word_1_109' title='bbox 430 944 442 959; x_wconf 89' lang='lat'>,</span> <span class='ocrx_word' id='word_1_110' title='bbox 472 914 531 952; x_wconf 91' lang='lat' dir='ltr'>ubi</span> <span class='ocrx_word' id='word_1_111' title='bbox 550 913 592 949; x_wconf 87' lang='lat' dir='ltr'>de</span> <span class='ocrx_word' id='word_1_112' title='bbox 614 913 769 962; x_wconf 86' lang='lat' dir='ltr'>stipendii</span> <span class='ocrx_word' id='word_1_113' title='bbox 790 912 942 948; x_wconf 75' lang='lat' dir='ltr'>militaris</span> <span class='ocrx_word' id='word_1_114' title='bbox 967 911 1079 948; x_wconf 86' lang='lat' dir='ltr'>modo</span> <span class='ocrx_word' id='word_1_115' title='bbox 1093 911 1234 961; x_wconf 78' lang='lat' dir='ltr'>disputat</span> 
     </span>
     <span class='ocr_line' id='line_1_18' title="bbox 215 962 1236 1013; baseline -0.007 -8"><span class='ocrx_word' id='word_1_116' title='bbox 215 969 319 1006; x_wconf 63' lang='grc' dir='ltr'>ἀοὲῒε</span> <span class='ocrx_word' id='word_1_117' title='bbox 338 971 375 1004; x_wconf 80' lang='lat'>&amp;</span> <span class='ocrx_word' id='word_1_118' title='bbox 393 977 502 1003; x_wconf 82' lang='lat' dir='ltr'>acute.</span> <span class='ocrx_word' id='word_1_119' title='bbox 560 964 687 1000; x_wconf 84' lang='lat' dir='ltr'>Exstitit</span> <span class='ocrx_word' id='word_1_120' title='bbox 711 975 830 999; x_wconf 81' lang='lat' dir='ltr'>tamen</span> <span class='ocrx_word' id='word_1_121' title='bbox 858 976 965 1013; x_wconf 80' lang='lat' dir='ltr'>nuper</span> <span class='ocrx_word' id='word_1_122' title='bbox 986 962 1036 1002; x_wconf 87' lang='lat' dir='ltr'>vir</span> <span class='ocrx_word' id='word_1_123' title='bbox 1067 962 1236 1006; x_wconf 88' lang='lat' dir='ltr'>eruditus,</span> 
     </span>
     <span class='ocr_line' id='line_1_19' title="bbox 215 1013 1236 1068; baseline -0.008 -12"><span class='ocrx_word' id='word_1_124' title='bbox 215 1020 273 1067; x_wconf 85' lang='lat' dir='ltr'>qui</span> <span class='ocrx_word' id='word_1_125' title='bbox 296 1016 400 1068; x_wconf 81' lang='lat' dir='ltr'>Lipiii</span> <span class='ocrx_word' id='word_1_126' title='bbox 419 1015 621 1052; x_wconf 75' lang='lat' dir='ltr'>seutentiam</span> <span class='ocrx_word' id='word_1_127' title='bbox 641 1013 848 1050; x_wconf 60' lang='lat' dir='ltr'>labefactare</span> <span class='ocrx_word' id='word_1_128' title='bbox 870 1025 1050 1050; x_wconf 76' lang='lat' dir='ltr'>conaretur</span> <span class='ocrx_word' id='word_1_129' title='bbox 1069 1041 1081 1056; x_wconf 92' lang='lat'>,</span> <span class='ocrx_word' id='word_1_130' title='bbox 1110 1017 1147 1049; x_wconf 69' lang='grc' dir='ltr'>ὃ(</span> <span class='ocrx_word' id='word_1_131' title='bbox 1165 1014 1236 1062; x_wconf 91' lang='lat' dir='ltr'>qui-</span> 
     </span>
     <span class='ocr_line' id='line_1_20' title="bbox 217 1063 1237 1111; baseline -0.008 -5"><span class='ocrx_word' id='word_1_132' title='bbox 217 1070 300 1106; x_wconf 85' lang='lat' dir='ltr'>dem</span> <span class='ocrx_word' id='word_1_133' title='bbox 320 1068 506 1105; x_wconf 62' lang='lat' dir='ltr'>rationibus</span> <span class='ocrx_word' id='word_1_134' title='bbox 523 1079 595 1102; x_wconf 89' lang='lat' dir='ltr'>non</span> <span class='ocrx_word' id='word_1_135' title='bbox 614 1063 694 1100; x_wconf 82' lang='lat' dir='ltr'>sane</span> <span class='ocrx_word' id='word_1_136' title='bbox 713 1064 854 1102; x_wconf 82' lang='lat' dir='ltr'>levibus.</span> <span class='ocrx_word' id='word_1_137' title='bbox 897 1065 1012 1111; x_wconf 88' lang='lat' dir='ltr'>itaque</span> <span class='ocrx_word' id='word_1_138' title='bbox 1041 1064 1084 1098; x_wconf 91' lang='lat' dir='ltr'>de</span> <span class='ocrx_word' id='word_1_139' title='bbox 1104 1075 1176 1099; x_wconf 83' lang='lat' dir='ltr'>tota</span> <span class='ocrx_word' id='word_1_140' title='bbox 1201 1076 1237 1099; x_wconf 91' lang='lat' dir='ltr'>re</span> 
     </span>
     <span class='ocr_line' id='line_1_21' title="bbox 216 1112 1238 1166; baseline -0.006 -10"><span class='ocrx_word' id='word_1_141' title='bbox 216 1119 260 1156; x_wconf 83' lang='lat' dir='ltr'>ad</span> <span class='ocrx_word' id='word_1_142' title='bbox 285 1119 416 1156; x_wconf 81' lang='lat' dir='ltr'>sextum</span> <span class='ocrx_word' id='word_1_143' title='bbox 434 1116 568 1166; x_wconf 86' lang='lat' dir='ltr'>Polybii</span> <span class='ocrx_word' id='word_1_144' title='bbox 588 1143 601 1158; x_wconf 90' lang='lat'>,</span> <span class='ocrx_word' id='word_1_145' title='bbox 637 1114 706 1152; x_wconf 89' lang='lat' dir='ltr'>deo</span> <span class='ocrx_word' id='word_1_146' title='bbox 733 1114 908 1165; x_wconf 84' lang='lat' dir='ltr'>propitio,</span> <span class='ocrx_word' id='word_1_147' title='bbox 941 1124 1098 1151; x_wconf 83' lang='lat' dir='ltr'>accurate</span> <span class='ocrx_word' id='word_1_148' title='bbox 1122 1112 1238 1150; x_wconf 87' lang='lat' dir='ltr'>sumus</span> 
     </span>
     <span class='ocr_line' id='line_1_22' title="bbox 217 1170 336 1209; baseline -0.008 -2"><span class='ocrx_word' id='word_1_149' title='bbox 217 1170 336 1209; x_wconf 61' lang='lat' dir='ltr'>asturi.</span> 
     </span>
    </p>

    <p class='ocr_par' dir='ltr' id='par_1_11' title="bbox 574 1226 882 1264">
     <span class='ocr_line' id='line_1_23' title="bbox 574 1226 882 1264; baseline -0.003 -4"><span class='ocrx_word' id='word_1_150' title='bbox 574 1226 613 1264; x_wconf 90' lang='lat' dir='ltr'>V</span> <span class='ocrx_word' id='word_1_151' title='bbox 642 1236 663 1260; x_wconf 76' lang='lat' dir='ltr'>A</span> <span class='ocrx_word' id='word_1_152' title='bbox 692 1235 716 1259; x_wconf 77' lang='grc' dir='ltr'>ιι</span> <span class='ocrx_word' id='word_1_153' title='bbox 747 1234 762 1259; x_wconf 92' lang='lat'>1</span> <span class='ocrx_word' id='word_1_154' title='bbox 792 1234 816 1259; x_wconf 92' lang='lat' dir='ltr'>o</span> <span class='ocrx_word' id='word_1_155' title='bbox 844 1234 882 1259; x_wconf 82' lang='grc' dir='ltr'>ιι.</span> 
     </span>
    </p>

    <p class='ocr_par' dir='ltr' id='par_1_12' title="bbox 217 1281 1261 2136">
     <span class='ocr_line' id='line_1_24' title="bbox 270 1281 1243 1334; baseline -0.007 -8"><span class='ocrx_word' id='word_1_156' title='bbox 270 1283 489 1328; x_wconf 69' lang='lat' dir='ltr'>Addidit&amp;</span> <span class='ocrx_word' id='word_1_157' title='bbox 501 1294 668 1334; x_wconf 78' lang='lat' dir='ltr'>quartum</span> <span class='ocrx_word' id='word_1_158' title='bbox 676 1282 884 1331; x_wconf 86' lang='lat' dir='ltr'>stipendium</span> <span class='ocrx_word' id='word_1_159' title='bbox 894 1281 1024 1325; x_wconf 81' lang='lat' dir='ltr'>militi,</span> <span class='ocrx_word' id='word_1_160' title='bbox 1050 1295 1166 1319; x_wconf 82' lang='lat' dir='ltr'>aureos</span> <span class='ocrx_word' id='word_1_161' title='bbox 1177 1293 1243 1320; x_wconf 86' lang='lat' dir='ltr'>ter-</span> 
     </span>
     <span class='ocr_line' id='line_1_25' title="bbox 217 1331 1261 1386; baseline -0.006 -10"><span class='ocrx_word' id='word_1_162' title='bbox 217 1339 309 1386; x_wconf 52' lang='lat' dir='ltr'>non]</span> <span class='ocrx_word' id='word_1_163' title='bbox 342 1340 424 1375; x_wconf 90' lang='lat' dir='ltr'>Hoc</span> <span class='ocrx_word' id='word_1_164' title='bbox 437 1334 508 1379; x_wconf 89' lang='lat' dir='ltr'>est,</span> <span class='ocrx_word' id='word_1_165' title='bbox 537 1348 605 1372; x_wconf 88' lang='lat' dir='ltr'>tres</span> <span class='ocrx_word' id='word_1_166' title='bbox 626 1347 761 1372; x_wconf 85' lang='lat' dir='ltr'>annuos</span> <span class='ocrx_word' id='word_1_167' title='bbox 777 1345 899 1369; x_wconf 76' lang='lat' dir='ltr'>aurcos</span> <span class='ocrx_word' id='word_1_168' title='bbox 920 1332 1050 1370; x_wconf 84' lang='lat' dir='ltr'>addidit</span> <span class='ocrx_word' id='word_1_169' title='bbox 1068 1335 1173 1372; x_wconf 79' lang='lat' dir='ltr'>veteri</span> <span class='ocrx_word' id='word_1_170' title='bbox 1188 1331 1261 1370; x_wconf 83' lang='lat' dir='ltr'>sti-&#39;</span> 
     </span>
     <span class='ocr_line' id='line_1_26' title="bbox 220 1383 1242 1442; baseline -0.005 -16"><span class='ocrx_word' id='word_1_171' title='bbox 220 1387 592 1442; x_wconf 86' lang='lat' dir='ltr'>pendioDomitianus.</span> <span class='ocrx_word' id='word_1_172' title='bbox 624 1386 654 1423; x_wconf 89' lang='lat' dir='ltr'>A</span> <span class='ocrx_word' id='word_1_173' title='bbox 679 1387 721 1422; x_wconf 92' lang='lat' dir='ltr'>C.</span> <span class='ocrx_word' id='word_1_174' title='bbox 744 1383 821 1428; x_wconf 90' lang='lat' dir='ltr'>Julii</span> <span class='ocrx_word' id='word_1_175' title='bbox 842 1383 985 1420; x_wconf 84' lang='lat' dir='ltr'>Caesaris</span> <span class='ocrx_word' id='word_1_176' title='bbox 1004 1385 1242 1434; x_wconf 80' lang='lat' dir='ltr'>temporibus,</span> 
     </span>
     <span class='ocr_line' id='line_1_27' title="bbox 219 1436 1243 1492; baseline -0.005 -14"><span class='ocrx_word' id='word_1_177' title='bbox 219 1441 277 1492; x_wconf 88' lang='lat' dir='ltr'>qui</span> <span class='ocrx_word' id='word_1_178' title='bbox 298 1437 506 1489; x_wconf 89' lang='lat' dir='ltr'>stipendium</span> <span class='ocrx_word' id='word_1_179' title='bbox 532 1436 793 1488; x_wconf 81' lang='lat' dir='ltr'>duplicaverat,</span> <span class='ocrx_word' id='word_1_180' title='bbox 831 1436 1016 1484; x_wconf 83' lang='lat' dir='ltr'>quotannis</span> <span class='ocrx_word' id='word_1_181' title='bbox 1041 1447 1243 1486; x_wconf 80' lang='lat' dir='ltr'>acceperant</span> 
     </span>
     <span class='ocr_line' id='line_1_28' title="bbox 219 1487 1243 1530; baseline -0.004 -2"><span class='ocrx_word' id='word_1_182' title='bbox 219 1504 356 1530; x_wconf 86' lang='lat' dir='ltr'>novem</span> <span class='ocrx_word' id='word_1_183' title='bbox 376 1502 509 1526; x_wconf 80' lang='lat' dir='ltr'>aureos.</span> <span class='ocrx_word' id='word_1_184' title='bbox 570 1487 793 1524; x_wconf 89' lang='lat' dir='ltr'>Domitianus</span> <span class='ocrx_word' id='word_1_185' title='bbox 820 1496 937 1525; x_wconf 82' lang='lat' dir='ltr'>autem</span> <span class='ocrx_word' id='word_1_186' title='bbox 955 1497 1021 1524; x_wconf 90' lang='lat' dir='ltr'>tres</span> <span class='ocrx_word' id='word_1_187' title='bbox 1039 1487 1167 1524; x_wconf 84' lang='lat' dir='ltr'>addidit</span> <span class='ocrx_word' id='word_1_188' title='bbox 1186 1499 1243 1524; x_wconf 88' lang='lat' dir='ltr'>au-</span> 
     </span>
     <span class='ocr_line' id='line_1_29' title="bbox 219 1537 1242 1588; baseline -0.005 -8"><span class='ocrx_word' id='word_1_189' title='bbox 219 1555 320 1586; x_wconf 74' lang='lat' dir='ltr'>reos,</span> <span class='ocrx_word' id='word_1_190' title='bbox 351 1551 386 1578; x_wconf 90' lang='lat' dir='ltr'>ut</span> <span class='ocrx_word' id='word_1_191' title='bbox 405 1538 593 1576; x_wconf 87' lang='lat' dir='ltr'>duodecim</span> <span class='ocrx_word' id='word_1_192' title='bbox 615 1550 749 1575; x_wconf 87' lang='lat' dir='ltr'>annuos</span> <span class='ocrx_word' id='word_1_193' title='bbox 769 1537 973 1586; x_wconf 83' lang='lat' dir='ltr'>acciperent.</span> <span class='ocrx_word' id='word_1_194' title='bbox 1030 1538 1242 1588; x_wconf 85' lang='lat' dir='ltr'>Stipendium</span> 
     </span>
     <span class='ocr_line' id='line_1_30' title="bbox 218 1586 1243 1639; baseline -0.004 -10"><span class='ocrx_word' id='word_1_195' title='bbox 218 1591 269 1629; x_wconf 77' lang='lat' dir='ltr'>est</span> <span class='ocrx_word' id='word_1_196' title='bbox 293 1591 454 1629; x_wconf 88' lang='lat' dir='ltr'>hocloco</span> <span class='ocrx_word' id='word_1_197' title='bbox 472 1602 539 1627; x_wconf 91' lang='lat' dir='ltr'>una</span> <span class='ocrx_word' id='word_1_198' title='bbox 559 1590 661 1626; x_wconf 87' lang='lat' dir='ltr'>annui</span> <span class='ocrx_word' id='word_1_199' title='bbox 673 1588 828 1638; x_wconf 87' lang='lat' dir='ltr'>stipendii</span> <span class='ocrx_word' id='word_1_200' title='bbox 850 1586 991 1638; x_wconf 79' lang='lat' dir='ltr'>pensio,</span> <span class='ocrx_word' id='word_1_201' title='bbox 1021 1586 1092 1627; x_wconf 85' lang='lat' dir='ltr'>ssve</span> <span class='ocrx_word' id='word_1_202' title='bbox 1122 1601 1243 1639; x_wconf 79' lang='lat' dir='ltr'>quarta</span> 
     </span>
     <span class='ocr_line' id='line_1_31' title="bbox 221 1637 1245 1695; baseline -0.001 -16"><span class='ocrx_word' id='word_1_203' title='bbox 221 1654 299 1695; x_wconf 71' lang='lat' dir='ltr'>pars</span> <span class='ocrx_word' id='word_1_204' title='bbox 316 1640 475 1693; x_wconf 90' lang='lat' dir='ltr'>stipendii</span> <span class='ocrx_word' id='word_1_205' title='bbox 492 1641 594 1678; x_wconf 90' lang='lat' dir='ltr'>annui</span> <span class='ocrx_word' id='word_1_206' title='bbox 604 1669 621 1685; x_wconf 69' lang='lat'>,‚</span> <span class='ocrx_word' id='word_1_207' title='bbox 643 1638 714 1679; x_wconf 86' lang='lat' dir='ltr'>five</span> <span class='ocrx_word' id='word_1_208' title='bbox 730 1651 798 1675; x_wconf 90' lang='lat' dir='ltr'>tres</span> <span class='ocrx_word' id='word_1_209' title='bbox 816 1640 908 1675; x_wconf 87' lang='lat' dir='ltr'>aurei</span> <span class='ocrx_word' id='word_1_210' title='bbox 927 1658 936 1684; x_wconf 78' lang='lat'>3</span> <span class='ocrx_word' id='word_1_211' title='bbox 966 1637 1051 1675; x_wconf 82' lang='lat' dir='ltr'>sicut</span> <span class='ocrx_word' id='word_1_212' title='bbox 1070 1641 1163 1676; x_wconf 89' lang='lat' dir='ltr'>aurei</span> <span class='ocrx_word' id='word_1_213' title='bbox 1180 1653 1245 1678; x_wconf 78' lang='lat' dir='ltr'>no-</span> 
     </span>
     <span class='ocr_line' id='line_1_32' title="bbox 221 1689 1246 1740; baseline -0.003 -9"><span class='ocrx_word' id='word_1_214' title='bbox 221 1706 308 1732; x_wconf 90' lang='lat' dir='ltr'>vem</span> <span class='ocrx_word' id='word_1_215' title='bbox 327 1704 423 1730; x_wconf 78' lang='lat' dir='ltr'>erant</span> <span class='ocrx_word' id='word_1_216' title='bbox 439 1693 499 1728; x_wconf 84' lang='lat' dir='ltr'>tria</span> <span class='ocrx_word' id='word_1_217' title='bbox 518 1689 697 1740; x_wconf 85' lang='lat' dir='ltr'>stipendia.</span> <span class='ocrx_word' id='word_1_218' title='bbox 754 1690 807 1727; x_wconf 92' lang='lat' dir='ltr'>Sic</span> <span class='ocrx_word' id='word_1_219' title='bbox 826 1690 915 1726; x_wconf 91' lang='lat' dir='ltr'>hunc</span> <span class='ocrx_word' id='word_1_220' title='bbox 943 1689 1061 1728; x_wconf 89' lang='lat' dir='ltr'>locum</span> <span class='ocrx_word' id='word_1_221' title='bbox 1082 1693 1174 1728; x_wconf 68' lang='lat' dir='ltr'>recte</span> <span class='ocrx_word' id='word_1_222' title='bbox 1186 1704 1246 1728; x_wconf 89' lang='lat' dir='ltr'>ex-</span> 
     </span>
     <span class='ocr_line' id='line_1_33' title="bbox 222 1739 1247 1796; baseline -0.002 -15"><span class='ocrx_word' id='word_1_223' title='bbox 222 1744 407 1796; x_wconf 82' lang='lat' dir='ltr'>posuerunt</span> <span class='ocrx_word' id='word_1_224' title='bbox 424 1742 493 1780; x_wconf 89' lang='lat' dir='ltr'>duo</span> <span class='ocrx_word' id='word_1_225' title='bbox 517 1742 580 1781; x_wconf 85' lang='lat' dir='ltr'>viri</span> <span class='ocrx_word' id='word_1_226' title='bbox 606 1739 810 1779; x_wconf 85' lang='lat' dir='ltr'>excellentes</span> <span class='ocrx_word' id='word_1_227' title='bbox 828 1769 838 1784; x_wconf 95' lang='lat'>‚</span> <span class='ocrx_word' id='word_1_228' title='bbox 877 1743 1125 1778; x_wconf 73' lang='lat' dir='ltr'>HERMANNus</span> <span class='ocrx_word' id='word_1_229' title='bbox 1147 1745 1247 1779; x_wconf 62' lang='grc' dir='ltr'>ΒΗΑ-</span> 
     </span>
     <span class='ocr_line' id='line_1_34' title="bbox 227 1790 1245 1841; baseline -0.001 -10"><span class='ocrx_word' id='word_1_230' title='bbox 227 1807 346 1832; x_wconf 75' lang='lat' dir='ltr'>ssonus</span> <span class='ocrx_word' id='word_1_231' title='bbox 370 1798 572 1836; x_wconf 68' lang='lat' dir='ltr'>seuerius,</span> <span class='ocrx_word' id='word_1_232' title='bbox 612 1794 647 1829; x_wconf 87' lang='lat' dir='ltr'>in</span> <span class='ocrx_word' id='word_1_233' title='bbox 665 1790 963 1829; x_wconf 79' lang='lat' dir='ltr'>Dissertationibus</span> <span class='ocrx_word' id='word_1_234' title='bbox 989 1791 1245 1841; x_wconf 86' lang='lat' dir='ltr'>pulcherrimis,</span> 
     </span>
     <span class='ocr_line' id='line_1_35' title="bbox 225 1840 1247 1894; baseline 0 -13"><span class='ocrx_word' id='word_1_235' title='bbox 225 1857 310 1894; x_wconf 70' lang='lat' dir='ltr'>quas</span> <span class='ocrx_word' id='word_1_236' title='bbox 333 1843 462 1880; x_wconf 79' lang='lat' dir='ltr'>addidit</span> <span class='ocrx_word' id='word_1_237' title='bbox 479 1843 628 1893; x_wconf 85' lang='lat' dir='ltr'>Polybio</span> <span class='ocrx_word' id='word_1_238' title='bbox 653 1846 691 1879; x_wconf 84' lang='lat'>&amp;</span> <span class='ocrx_word' id='word_1_239' title='bbox 712 1843 856 1891; x_wconf 77' lang='lat' dir='ltr'>Hygino</span> <span class='ocrx_word' id='word_1_240' title='bbox 879 1841 922 1878; x_wconf 90' lang='lat' dir='ltr'>de</span> <span class='ocrx_word' id='word_1_241' title='bbox 948 1840 1247 1881; x_wconf 85' lang='lat' dir='ltr'>castrametatione</span> 
     </span>
     <span class='ocr_line' id='line_1_36' title="bbox 225 1891 1248 1943; baseline 0 -11"><span class='ocrx_word' id='word_1_242' title='bbox 225 1898 477 1933; x_wconf 78' lang='lat' dir='ltr'>Romanorum</span> <span class='ocrx_word' id='word_1_243' title='bbox 492 1922 504 1937; x_wconf 95' lang='lat'>,</span> <span class='ocrx_word' id='word_1_244' title='bbox 533 1905 607 1943; x_wconf 85' lang='lat' dir='ltr'>cap.</span> <span class='ocrx_word' id='word_1_245' title='bbox 626 1907 703 1930; x_wconf 91' lang='grc' dir='ltr'>ιιι.</span> <span class='ocrx_word' id='word_1_246' title='bbox 743 1893 787 1929; x_wconf 92' lang='lat' dir='ltr'>de</span> <span class='ocrx_word' id='word_1_247' title='bbox 807 1891 982 1942; x_wconf 87' lang='lat' dir='ltr'>Stipendio</span> <span class='ocrx_word' id='word_1_248' title='bbox 1002 1893 1138 1930; x_wconf 81' lang='lat' dir='ltr'>militari</span> <span class='ocrx_word' id='word_1_249' title='bbox 1159 1923 1170 1938; x_wconf 93' lang='lat'>,</span> <span class='ocrx_word' id='word_1_250' title='bbox 1210 1899 1248 1932; x_wconf 77' lang='grc' dir='ltr'>ὅ(</span> 
     </span>
     <span class='ocr_line' id='line_1_37' title="bbox 226 1942 1250 1996; baseline -0.001 -14"><span class='ocrx_word' id='word_1_251' title='bbox 226 1947 258 1990; x_wconf 82' lang='grc'>].</span> <span class='ocrx_word' id='word_1_252' title='bbox 280 1948 313 1982; x_wconf 80' lang='lat' dir='ltr'>F.</span> <span class='ocrx_word' id='word_1_253' title='bbox 336 1948 562 1982; x_wconf 71' lang='lat' dir='ltr'>Gnouovxus</span> <span class='ocrx_word' id='word_1_254' title='bbox 583 1943 643 1980; x_wconf 88' lang='lat' dir='ltr'>lib.</span> <span class='ocrx_word' id='word_1_255' title='bbox 660 1958 671 1980; x_wconf 89' lang='lat'>1</span> <span class='ocrx_word' id='word_1_256' title='bbox 685 1958 696 1980; x_wconf 91' lang='lat'>1</span> <span class='ocrx_word' id='word_1_257' title='bbox 710 1958 736 1980; x_wconf 90' lang='lat'>1.</span> <span class='ocrx_word' id='word_1_258' title='bbox 757 1942 799 1979; x_wconf 91' lang='lat' dir='ltr'>de</span> <span class='ocrx_word' id='word_1_259' title='bbox 817 1945 942 1980; x_wconf 88' lang='lat' dir='ltr'>Pecun.</span> <span class='ocrx_word' id='word_1_260' title='bbox 960 1955 1028 1981; x_wconf 90' lang='lat' dir='ltr'>vet.</span> <span class='ocrx_word' id='word_1_261' title='bbox 1048 1957 1123 1996; x_wconf 82' lang='lat' dir='ltr'>cap.</span> <span class='ocrx_word' id='word_1_262' title='bbox 1140 1958 1173 1983; x_wconf 83' lang='lat'>2.</span> <span class='ocrx_word' id='word_1_263' title='bbox 1191 1946 1250 1982; x_wconf 91' lang='lat' dir='ltr'>ubi</span> 
     </span>
     <span class='ocr_line' id='line_1_38' title="bbox 227 1992 1249 2033; baseline -0.001 0"><span class='ocrx_word' id='word_1_264' title='bbox 227 1994 424 2033; x_wconf 71' lang='lat' dir='ltr'>doetiffime</span> <span class='ocrx_word' id='word_1_265' title='bbox 442 1992 632 2031; x_wconf 82' lang='lat' dir='ltr'>refutarunt</span> <span class='ocrx_word' id='word_1_266' title='bbox 651 1993 798 2030; x_wconf 80' lang='lat' dir='ltr'>aliorum</span> <span class='ocrx_word' id='word_1_267' title='bbox 826 1993 868 2028; x_wconf 89' lang='lat' dir='ltr'>de</span> <span class='ocrx_word' id='word_1_268' title='bbox 893 1994 958 2030; x_wconf 83' lang='lat' dir='ltr'>hoc</span> <span class='ocrx_word' id='word_1_269' title='bbox 980 1994 1059 2031; x_wconf 87' lang='lat' dir='ltr'>loco</span> <span class='ocrx_word' id='word_1_270' title='bbox 1075 1995 1249 2033; x_wconf 77' lang='lat' dir='ltr'>vexatiffi-</span> 
     </span>
     <span class='ocr_line' id='line_1_39' title="bbox 229 2042 1253 2095; baseline 0.001 -12"><span class='ocrx_word' id='word_1_271' title='bbox 229 2059 294 2084; x_wconf 89' lang='lat' dir='ltr'>mo</span> <span class='ocrx_word' id='word_1_272' title='bbox 312 2046 536 2089; x_wconf 84' lang='lat' dir='ltr'>sententiam,</span> <span class='ocrx_word' id='word_1_273' title='bbox 567 2044 730 2094; x_wconf 85' lang='lat' dir='ltr'>suamque</span> <span class='ocrx_word' id='word_1_274' title='bbox 755 2042 870 2081; x_wconf 83' lang='lat' dir='ltr'>multis</span> <span class='ocrx_word' id='word_1_275' title='bbox 890 2044 1052 2095; x_wconf 85' lang='lat' dir='ltr'>certisque</span> <span class='ocrx_word' id='word_1_276' title='bbox 1064 2046 1253 2086; x_wconf 88' lang='lat' dir='ltr'>rationibus</span> 
     </span>
     <span class='ocr_line' id='line_1_40' title="bbox 231 2095 426 2136; baseline -0.005 -1"><span class='ocrx_word' id='word_1_277' title='bbox 231 2095 426 2136; x_wconf 88' lang='lat' dir='ltr'>firmarunt.</span> 
     </span>
    </p>
   </div>
   <div class='ocr_carea' id='block_1_10' title="bbox 555 2168 927 2203">
    <p class='ocr_par' dir='ltr' id='par_1_13' title="bbox 555 2168 927 2203">
     <span class='ocr_line' id='line_1_41' title="bbox 555 2168 927 2203; baseline -0.005 0"><span class='ocrx_word' id='word_1_278' title='bbox 555 2168 927 2203; x_wconf 71' lang='lat' dir='ltr'>TonRENT.</span> 
     </span>
    </p>
   </div>
   <div class='ocr_carea' id='block_1_11' title="bbox 227 2222 1260 3129">
    <p class='ocr_par' dir='ltr' id='par_1_14' title="bbox 227 2222 1257 2625">
     <span class='ocr_line' id='line_1_42' title="bbox 287 2222 1256 2272; baseline 0.004 -13"><span class='ocrx_word' id='word_1_279' title='bbox 287 2227 318 2260; x_wconf 72' lang='lat'>8.</span> <span class='ocrx_word' id='word_1_280' title='bbox 330 2222 538 2272; x_wconf 63' lang='lat' dir='ltr'>Ambitiosi‘as</span> <span class='ocrx_word' id='word_1_281' title='bbox 552 2224 932 2272; x_wconf 76' lang='lat' dir='ltr'>centumvirorumsent.</span> <span class='ocrx_word' id='word_1_282' title='bbox 945 2223 962 2271; x_wconf 90' lang='lat'>]</span> <span class='ocrx_word' id='word_1_283' title='bbox 1000 2226 1056 2260; x_wconf 89' lang='lat' dir='ltr'>De</span> <span class='ocrx_word' id='word_1_284' title='bbox 1066 2228 1256 2266; x_wconf 81' lang='lat' dir='ltr'>centumvi-</span> 
     </span>
     <span class='ocr_line' id='line_1_43' title="bbox 231 2274 1256 2327; baseline 0.003 -18"><span class='ocrx_word' id='word_1_285' title='bbox 231 2274 275 2310; x_wconf 71' lang='lat' dir='ltr'>ris</span> <span class='ocrx_word' id='word_1_286' title='bbox 294 2285 372 2310; x_wconf 80' lang='lat' dir='ltr'>ante</span> <span class='ocrx_word' id='word_1_287' title='bbox 392 2274 522 2312; x_wconf 72' lang='lat' dir='ltr'>dictum</span> <span class='ocrx_word' id='word_1_288' title='bbox 539 2276 608 2320; x_wconf 88' lang='lat' dir='ltr'>est,</span> <span class='ocrx_word' id='word_1_289' title='bbox 640 2275 778 2327; x_wconf 71' lang='lat' dir='ltr'>Vcspas</span> <span class='ocrx_word' id='word_1_290' title='bbox 795 2287 912 2325; x_wconf 74' lang='lat' dir='ltr'>capx.</span> <span class='ocrx_word' id='word_1_291' title='bbox 945 2274 1153 2323; x_wconf 70' lang='lat' dir='ltr'>Ambitissas</span> <span class='ocrx_word' id='word_1_292' title='bbox 1171 2290 1256 2315; x_wconf 89' lang='lat' dir='ltr'>vero</span> 
     </span>
     <span class='ocr_line' id='line_1_44' title="bbox 227 2324 1254 2377; baseline 0.006 -19"><span class='ocrx_word' id='word_1_293' title='bbox 227 2324 416 2370; x_wconf 78' lang='lat' dir='ltr'>sententias</span> <span class='ocrx_word' id='word_1_294' title='bbox 435 2337 538 2364; x_wconf 84' lang='lat' dir='ltr'>vocat</span> <span class='ocrx_word' id='word_1_295' title='bbox 564 2340 636 2363; x_wconf 85' lang='lat' dir='ltr'>non</span> <span class='ocrx_word' id='word_1_296' title='bbox 661 2339 727 2377; x_wconf 84' lang='lat' dir='ltr'>qua</span> <span class='ocrx_word' id='word_1_297' title='bbox 748 2326 848 2364; x_wconf 90' lang='lat' dir='ltr'>decet</span> <span class='ocrx_word' id='word_1_298' title='bbox 874 2325 1031 2363; x_wconf 86' lang='lat' dir='ltr'>libertate</span> <span class='ocrx_word' id='word_1_299' title='bbox 1052 2325 1134 2362; x_wconf 83' lang='lat' dir='ltr'>latas</span> <span class='ocrx_word' id='word_1_300' title='bbox 1153 2355 1162 2369; x_wconf 91' lang='lat'>,</span> <span class='ocrx_word' id='word_1_301' title='bbox 1196 2327 1254 2364; x_wconf 88' lang='lat' dir='ltr'>sed</span> 
     </span>
     <span class='ocr_line' id='line_1_45' title="bbox 236 2373 1255 2429; baseline 0.006 -19"><span class='ocrx_word' id='word_1_302' title='bbox 236 2373 404 2424; x_wconf 86' lang='lat' dir='ltr'>obsequio</span> <span class='ocrx_word' id='word_1_303' title='bbox 421 2403 433 2419; x_wconf 91' lang='lat'>,</span> <span class='ocrx_word' id='word_1_304' title='bbox 473 2374 596 2414; x_wconf 88' lang='lat' dir='ltr'>favore</span> <span class='ocrx_word' id='word_1_305' title='bbox 615 2406 626 2421; x_wconf 94' lang='lat'>‚</span> <span class='ocrx_word' id='word_1_306' title='bbox 660 2381 699 2414; x_wconf 67' lang='grc' dir='ltr'>ὅ(</span> <span class='ocrx_word' id='word_1_307' title='bbox 713 2378 830 2429; x_wconf 82' lang='lat' dir='ltr'>gratia.</span> <span class='ocrx_word' id='word_1_308' title='bbox 889 2376 1004 2413; x_wconf 90' lang='lat' dir='ltr'>Simile</span> <span class='ocrx_word' id='word_1_309' title='bbox 1023 2374 1101 2413; x_wconf 90' lang='lat' dir='ltr'>illud</span> <span class='ocrx_word' id='word_1_310' title='bbox 1119 2377 1255 2428; x_wconf 84' lang='lat' dir='ltr'>Ulpiani</span> 
     </span>
     <span class='ocr_line' id='line_1_46' title="bbox 237 2424 1256 2475; baseline 0.005 -15"><span class='ocrx_word' id='word_1_311' title='bbox 237 2424 258 2460; x_wconf 88' lang='lat' dir='ltr'>l.</span> <span class='ocrx_word' id='word_1_312' title='bbox 286 2437 336 2464; x_wconf 80' lang='lat' dir='ltr'>iv.</span> <span class='ocrx_word' id='word_1_313' title='bbox 371 2428 428 2462; x_wconf 90' lang='lat' dir='ltr'>De</span> <span class='ocrx_word' id='word_1_314' title='bbox 445 2426 590 2464; x_wconf 81' lang='lat' dir='ltr'>decretis</span> <span class='ocrx_word' id='word_1_315' title='bbox 606 2428 651 2465; x_wconf 86' lang='lat' dir='ltr'>ab</span> <span class='ocrx_word' id='word_1_316' title='bbox 674 2429 749 2466; x_wconf 88' lang='lat' dir='ltr'>ord.</span> <span class='ocrx_word' id='word_1_317' title='bbox 769 2426 961 2464; x_wconf 67' lang='lat' dir='ltr'>faciendis:</span> <span class='ocrx_word' id='word_1_318' title='bbox 984 2426 1179 2475; x_wconf 58' lang='lat' dir='ltr'>Ambitiosa»</span> <span class='ocrx_word' id='word_1_319' title='bbox 1201 2430 1256 2465; x_wconf 84' lang='lat' dir='ltr'>de-</span> 
     </span>
     <span class='ocr_line' id='line_1_47' title="bbox 237 2477 1257 2526; baseline 0.005 -16"><span class='ocrx_word' id='word_1_320' title='bbox 237 2485 329 2511; x_wconf 78' lang='lat' dir='ltr'>creta</span> <span class='ocrx_word' id='word_1_321' title='bbox 355 2477 572 2514; x_wconf 74' lang='lat' dir='ltr'>decurionum</span> <span class='ocrx_word' id='word_1_322' title='bbox 600 2479 738 2526; x_wconf 78' lang='lat' dir='ltr'>rescindi</span> <span class='ocrx_word' id='word_1_323' title='bbox 761 2477 892 2515; x_wconf 79' lang='lat' dir='ltr'>debent.</span> <span class='ocrx_word' id='word_1_324' title='bbox 951 2478 1003 2514; x_wconf 92' lang='lat' dir='ltr'>Sic</span> <span class='ocrx_word' id='word_1_325' title='bbox 1018 2478 1126 2525; x_wconf 67' lang='lat' dir='ltr'>judex</span> <span class='ocrx_word' id='word_1_326' title='bbox 1147 2479 1257 2515; x_wconf 76' lang='lat' dir='ltr'>ambi-</span> 
     </span>
     <span class='ocr_line' id='line_1_48' title="bbox 239 2526 1256 2576; baseline 0.007 -16"><span class='ocrx_word' id='word_1_327' title='bbox 239 2526 335 2572; x_wconf 80' lang='lat' dir='ltr'>tiosus</span> <span class='ocrx_word' id='word_1_328' title='bbox 363 2527 452 2576; x_wconf 88' lang='lat' dir='ltr'>apud</span> <span class='ocrx_word' id='word_1_329' title='bbox 476 2529 617 2567; x_wconf 87' lang='lat' dir='ltr'>Livium</span> <span class='ocrx_word' id='word_1_330' title='bbox 636 2557 655 2574; x_wconf 87' lang='lat'><em>„</em></span> <span class='ocrx_word' id='word_1_331' title='bbox 684 2527 860 2576; x_wconf 70' lang='lat' dir='ltr'>ambitiose</span> <span class='ocrx_word' id='word_1_332' title='bbox 885 2526 938 2570; x_wconf 54' lang='grc' dir='ltr'>Εἴ</span> <span class='ocrx_word' id='word_1_333' title='bbox 958 2527 1074 2576; x_wconf 64' lang='lat' dir='ltr'>sucosa</span> <span class='ocrx_word' id='word_1_334' title='bbox 1097 2530 1256 2566; x_wconf 74' lang='lat' dir='ltr'>micitia</span> 
     </span>
     <span class='ocr_line' id='line_1_49' title="bbox 238 2577 570 2625; baseline 0.021 -15"><span class='ocrx_word' id='word_1_335' title='bbox 238 2577 328 2625; x_wconf 80' lang='lat' dir='ltr'>apud</span> <span class='ocrx_word' id='word_1_336' title='bbox 349 2579 570 2617; x_wconf 88' lang='lat' dir='ltr'>Ciceronem.</span> 
     </span>
    </p>

    <p class='ocr_par' dir='ltr' id='par_1_15' title="bbox 240 2627 1260 2781">
     <span class='ocr_line' id='line_1_50' title="bbox 293 2627 1256 2678; baseline 0.004 -16"><span class='ocrx_word' id='word_1_337' title='bbox 293 2632 539 2675; x_wconf 76' lang='lat' dir='ltr'>Recuperutores</span> <span class='ocrx_word' id='word_1_338' title='bbox 556 2643 597 2665; x_wconf 88' lang='lat' dir='ltr'>ne</span> <span class='ocrx_word' id='word_1_339' title='bbox 605 2629 642 2678; x_wconf 84' lang='lat' dir='ltr'>se</span> <span class='ocrx_word' id='word_1_340' title='bbox 651 2627 819 2678; x_wconf 74' lang='lat' dir='ltr'>semper.]</span> <span class='ocrx_word' id='word_1_341' title='bbox 846 2629 964 2666; x_wconf 72' lang='lat' dir='ltr'>Diffio</span> <span class='ocrx_word' id='word_1_342' title='bbox 977 2627 1105 2676; x_wconf 79' lang='lat' dir='ltr'>semper</span> <span class='ocrx_word' id='word_1_343' title='bbox 1124 2628 1220 2666; x_wconf 84' lang='lat' dir='ltr'>abest</span> <span class='ocrx_word' id='word_1_344' title='bbox 1237 2642 1256 2665; x_wconf 83' lang='lat' dir='ltr'>a</span> 
     </span>
     <span class='ocr_line' id='line_1_51' title="bbox 240 2678 1260 2729; baseline 0.008 -18"><span class='ocrx_word' id='word_1_345' title='bbox 240 2678 410 2715; x_wconf 81' lang='lat' dir='ltr'>nonnullis</span> <span class='ocrx_word' id='word_1_346' title='bbox 425 2679 600 2717; x_wconf 83' lang='lat' dir='ltr'>codicibus</span> <span class='ocrx_word' id='word_1_347' title='bbox 615 2709 626 2724; x_wconf 90' lang='lat'>,</span> <span class='ocrx_word' id='word_1_348' title='bbox 654 2683 691 2716; x_wconf 72' lang='grc' dir='ltr'>ὅ(</span> <span class='ocrx_word' id='word_1_349' title='bbox 711 2680 811 2717; x_wconf 85' lang='lat' dir='ltr'>bene.</span> <span class='ocrx_word' id='word_1_350' title='bbox 869 2683 924 2716; x_wconf 83' lang='lat' dir='ltr'>De</span> <span class='ocrx_word' id='word_1_351' title='bbox 944 2680 1260 2729; x_wconf 83' lang='lat' dir='ltr'>Recuperatoribus</span> 
     </span>
     <span class='ocr_line' id='line_1_52' title="bbox 241 2729 921 2781; baseline 0.007 -18"><span class='ocrx_word' id='word_1_352' title='bbox 241 2739 327 2763; x_wconf 75' lang='lat' dir='ltr'>vero</span> <span class='ocrx_word' id='word_1_353' title='bbox 344 2740 423 2764; x_wconf 86' lang='lat' dir='ltr'>ante</span> <span class='ocrx_word' id='word_1_354' title='bbox 443 2729 610 2773; x_wconf 83' lang='lat' dir='ltr'>diximus,</span> <span class='ocrx_word' id='word_1_355' title='bbox 637 2733 722 2767; x_wconf 81' lang='lat' dir='ltr'>Ner.</span> <span class='ocrx_word' id='word_1_356' title='bbox 733 2743 806 2781; x_wconf 85' lang='lat' dir='ltr'>cap.</span> <span class='ocrx_word' id='word_1_357' title='bbox 817 2745 880 2768; x_wconf 89' lang='lat' dir='ltr'>xv1</span> <span class='ocrx_word' id='word_1_358' title='bbox 896 2745 921 2768; x_wconf 84' lang='lat'>1.</span> 
     </span>
    </p>

    <p class='ocr_par' dir='ltr' id='par_1_16' title="bbox 243 2779 1260 3129">
     <span class='ocr_line' id='line_1_53' title="bbox 299 2779 1259 2831; baseline 0.008 -21"><span class='ocrx_word' id='word_1_359' title='bbox 299 2779 512 2826; x_wconf 79' lang='lat' dir='ltr'>Persuasoriis</span> <span class='ocrx_word' id='word_1_360' title='bbox 528 2780 794 2829; x_wconf 73' lang='lat' dir='ltr'>affirtionibus.]</span> <span class='ocrx_word' id='word_1_361' title='bbox 827 2782 898 2831; x_wconf 82' lang='lat' dir='ltr'>Qi</span> <span class='ocrx_word' id='word_1_362' title='bbox 911 2782 947 2818; x_wconf 91' lang='lat' dir='ltr'>in</span> <span class='ocrx_word' id='word_1_363' title='bbox 968 2779 1162 2817; x_wconf 79' lang='lat' dir='ltr'>libertatem</span> <span class='ocrx_word' id='word_1_364' title='bbox 1183 2781 1259 2818; x_wconf 81' lang='lat' dir='ltr'>vin-</span> 
     </span>
     <span class='ocr_line' id='line_1_54' title="bbox 243 2823 1260 2882; baseline 0.017 -23"><span class='ocrx_word' id='word_1_365' title='bbox 243 2823 376 2881; x_wconf 79' lang='lat' dir='ltr'>dicandi</span> <span class='ocrx_word' id='word_1_366' title='bbox 400 2840 512 2872; x_wconf 86' lang='lat' dir='ltr'>erant,</span> <span class='ocrx_word' id='word_1_367' title='bbox 539 2832 634 2879; x_wconf 87' lang='lat' dir='ltr'>quia,</span> <span class='ocrx_word' id='word_1_368' title='bbox 664 2844 743 2868; x_wconf 88' lang='lat' dir='ltr'>cum</span> <span class='ocrx_word' id='word_1_369' title='bbox 761 2846 823 2882; x_wconf 90' lang='lat' dir='ltr'>pro</span> <span class='ocrx_word' id='word_1_370' title='bbox 841 2832 944 2870; x_wconf 87' lang='lat' dir='ltr'>servis</span> <span class='ocrx_word' id='word_1_371' title='bbox 966 2831 1190 2875; x_wconf 74' lang='lat' dir='ltr'>haberentur,</span> <span class='ocrx_word' id='word_1_372' title='bbox 1210 2834 1260 2878; x_wconf 75' lang='lat' dir='ltr'>lu·</span> 
     </span>
     <span class='ocr_line' id='line_1_55' title="bbox 244 2874 1260 2932; baseline 0.009 -22"><span class='ocrx_word' id='word_1_373' title='bbox 244 2874 335 2911; x_wconf 81' lang='lat' dir='ltr'>dicio</span> <span class='ocrx_word' id='word_1_374' title='bbox 352 2876 411 2926; x_wconf 80' lang='lat' dir='ltr'>ipsi</span> <span class='ocrx_word' id='word_1_375' title='bbox 430 2890 531 2927; x_wconf 79' lang='lat' dir='ltr'>agere</span> <span class='ocrx_word' id='word_1_376' title='bbox 551 2894 622 2917; x_wconf 91' lang='lat' dir='ltr'>non</span> <span class='ocrx_word' id='word_1_377' title='bbox 643 2893 821 2930; x_wconf 82' lang='lat' dir='ltr'>poterant,</span> <span class='ocrx_word' id='word_1_378' title='bbox 850 2881 1028 2920; x_wconf 76' lang='lat' dir='ltr'>assertores</span> <span class='ocrx_word' id='word_1_379' title='bbox 1050 2880 1113 2918; x_wconf 83' lang='lat' dir='ltr'>fibi</span> <span class='ocrx_word' id='word_1_380' title='bbox 1129 2895 1260 2932; x_wconf 65' lang='lat' dir='ltr'>quaere·</span> 
     </span>
     <span class='ocr_line' id='line_1_56' title="bbox 246 2924 1258 2984; baseline 0.011 -24"><span class='ocrx_word' id='word_1_381' title='bbox 246 2924 338 2962; x_wconf 87' lang='lat' dir='ltr'>bant.</span> <span class='ocrx_word' id='word_1_382' title='bbox 396 2929 443 2963; x_wconf 88' lang='lat' dir='ltr'>Hi</span> <span class='ocrx_word' id='word_1_383' title='bbox 469 2941 551 2965; x_wconf 88' lang='lat' dir='ltr'>vero</span> <span class='ocrx_word' id='word_1_384' title='bbox 571 2930 730 2968; x_wconf 70' lang='lat' dir='ltr'>libenatis</span> <span class='ocrx_word' id='word_1_385' title='bbox 752 2931 873 2970; x_wconf 88' lang='lat' dir='ltr'>favore</span> <span class='ocrx_word' id='word_1_386' title='bbox 899 2933 1057 2984; x_wconf 87' lang='lat' dir='ltr'>precibus</span> <span class='ocrx_word' id='word_1_387' title='bbox 1083 2931 1200 2982; x_wconf 72' lang='lat' dir='ltr'>saepius</span> <span class='ocrx_word' id='word_1_388' title='bbox 1218 2946 1258 2971; x_wconf 89' lang='lat' dir='ltr'>ac</span> 
     </span>
     <span class='ocr_line' id='line_1_57' title="bbox 246 2975 1260 3034; baseline 0.009 -22"><span class='ocrx_word' id='word_1_389' title='bbox 246 2975 441 3020; x_wconf 75' lang='lat' dir='ltr'>blanditiis,</span> <span class='ocrx_word' id='word_1_390' title='bbox 469 2977 680 3029; x_wconf 77' lang='lat' dir='ltr'>quaefitisque</span> <span class='ocrx_word' id='word_1_391' title='bbox 706 2982 879 3020; x_wconf 89' lang='lat' dir='ltr'>coloribus</span> <span class='ocrx_word' id='word_1_392' title='bbox 896 3012 908 3027; x_wconf 89' lang='lat'>,</span> <span class='ocrx_word' id='word_1_393' title='bbox 935 2995 1041 3033; x_wconf 86' lang='lat' dir='ltr'>quam</span> <span class='ocrx_word' id='word_1_394' title='bbox 1065 2985 1153 3020; x_wconf 86' lang='lat' dir='ltr'>veris</span> <span class='ocrx_word' id='word_1_395' title='bbox 1182 2997 1260 3034; x_wconf 87' lang='lat' dir='ltr'>pro—</span> 
     </span>
     <span class='ocr_line' id='line_1_58' title="bbox 245 3026 1258 3083; baseline 0.009 -22"><span class='ocrx_word' id='word_1_396' title='bbox 245 3026 441 3064; x_wconf 84' lang='lat' dir='ltr'>bationibus</span> <span class='ocrx_word' id='word_1_397' title='bbox 465 3027 666 3067; x_wconf 85' lang='lat' dir='ltr'>nitebantur.</span> <span class='ocrx_word' id='word_1_398' title='bbox 726 3032 863 3074; x_wconf 84' lang='lat' dir='ltr'>Judices</span> <span class='ocrx_word' id='word_1_399' title='bbox 901 3035 999 3083; x_wconf 81' lang='lat' dir='ltr'>igitur</span> <span class='ocrx_word' id='word_1_400' title='bbox 1036 3035 1258 3071; x_wconf 80' lang='lat' dir='ltr'>Domitianus</span> 
     </span>
     <span class='ocr_line' id='line_1_59' title="bbox 245 3076 1257 3129; baseline 0.01 -15"><span class='ocrx_word' id='word_1_401' title='bbox 245 3076 443 3124; x_wconf 74' lang='lat' dir='ltr'>admonuit,</span> <span class='ocrx_word' id='word_1_402' title='bbox 473 3090 517 3116; x_wconf 87' lang='lat' dir='ltr'>ne</span> <span class='ocrx_word' id='word_1_403' title='bbox 532 3091 650 3119; x_wconf 82' lang='lat' dir='ltr'>contra</span> <span class='ocrx_word' id='word_1_404' title='bbox 669 3081 718 3129; x_wconf 79' lang='lat' dir='ltr'>jus</span> <span class='ocrx_word' id='word_1_405' title='bbox 740 3081 968 3124; x_wconf 83' lang='lat' dir='ltr'>dominorum</span> <span class='ocrx_word' id='word_1_406' title='bbox 987 3082 1039 3122; x_wconf 83' lang='lat' dir='ltr'>his</span> <span class='ocrx_word' id='word_1_407' title='bbox 1056 3093 1189 3123; x_wconf 81' lang='lat' dir='ltr'>temere</span> <span class='ocrx_word' id='word_1_408' title='bbox 1204 3086 1257 3124; x_wconf 80' lang='lat' dir='ltr'>ni-</span> 
     </span>
    </p>
   </div>
   <div class='ocr_carea' id='block_1_12' title="bbox 1279 553 2339 2328">
    <p class='ocr_par' dir='ltr' id='par_1_17' title="bbox 1279 553 2326 1513">
     <span class='ocr_line' id='line_1_60' title="bbox 1279 553 2300 603; baseline 0.009 -15"><span class='ocrx_word' id='word_1_409' title='bbox 1279 553 1478 592; x_wconf 82' lang='lat' dir='ltr'>Beroaldus.</span> <span class='ocrx_word' id='word_1_410' title='bbox 1534 553 1742 603; x_wconf 85' lang='lat' dir='ltr'>Exemplum</span> <span class='ocrx_word' id='word_1_411' title='bbox 1767 556 1874 591; x_wconf 86' lang='lat' dir='ltr'>etiam</span> <span class='ocrx_word' id='word_1_412' title='bbox 1900 555 2087 593; x_wconf 82' lang='lat' dir='ltr'>istiusmodi</span> <span class='ocrx_word' id='word_1_413' title='bbox 2113 559 2300 597; x_wconf 81' lang='lat' dir='ltr'>assertionis</span> 
     </span>
     <span class='ocr_line' id='line_1_61' title="bbox 1281 604 2304 656; baseline 0.008 -17"><span class='ocrx_word' id='word_1_414' title='bbox 1281 605 1384 642; x_wconf 91' lang='lat' dir='ltr'>nobis</span> <span class='ocrx_word' id='word_1_415' title='bbox 1409 607 1615 656; x_wconf 87' lang='lat' dir='ltr'>proponitur</span> <span class='ocrx_word' id='word_1_416' title='bbox 1642 604 1786 655; x_wconf 79' lang='lat' dir='ltr'>Vespas.</span> <span class='ocrx_word' id='word_1_417' title='bbox 1808 618 1881 655; x_wconf 85' lang='lat' dir='ltr'>cap.</span> <span class='ocrx_word' id='word_1_418' title='bbox 1911 621 1988 644; x_wconf 82' lang='grc' dir='ltr'>ιιι.</span> <span class='ocrx_word' id='word_1_419' title='bbox 2048 611 2126 643; x_wconf 92' lang='lat' dir='ltr'>Nec</span> <span class='ocrx_word' id='word_1_420' title='bbox 2145 609 2304 647; x_wconf 84' lang='lat' dir='ltr'>dissimile</span> 
     </span>
     <span class='ocr_line' id='line_1_62' title="bbox 1284 654 2305 707; baseline 0.006 -17"><span class='ocrx_word' id='word_1_421' title='bbox 1284 654 1351 698; x_wconf 86' lang='lat' dir='ltr'>est,</span> <span class='ocrx_word' id='word_1_422' title='bbox 1373 656 1465 706; x_wconf 91' lang='lat' dir='ltr'>quod</span> <span class='ocrx_word' id='word_1_423' title='bbox 1477 659 1682 693; x_wconf 75' lang='lat' dir='ltr'>Graecorum</span> <span class='ocrx_word' id='word_1_424' title='bbox 1702 656 1833 704; x_wconf 75' lang='lat' dir='ltr'>legibus</span> <span class='ocrx_word' id='word_1_425' title='bbox 1851 657 2004 707; x_wconf 84' lang='lat' dir='ltr'>inquilini</span> <span class='ocrx_word' id='word_1_426' title='bbox 2023 657 2147 694; x_wconf 88' lang='lat' dir='ltr'>versari</span> <span class='ocrx_word' id='word_1_427' title='bbox 2168 660 2204 694; x_wconf 83' lang='lat' dir='ltr'>in</span> <span class='ocrx_word' id='word_1_428' title='bbox 2222 661 2305 705; x_wconf 76' lang='lat' dir='ltr'>judi-</span> 
     </span>
     <span class='ocr_line' id='line_1_63' title="bbox 1285 706 2308 760; baseline 0.005 -19"><span class='ocrx_word' id='word_1_429' title='bbox 1285 707 1339 742; x_wconf 89' lang='lat' dir='ltr'>cio</span> <span class='ocrx_word' id='word_1_430' title='bbox 1360 706 1432 744; x_wconf 84' lang='lat' dir='ltr'>fine</span> <span class='ocrx_word' id='word_1_431' title='bbox 1448 708 1588 744; x_wconf 65' lang='lat' dir='ltr'>auctore</span> <span class='ocrx_word' id='word_1_432' title='bbox 1617 719 1655 743; x_wconf 85' lang='lat' dir='ltr'>ac</span> <span class='ocrx_word' id='word_1_433' title='bbox 1672 707 1808 745; x_wconf 86' lang='lat' dir='ltr'>vindice</span> <span class='ocrx_word' id='word_1_434' title='bbox 1824 735 1836 750; x_wconf 96' lang='lat'>,</span> <span class='ocrx_word' id='word_1_435' title='bbox 1869 721 1976 758; x_wconf 87' lang='lat' dir='ltr'>quem</span> <span class='ocrx_word' id='word_1_436' title='bbox 2005 707 2171 756; x_wconf 71' lang='grc' dir='ltr'>τροςοέτην</span> <span class='ocrx_word' id='word_1_437' title='bbox 2191 710 2308 760; x_wconf 82' lang='lat' dir='ltr'>appel-</span> 
     </span>
     <span class='ocr_line' id='line_1_64' title="bbox 1285 755 2311 810; baseline 0.005 -18"><span class='ocrx_word' id='word_1_438' title='bbox 1285 755 1402 794; x_wconf 76' lang='lat' dir='ltr'>labant</span> <span class='ocrx_word' id='word_1_439' title='bbox 1417 787 1432 801; x_wconf 80' lang='lat'>,</span> <span class='ocrx_word' id='word_1_440' title='bbox 1476 759 1691 796; x_wconf 69' lang='lat' dir='ltr'>vetabantur.</span> <span class='ocrx_word' id='word_1_441' title='bbox 1749 760 1886 795; x_wconf 84' lang='lat' dir='ltr'>Verum</span> <span class='ocrx_word' id='word_1_442' title='bbox 1926 760 2005 809; x_wconf 89' lang='lat' dir='ltr'>quia</span> <span class='ocrx_word' id='word_1_443' title='bbox 2052 771 2311 810; x_wconf 87' lang='lat' dir='ltr'>recuperatores</span> 
     </span>
     <span class='ocr_line' id='line_1_65' title="bbox 1289 807 2309 857; baseline 0.005 -14"><span class='ocrx_word' id='word_1_444' title='bbox 1289 808 1408 857; x_wconf 91' lang='lat' dir='ltr'>(quod</span> <span class='ocrx_word' id='word_1_445' title='bbox 1427 821 1505 845; x_wconf 79' lang='lat' dir='ltr'>ante</span> <span class='ocrx_word' id='word_1_446' title='bbox 1527 807 1762 856; x_wconf 82' lang='lat' dir='ltr'>ostendimus)</span> <span class='ocrx_word' id='word_1_447' title='bbox 1795 822 1866 845; x_wconf 92' lang='lat' dir='ltr'>non</span> <span class='ocrx_word' id='word_1_448' title='bbox 1886 808 1929 846; x_wconf 90' lang='lat' dir='ltr'>de</span> <span class='ocrx_word' id='word_1_449' title='bbox 1954 808 2147 846; x_wconf 83' lang='lat' dir='ltr'>liberalibus</span> <span class='ocrx_word' id='word_1_450' title='bbox 2174 821 2309 848; x_wconf 86' lang='lat' dir='ltr'>tantum</span> 
     </span>
     <span class='ocr_line' id='line_1_66' title="bbox 1287 856 2312 912; baseline 0.004 -18"><span class='ocrx_word' id='word_1_451' title='bbox 1287 856 1395 895; x_wconf 73' lang='lat' dir='ltr'>caufis</span> <span class='ocrx_word' id='word_1_452' title='bbox 1429 860 1716 911; x_wconf 64' lang='lat' dir='ltr'>cognoscebant,</span> <span class='ocrx_word' id='word_1_453' title='bbox 1746 858 1802 896; x_wconf 88' lang='lat' dir='ltr'>sed</span> <span class='ocrx_word' id='word_1_454' title='bbox 1832 858 1876 896; x_wconf 83' lang='lat' dir='ltr'>de</span> <span class='ocrx_word' id='word_1_455' title='bbox 1904 859 2160 910; x_wconf 86' lang='lat' dir='ltr'>quibuscunque</span> <span class='ocrx_word' id='word_1_456' title='bbox 2188 872 2312 912; x_wconf 87' lang='lat' dir='ltr'>praetor</span> 
     </span>
     <span class='ocr_line' id='line_1_67' title="bbox 1286 908 2310 961; baseline 0.005 -17"><span class='ocrx_word' id='word_1_457' title='bbox 1286 908 1375 958; x_wconf 84' lang='lat' dir='ltr'>ipsos</span> <span class='ocrx_word' id='word_1_458' title='bbox 1393 909 1476 947; x_wconf 84' lang='lat' dir='ltr'>adiri</span> <span class='ocrx_word' id='word_1_459' title='bbox 1499 908 1652 957; x_wconf 78' lang='lat' dir='ltr'>jusserat,</span> <span class='ocrx_word' id='word_1_460' title='bbox 1679 908 1953 961; x_wconf 62' lang='lat' dir='ltr'>praefer-timfide</span> <span class='ocrx_word' id='word_1_461' title='bbox 1969 911 2063 948; x_wconf 60' lang='lat' dir='ltr'>fano</span> <span class='ocrx_word' id='word_1_462' title='bbox 2083 911 2310 960; x_wconf 84' lang='lat' dir='ltr'>quaerendum</span> 
     </span>
     <span class='ocr_line' id='line_1_68' title="bbox 1288 957 2312 1013; baseline 0.005 -19"><span class='ocrx_word' id='word_1_463' title='bbox 1288 957 1390 1003; x_wconf 82' lang='lat' dir='ltr'>effet,</span> <span class='ocrx_word' id='word_1_464' title='bbox 1419 961 1607 1008; x_wconf 63' lang='lat' dir='ltr'>assertiones</span> <span class='ocrx_word' id='word_1_465' title='bbox 1629 961 1855 1009; x_wconf 65' lang='lat' dir='ltr'>persuaserim</span> <span class='ocrx_word' id='word_1_466' title='bbox 1881 962 1948 999; x_wconf 87' lang='lat' dir='ltr'>hoc</span> <span class='ocrx_word' id='word_1_467' title='bbox 1975 961 2054 1000; x_wconf 91' lang='lat' dir='ltr'>loco</span> <span class='ocrx_word' id='word_1_468' title='bbox 2082 963 2215 1013; x_wconf 86' lang='lat' dir='ltr'>accipio</span> <span class='ocrx_word' id='word_1_469' title='bbox 2235 975 2312 1012; x_wconf 87' lang='lat' dir='ltr'>quae</span> 
     </span>
     <span class='ocr_line' id='line_1_69' title="bbox 1287 1011 2320 1063; baseline 0.005 -18"><span class='ocrx_word' id='word_1_470' title='bbox 1287 1023 1360 1046; x_wconf 89' lang='lat' dir='ltr'>non</span> <span class='ocrx_word' id='word_1_471' title='bbox 1379 1011 1640 1060; x_wconf 88' lang='lat' dir='ltr'>probationibus</span> <span class='ocrx_word' id='word_1_472' title='bbox 1661 1012 1760 1048; x_wconf 81' lang='lat' dir='ltr'>certis</span> <span class='ocrx_word' id='word_1_473' title='bbox 1779 1039 1791 1054; x_wconf 90' lang='lat'>,</span> <span class='ocrx_word' id='word_1_474' title='bbox 1827 1024 1861 1048; x_wconf 91' lang='lat' dir='ltr'>ut</span> <span class='ocrx_word' id='word_1_475' title='bbox 1882 1024 1982 1061; x_wconf 81' lang='lat' dir='ltr'>puta,</span> <span class='ocrx_word' id='word_1_476' title='bbox 2015 1026 2074 1063; x_wconf 84' lang='lat' dir='ltr'>per</span> <span class='ocrx_word' id='word_1_477' title='bbox 2092 1014 2192 1051; x_wconf 86' lang='lat' dir='ltr'>testes</span> <span class='ocrx_word' id='word_1_478' title='bbox 2211 1025 2320 1063; x_wconf 85' lang='lat' dir='ltr'>atque·</span> 
     </span>
     <span class='ocr_line' id='line_1_70' title="bbox 1287 1060 2321 1108; baseline 0.002 -12"><span class='ocrx_word' id='word_1_479' title='bbox 1287 1060 1511 1098; x_wconf 81' lang='lat' dir='ltr'>instrumenta</span> <span class='ocrx_word' id='word_1_480' title='bbox 1525 1091 1536 1105; x_wconf 92' lang='lat'>,</span> <span class='ocrx_word' id='word_1_481' title='bbox 1557 1060 1834 1106; x_wconf 84' lang='lat' dir='ltr'>affirmarentur,</span> <span class='ocrx_word' id='word_1_482' title='bbox 1858 1062 1915 1099; x_wconf 93' lang='lat' dir='ltr'>sed</span> <span class='ocrx_word' id='word_1_483' title='bbox 1924 1063 2022 1099; x_wconf 86' lang='lat' dir='ltr'>nudis</span> <span class='ocrx_word' id='word_1_484' title='bbox 2036 1075 2172 1100; x_wconf 86' lang='lat' dir='ltr'>tantum</span> <span class='ocrx_word' id='word_1_485' title='bbox 2187 1064 2321 1108; x_wconf 80' lang='lat' dir='ltr'>verbis,</span> 
     </span>
     <span class='ocr_line' id='line_1_71' title="bbox 1289 1110 2317 1164; baseline 0.006 -19"><span class='ocrx_word' id='word_1_486' title='bbox 1289 1110 1500 1161; x_wconf 70' lang='lat' dir='ltr'>quaesitisque</span> <span class='ocrx_word' id='word_1_487' title='bbox 1515 1112 1681 1148; x_wconf 76' lang='lat' dir='ltr'>orationis</span> <span class='ocrx_word' id='word_1_488' title='bbox 1699 1112 1873 1150; x_wconf 87' lang='lat' dir='ltr'>coloribus</span> <span class='ocrx_word' id='word_1_489' title='bbox 1897 1125 2181 1164; x_wconf 84' lang='lat' dir='ltr'>proponerentur.</span> <span class='ocrx_word' id='word_1_490' title='bbox 2226 1117 2317 1163; x_wconf 79' lang='lat' dir='ltr'>Qi-</span> 
     </span>
     <span class='ocr_line' id='line_1_72' title="bbox 1292 1160 2315 1214; baseline 0.005 -18"><span class='ocrx_word' id='word_1_491' title='bbox 1292 1160 1354 1196; x_wconf 91' lang='lat' dir='ltr'>bus</span> <span class='ocrx_word' id='word_1_492' title='bbox 1378 1162 1601 1199; x_wconf 85' lang='lat' dir='ltr'>Domitianus</span> <span class='ocrx_word' id='word_1_493' title='bbox 1627 1161 1704 1198; x_wconf 87' lang='lat' dir='ltr'>stari</span> <span class='ocrx_word' id='word_1_494' title='bbox 1731 1163 1851 1200; x_wconf 88' lang='lat' dir='ltr'>noluit.</span> <span class='ocrx_word' id='word_1_495' title='bbox 1911 1164 1951 1200; x_wconf 83' lang='lat' dir='ltr'>Id</span> <span class='ocrx_word' id='word_1_496' title='bbox 1973 1163 2068 1214; x_wconf 89' lang='lat' dir='ltr'>quod</span> <span class='ocrx_word' id='word_1_497' title='bbox 2090 1165 2125 1200; x_wconf 91' lang='lat' dir='ltr'>in</span> <span class='ocrx_word' id='word_1_498' title='bbox 2144 1163 2226 1201; x_wconf 68' lang='lat' dir='ltr'>faeti</span> <span class='ocrx_word' id='word_1_499' title='bbox 2255 1177 2315 1202; x_wconf 87' lang='lat' dir='ltr'>co·</span> 
     </span>
     <span class='ocr_line' id='line_1_73' title="bbox 1292 1211 2315 1264; baseline 0.006 -18"><span class='ocrx_word' id='word_1_500' title='bbox 1292 1211 1449 1260; x_wconf 80' lang='lat' dir='ltr'>gnitione</span> <span class='ocrx_word' id='word_1_501' title='bbox 1472 1211 1700 1260; x_wconf 68' lang='lat' dir='ltr'>periculosum</span> <span class='ocrx_word' id='word_1_502' title='bbox 1725 1211 1783 1248; x_wconf 79' lang='lat' dir='ltr'>est.</span> <span class='ocrx_word' id='word_1_503' title='bbox 1815 1223 1900 1249; x_wconf 79' lang='lat' dir='ltr'>nam</span> <span class='ocrx_word' id='word_1_504' title='bbox 1920 1214 1980 1251; x_wconf 90' lang='lat' dir='ltr'>ubi</span> <span class='ocrx_word' id='word_1_505' title='bbox 1997 1214 2039 1250; x_wconf 89' lang='lat' dir='ltr'>de</span> <span class='ocrx_word' id='word_1_506' title='bbox 2058 1217 2129 1260; x_wconf 79' lang='lat' dir='ltr'>jure</span> <span class='ocrx_word' id='word_1_507' title='bbox 2150 1215 2315 1264; x_wconf 85' lang='lat' dir='ltr'>discepta-</span> 
     </span>
     <span class='ocr_line' id='line_1_74' title="bbox 1293 1261 2316 1316; baseline 0.007 -19"><span class='ocrx_word' id='word_1_508' title='bbox 1293 1261 1341 1297; x_wconf 91' lang='lat' dir='ltr'>tio</span> <span class='ocrx_word' id='word_1_509' title='bbox 1366 1262 1503 1306; x_wconf 89' lang='lat' dir='ltr'>incidit,</span> <span class='ocrx_word' id='word_1_510' title='bbox 1530 1275 1587 1299; x_wconf 83' lang='lat' dir='ltr'>aut</span> <span class='ocrx_word' id='word_1_511' title='bbox 1606 1263 1745 1312; x_wconf 75' lang='lat' dir='ltr'>:equitas</span> <span class='ocrx_word' id='word_1_512' title='bbox 1767 1263 1926 1312; x_wconf 81' lang='lat' dir='ltr'>quaeritur</span> <span class='ocrx_word' id='word_1_513' title='bbox 1942 1292 1953 1307; x_wconf 93' lang='lat'>,</span> <span class='ocrx_word' id='word_1_514' title='bbox 1990 1263 2137 1302; x_wconf 89' lang='lat' dir='ltr'>liberum</span> <span class='ocrx_word' id='word_1_515' title='bbox 2157 1265 2316 1316; x_wconf 80' lang='lat' dir='ltr'>relinqui-</span> 
     </span>
     <span class='ocr_line' id='line_1_75' title="bbox 1293 1313 2317 1365; baseline 0.006 -17"><span class='ocrx_word' id='word_1_516' title='bbox 1293 1322 1346 1348; x_wconf 86' lang='lat' dir='ltr'>tur</span> <span class='ocrx_word' id='word_1_517' title='bbox 1368 1313 1443 1350; x_wconf 83' lang='lat' dir='ltr'>suas</span> <span class='ocrx_word' id='word_1_518' title='bbox 1462 1315 1584 1364; x_wconf 83' lang='lat' dir='ltr'>cuique</span> <span class='ocrx_word' id='word_1_519' title='bbox 1602 1315 1754 1350; x_wconf 75' lang='lat' dir='ltr'>rationes</span> <span class='ocrx_word' id='word_1_520' title='bbox 1772 1313 1942 1350; x_wconf 87' lang='lat' dir='ltr'>adducere</span> <span class='ocrx_word' id='word_1_521' title='bbox 1954 1313 2102 1364; x_wconf 86' lang='lat' dir='ltr'>,quibus</span> <span class='ocrx_word' id='word_1_522' title='bbox 2122 1317 2222 1361; x_wconf 84' lang='lat' dir='ltr'>judici</span> <span class='ocrx_word' id='word_1_523' title='bbox 2243 1330 2317 1365; x_wconf 84' lang='lat' dir='ltr'>pet·-</span> 
     </span>
     <span class='ocr_line' id='line_1_76' title="bbox 1292 1362 2321 1415; baseline 0.006 -16"><span class='ocrx_word' id='word_1_524' title='bbox 1292 1362 1450 1408; x_wconf 88' lang='lat' dir='ltr'>suadeat,</span> <span class='ocrx_word' id='word_1_525' title='bbox 1477 1364 1677 1402; x_wconf 89' lang='lat' dir='ltr'>dummodo</span> <span class='ocrx_word' id='word_1_526' title='bbox 1688 1363 1803 1401; x_wconf 87' lang='lat' dir='ltr'>sordes</span> <span class='ocrx_word' id='word_1_527' title='bbox 1818 1362 1976 1402; x_wconf 78' lang='lat' dir='ltr'>absint&amp;</span> <span class='ocrx_word' id='word_1_528' title='bbox 1989 1366 2109 1415; x_wconf 82' lang='lat' dir='ltr'>gratia.</span> <span class='ocrx_word' id='word_1_529' title='bbox 2168 1367 2321 1409; x_wconf 67' lang='lat' dir='ltr'>⁸lacobus</span> 
     </span>
     <span class='ocr_line' id='line_1_77' title="bbox 1294 1415 2326 1467; baseline 0.008 -17"><span class='ocrx_word' id='word_1_530' title='bbox 1294 1416 1456 1460; x_wconf 76' lang='lat' dir='ltr'>Cujacius</span> <span class='ocrx_word' id='word_1_531' title='bbox 1470 1416 1659 1465; x_wconf 69' lang='lat' dir='ltr'>persufivriis</span> <span class='ocrx_word' id='word_1_532' title='bbox 1676 1428 1739 1466; x_wconf 87' lang='lat' dir='ltr'>pro</span> <span class='ocrx_word' id='word_1_533' title='bbox 1750 1415 1969 1467; x_wconf 67' lang='lat' dir='ltr'>persuasbriis</span> <span class='ocrx_word' id='word_1_534' title='bbox 1990 1416 2071 1466; x_wconf 78' lang='lat' dir='ltr'>legit</span> <span class='ocrx_word' id='word_1_535' title='bbox 2088 1444 2101 1460; x_wconf 95' lang='lat'>,</span> <span class='ocrx_word' id='word_1_536' title='bbox 2141 1428 2187 1454; x_wconf 87' lang='lat' dir='ltr'>an</span> <span class='ocrx_word' id='word_1_537' title='bbox 2202 1419 2296 1456; x_wconf 69' lang='lat' dir='ltr'>reste</span> <span class='ocrx_word' id='word_1_538' title='bbox 2304 1447 2326 1464; x_wconf 75' lang='grc'>,.</span> 
     </span>
     <span class='ocr_line' id='line_1_78' title="bbox 1294 1464 1559 1513; baseline 0.011 -12"><span class='ocrx_word' id='word_1_539' title='bbox 1294 1464 1403 1502; x_wconf 66' lang='lat' dir='ltr'>lector</span> <span class='ocrx_word' id='word_1_540' title='bbox 1425 1466 1559 1513; x_wconf 79' lang='lat' dir='ltr'>judicet.</span> 
     </span>
    </p>

    <p class='ocr_par' dir='ltr' id='par_1_18' title="bbox 1295 1516 2339 2328">
     <span class='ocr_line' id='line_1_79' title="bbox 1351 1516 2320 1567; baseline 0.003 -14"><span class='ocrx_word' id='word_1_541' title='bbox 1351 1518 1573 1555; x_wconf 75' lang='lat' dir='ltr'>Nummurios</span> <span class='ocrx_word' id='word_1_542' title='bbox 1583 1519 1660 1567; x_wconf 65' lang='lat' dir='ltr'>jud.</span> <span class='ocrx_word' id='word_1_543' title='bbox 1681 1530 1757 1555; x_wconf 85' lang='lat' dir='ltr'>cum</span> <span class='ocrx_word' id='word_1_544' title='bbox 1770 1517 1802 1567; x_wconf 93' lang='lat' dir='ltr'>s</span> <span class='ocrx_word' id='word_1_545' title='bbox 1818 1531 1851 1567; x_wconf 75' lang='lat' dir='ltr'>q.</span> <span class='ocrx_word' id='word_1_546' title='bbox 1864 1516 2028 1566; x_wconf 81' lang='lat' dir='ltr'>confili0.]</span> <span class='ocrx_word' id='word_1_547' title='bbox 2049 1520 2202 1561; x_wconf 79' lang='lat' dir='ltr'>Causam</span> <span class='ocrx_word' id='word_1_548' title='bbox 2218 1530 2320 1556; x_wconf 86' lang='lat' dir='ltr'>num-</span> 
     </span>
     <span class='ocr_line' id='line_1_80' title="bbox 1295 1568 2322 1619; baseline 0.001 -14"><span class='ocrx_word' id='word_1_549' title='bbox 1295 1568 1447 1605; x_wconf 80' lang='lat' dir='ltr'>mariam</span> <span class='ocrx_word' id='word_1_550' title='bbox 1460 1597 1471 1612; x_wconf 94' lang='lat'>,</span> <span class='ocrx_word' id='word_1_551' title='bbox 1498 1570 1735 1619; x_wconf 74' lang='lat' dir='ltr'>judiciumque</span> <span class='ocrx_word' id='word_1_552' title='bbox 1759 1570 1995 1605; x_wconf 82' lang='lat' dir='ltr'>nummarium</span> <span class='ocrx_word' id='word_1_553' title='bbox 2013 1580 2141 1608; x_wconf 72' lang='lat' dir='ltr'>vocant</span> <span class='ocrx_word' id='word_1_554' title='bbox 2157 1570 2236 1613; x_wconf 88' lang='lat' dir='ltr'>JCti</span> <span class='ocrx_word' id='word_1_555' title='bbox 2257 1582 2322 1607; x_wconf 87' lang='lat' dir='ltr'>no-</span> 
     </span>
     <span class='ocr_line' id='line_1_81' title="bbox 1296 1618 2323 1670; baseline 0.001 -15"><span class='ocrx_word' id='word_1_556' title='bbox 1296 1618 1384 1663; x_wconf 74' lang='lat' dir='ltr'>stri,</span> <span class='ocrx_word' id='word_1_557' title='bbox 1406 1619 1549 1669; x_wconf 89' lang='lat' dir='ltr'>quando</span> <span class='ocrx_word' id='word_1_558' title='bbox 1573 1619 1617 1657; x_wconf 89' lang='lat' dir='ltr'>de</span> <span class='ocrx_word' id='word_1_559' title='bbox 1651 1620 1798 1670; x_wconf 87' lang='lat' dir='ltr'>pecunia</span> <span class='ocrx_word' id='word_1_560' title='bbox 1822 1618 2038 1669; x_wconf 87' lang='lat' dir='ltr'>disceptatur.</span> <span class='ocrx_word' id='word_1_561' title='bbox 2067 1618 2114 1657; x_wconf 85' lang='lat' dir='ltr'>fic</span> <span class='ocrx_word' id='word_1_562' title='bbox 2129 1620 2224 1656; x_wconf 86' lang='lat' dir='ltr'>enim</span> <span class='ocrx_word' id='word_1_563' title='bbox 2243 1619 2323 1657; x_wconf 82' lang='lat' dir='ltr'>Cal-</span> 
     </span>
     <span class='ocr_line' id='line_1_82' title="bbox 1299 1668 2330 1721; baseline 0.002 -15"><span class='ocrx_word' id='word_1_564' title='bbox 1299 1668 1463 1707; x_wconf 88' lang='lat' dir='ltr'>listratum</span> <span class='ocrx_word' id='word_1_565' title='bbox 1483 1670 1635 1721; x_wconf 83' lang='lat' dir='ltr'>intelligo</span> <span class='ocrx_word' id='word_1_566' title='bbox 1658 1671 1678 1708; x_wconf 86' lang='lat' dir='ltr'>l.</span> <span class='ocrx_word' id='word_1_567' title='bbox 1700 1671 1757 1709; x_wconf 89' lang='lat' dir='ltr'>ult.</span> <span class='ocrx_word' id='word_1_568' title='bbox 1815 1672 1873 1706; x_wconf 88' lang='lat' dir='ltr'>Ne</span> <span class='ocrx_word' id='word_1_569' title='bbox 1900 1671 1942 1707; x_wconf 90' lang='lat' dir='ltr'>de</span> <span class='ocrx_word' id='word_1_570' title='bbox 1963 1670 2047 1708; x_wconf 83' lang='lat' dir='ltr'>statu</span> <span class='ocrx_word' id='word_1_571' title='bbox 2074 1669 2330 1708; x_wconf 72' lang='lat' dir='ltr'>defunctorum</span> 
     </span>
     <span class='ocr_line' id='line_1_83' title="bbox 1302 1720 2332 1773; baseline 0 -16"><span class='ocrx_word' id='word_1_572' title='bbox 1302 1720 1377 1771; x_wconf 87' lang='lat' dir='ltr'>post</span> <span class='ocrx_word' id='word_1_573' title='bbox 1399 1722 1517 1772; x_wconf 91' lang='lat' dir='ltr'>quinq.</span> <span class='ocrx_word' id='word_1_574' title='bbox 1535 1734 1715 1773; x_wconf 80' lang='lat' dir='ltr'>quaeratur.</span> <span class='ocrx_word' id='word_1_575' title='bbox 1771 1721 1873 1771; x_wconf 87' lang='lat' dir='ltr'>Atqui</span> <span class='ocrx_word' id='word_1_576' title='bbox 1892 1733 2013 1758; x_wconf 84' lang='lat' dir='ltr'>contra</span> <span class='ocrx_word' id='word_1_577' title='bbox 2032 1724 2158 1759; x_wconf 91' lang='lat' dir='ltr'>Cicero</span> <span class='ocrx_word' id='word_1_578' title='bbox 2174 1727 2276 1759; x_wconf 81' lang='lat' dir='ltr'>Verr.</span> <span class='ocrx_word' id='word_1_579' title='bbox 2288 1735 2332 1761; x_wconf 86' lang='lat' dir='ltr'>v..</span> 
     </span>
     <span class='ocr_line' id='line_1_84' title="bbox 1298 1772 2326 1824; baseline 0.002 -17"><span class='ocrx_word' id='word_1_580' title='bbox 1298 1774 1534 1810; x_wconf 83' lang='lat' dir='ltr'>nummarium</span> <span class='ocrx_word' id='word_1_581' title='bbox 1545 1773 1690 1824; x_wconf 79' lang='lat' dir='ltr'>appellat</span> <span class='ocrx_word' id='word_1_582' title='bbox 1693 1773 1866 1823; x_wconf 62' lang='lat' dir='ltr'>judicium</span> <span class='ocrx_word' id='word_1_583' title='bbox 1883 1800 1894 1815; x_wconf 92' lang='lat'>,</span> <span class='ocrx_word' id='word_1_584' title='bbox 1905 1772 2000 1822; x_wconf 89' lang='lat' dir='ltr'>quod</span> <span class='ocrx_word' id='word_1_585' title='bbox 2014 1774 2164 1823; x_wconf 82' lang='lat' dir='ltr'>acceptis</span> <span class='ocrx_word' id='word_1_586' title='bbox 2173 1774 2326 1821; x_wconf 90' lang='lat' dir='ltr'>pecuniis</span> 
     </span>
     <span class='ocr_line' id='line_1_85' title="bbox 1301 1823 2326 1872; baseline 0.001 -14"><span class='ocrx_word' id='word_1_587' title='bbox 1301 1824 1438 1872; x_wconf 80' lang='lat' dir='ltr'>agitur,</span> <span class='ocrx_word' id='word_1_588' title='bbox 1476 1836 1510 1860; x_wconf 90' lang='lat' dir='ltr'>ut</span> <span class='ocrx_word' id='word_1_589' title='bbox 1539 1824 1749 1860; x_wconf 80' lang='lat' dir='ltr'>nummarios</span> <span class='ocrx_word' id='word_1_590' title='bbox 1778 1835 1916 1872; x_wconf 88' lang='lat' dir='ltr'>quoque</span> <span class='ocrx_word' id='word_1_591' title='bbox 1946 1824 2076 1871; x_wconf 72' lang='lat' dir='ltr'>judices</span> <span class='ocrx_word' id='word_1_592' title='bbox 2107 1836 2171 1872; x_wconf 87' lang='lat' dir='ltr'>pro</span> <span class='ocrx_word' id='word_1_593' title='bbox 2197 1823 2326 1859; x_wconf 88' lang='lat' dir='ltr'>Cluen·</span> 
     </span>
     <span class='ocr_line' id='line_1_86' title="bbox 1300 1871 2322 1923; baseline 0 -14"><span class='ocrx_word' id='word_1_594' title='bbox 1300 1874 1349 1910; x_wconf 87' lang='lat' dir='ltr'>tio</span> <span class='ocrx_word' id='word_1_595' title='bbox 1366 1901 1378 1916; x_wconf 91' lang='lat'>‚</span> <span class='ocrx_word' id='word_1_596' title='bbox 1411 1878 1449 1911; x_wconf 88' lang='lat'>&amp;</span> <span class='ocrx_word' id='word_1_597' title='bbox 1475 1874 1531 1911; x_wconf 91' lang='lat' dir='ltr'>lib.</span> <span class='ocrx_word' id='word_1_598' title='bbox 1553 1888 1579 1910; x_wconf 87' lang='lat'>1.</span> <span class='ocrx_word' id='word_1_599' title='bbox 1610 1873 1654 1910; x_wconf 87' lang='lat' dir='ltr'>ad</span> <span class='ocrx_word' id='word_1_600' title='bbox 1682 1873 1783 1909; x_wconf 88' lang='lat' dir='ltr'>Attic.</span> <span class='ocrx_word' id='word_1_601' title='bbox 1820 1871 1975 1908; x_wconf 87' lang='lat' dir='ltr'>sordidos</span> <span class='ocrx_word' id='word_1_602' title='bbox 1999 1871 2322 1923; x_wconf 85' lang='lat' dir='ltr'>mercenariosque,</span> 
     </span>
     <span class='ocr_line' id='line_1_87' title="bbox 1303 1920 2322 1973; baseline 0.001 -14"><span class='ocrx_word' id='word_1_603' title='bbox 1303 1925 1361 1973; x_wconf 88' lang='lat' dir='ltr'>qui</span> <span class='ocrx_word' id='word_1_604' title='bbox 1383 1925 1537 1961; x_wconf 85' lang='lat' dir='ltr'>nummis</span> <span class='ocrx_word' id='word_1_605' title='bbox 1553 1923 1586 1960; x_wconf 91' lang='lat' dir='ltr'>se</span> <span class='ocrx_word' id='word_1_606' title='bbox 1605 1923 1779 1973; x_wconf 87' lang='lat' dir='ltr'>corrumpi</span> <span class='ocrx_word' id='word_1_607' title='bbox 1799 1920 1909 1959; x_wconf 80' lang='lat' dir='ltr'>sinant</span> <span class='ocrx_word' id='word_1_608' title='bbox 1924 1951 1935 1966; x_wconf 84' lang='grc'>,</span> <span class='ocrx_word' id='word_1_609' title='bbox 1964 1921 2080 1972; x_wconf 84' lang='lat' dir='ltr'>quales</span> <span class='ocrx_word' id='word_1_610' title='bbox 2106 1924 2166 1971; x_wconf 88' lang='lat' dir='ltr'>(ut</span> <span class='ocrx_word' id='word_1_611' title='bbox 2181 1926 2322 1961; x_wconf 85' lang='lat' dir='ltr'>Sueton.</span> 
     </span>
     <span class='ocr_line' id='line_1_88' title="bbox 1304 1970 2335 2022; baseline 0.003 -12"><span class='ocrx_word' id='word_1_612' title='bbox 1304 1975 1372 2011; x_wconf 83' lang='lat' dir='ltr'>hoc</span> <span class='ocrx_word' id='word_1_613' title='bbox 1392 1973 1472 2012; x_wconf 91' lang='lat' dir='ltr'>loco</span> <span class='ocrx_word' id='word_1_614' title='bbox 1492 1974 1614 2022; x_wconf 83' lang='lat' dir='ltr'>tradit)</span> <span class='ocrx_word' id='word_1_615' title='bbox 1656 1973 1883 2012; x_wconf 76' lang='lat' dir='ltr'>Domitianus</span> <span class='ocrx_word' id='word_1_616' title='bbox 1913 1985 1980 2010; x_wconf 82' lang='lat' dir='ltr'>una</span> <span class='ocrx_word' id='word_1_617' title='bbox 2014 1986 2095 2010; x_wconf 93' lang='lat' dir='ltr'>cum</span> <span class='ocrx_word' id='word_1_618' title='bbox 2116 1970 2335 2013; x_wconf 64' lang='lat' dir='ltr'>ass&#39;ess&#39;oribus-</span> 
     </span>
     <span class='ocr_line' id='line_1_89' title="bbox 1306 2024 2327 2062; baseline 0 -1"><span class='ocrx_word' id='word_1_619' title='bbox 1306 2038 1346 2061; x_wconf 87' lang='lat' dir='ltr'>ac</span> <span class='ocrx_word' id='word_1_620' title='bbox 1369 2025 1566 2062; x_wconf 84' lang='lat' dir='ltr'>consiliariis</span> <span class='ocrx_word' id='word_1_621' title='bbox 1590 2026 1653 2062; x_wconf 88' lang='lat' dir='ltr'>suis</span> <span class='ocrx_word' id='word_1_622' title='bbox 1670 2025 1801 2062; x_wconf 87' lang='lat' dir='ltr'>notavit</span> <span class='ocrx_word' id='word_1_623' title='bbox 1823 2024 1977 2061; x_wconf 82' lang='lat' dir='ltr'>infamia.</span> <span class='ocrx_word' id='word_1_624' title='bbox 2036 2026 2089 2061; x_wconf 88' lang='lat' dir='ltr'>Sic</span> <span class='ocrx_word' id='word_1_625' title='bbox 2117 2025 2327 2061; x_wconf 73' lang='lat' dir='ltr'>nummarios</span> 
     </span>
     <span class='ocr_line' id='line_1_90' title="bbox 1307 2076 2328 2127; baseline 0 -15"><span class='ocrx_word' id='word_1_626' title='bbox 1307 2089 1446 2127; x_wconf 86' lang='lat' dir='ltr'>quoque</span> <span class='ocrx_word' id='word_1_627' title='bbox 1464 2077 1652 2124; x_wconf 71' lang='lat' dir='ltr'>sacerdotes</span> <span class='ocrx_word' id='word_1_628' title='bbox 1686 2076 1766 2113; x_wconf 87' lang='lat' dir='ltr'>dixit</span> <span class='ocrx_word' id='word_1_629' title='bbox 1787 2076 2024 2125; x_wconf 83' lang='lat' dir='ltr'>Hieronymus</span> <span class='ocrx_word' id='word_1_630' title='bbox 2040 2103 2061 2118; x_wconf 19' lang='grc' dir='ltr'>,μ</span> <span class='ocrx_word' id='word_1_631' title='bbox 2090 2076 2328 2112; x_wconf 81' lang='lat' dir='ltr'>nummarium</span> 
     </span>
     <span class='ocr_line' id='line_1_91' title="bbox 1307 2124 2339 2176; baseline 0.001 -13"><span class='ocrx_word' id='word_1_632' title='bbox 1307 2127 1475 2165; x_wconf 73' lang='lat' dir='ltr'>tribunal.</span> <span class='ocrx_word' id='word_1_633' title='bbox 1535 2130 1664 2164; x_wconf 84' lang='lat' dir='ltr'>Seneca</span> <span class='ocrx_word' id='word_1_634' title='bbox 1685 2126 1728 2164; x_wconf 90' lang='lat' dir='ltr'>de</span> <span class='ocrx_word' id='word_1_635' title='bbox 1746 2124 1864 2163; x_wconf 76' lang='lat' dir='ltr'>Benef.</span> <span class='ocrx_word' id='word_1_636' title='bbox 1881 2140 1909 2164; x_wconf 86' lang='lat'>1.</span> <span class='ocrx_word' id='word_1_637' title='bbox 1929 2138 2002 2176; x_wconf 82' lang='lat' dir='ltr'>cap.</span> <span class='ocrx_word' id='word_1_638' title='bbox 2020 2139 2071 2163; x_wconf 77' lang='lat' dir='ltr'>ix.</span> <span class='ocrx_word' id='word_1_639' title='bbox 2109 2124 2230 2163; x_wconf 86' lang='lat' dir='ltr'>Verba</span> <span class='ocrx_word' id='word_1_640' title='bbox 2253 2125 2339 2164; x_wconf 76' lang='lat' dir='ltr'>haec</span> 
     </span>
     <span class='ocr_line' id='line_1_92' title="bbox 1307 2175 2327 2226; baseline -0.002 -12"><span class='ocrx_word' id='word_1_641' title='bbox 1307 2177 1404 2215; x_wconf 86' lang='lat' dir='ltr'>sunt:</span> <span class='ocrx_word' id='word_1_642' title='bbox 1430 2178 1630 2213; x_wconf 74' lang='lat' dir='ltr'>Provincias</span> <span class='ocrx_word' id='word_1_643' title='bbox 1646 2177 1780 2226; x_wconf 70' lang='lat' dir='ltr'>spoliari</span> <span class='ocrx_word' id='word_1_644' title='bbox 1797 2204 1816 2220; x_wconf 22' lang='lat' dir='ltr'>,v</span> <span class='ocrx_word' id='word_1_645' title='bbox 1834 2176 2071 2213; x_wconf 78' lang='lat' dir='ltr'>nummarium</span> <span class='ocrx_word' id='word_1_646' title='bbox 2090 2175 2242 2212; x_wconf 80' lang='lat' dir='ltr'>tribunal</span> <span class='ocrx_word' id='word_1_647' title='bbox 2265 2189 2327 2212; x_wconf 83' lang='lat' dir='ltr'>au-</span> 
     </span>
     <span class='ocr_line' id='line_1_93' title="bbox 1310 2225 2333 2277; baseline -0.001 -13"><span class='ocrx_word' id='word_1_648' title='bbox 1310 2229 1387 2264; x_wconf 84' lang='lat' dir='ltr'>dita</span> <span class='ocrx_word' id='word_1_649' title='bbox 1412 2229 1585 2277; x_wconf 83' lang='lat' dir='ltr'>utrimque</span> <span class='ocrx_word' id='word_1_650' title='bbox 1603 2228 1788 2264; x_wconf 79' lang='lat' dir='ltr'>licitatione</span> <span class='ocrx_word' id='word_1_651' title='bbox 1814 2227 1917 2263; x_wconf 81' lang='lat' dir='ltr'>alteri</span> <span class='ocrx_word' id='word_1_652' title='bbox 1938 2225 2056 2263; x_wconf 79' lang='lat' dir='ltr'>addici</span> <span class='ocrx_word' id='word_1_653' title='bbox 2081 2239 2148 2262; x_wconf 85' lang='lat' dir='ltr'>non</span> <span class='ocrx_word' id='word_1_654' title='bbox 2173 2227 2302 2266; x_wconf 84' lang='lat' dir='ltr'>mirum</span> <span class='ocrx_word' id='word_1_655' title='bbox 2311 2255 2333 2272; x_wconf 37' lang='lat'>,.</span> 
     </span>
     <span class='ocr_line' id='line_1_94' title="bbox 1311 2275 2145 2328; baseline -0.005 -13"><span class='ocrx_word' id='word_1_656' title='bbox 1311 2279 1450 2328; x_wconf 78' lang='lat' dir='ltr'>quando</span> <span class='ocrx_word' id='word_1_657' title='bbox 1466 2281 1672 2327; x_wconf 70' lang='lat' dir='ltr'>qua‚emeris</span> <span class='ocrx_word' id='word_1_658' title='bbox 1688 2279 1833 2314; x_wconf 83' lang='lat' dir='ltr'>vendere</span> <span class='ocrx_word' id='word_1_659' title='bbox 1847 2280 1999 2325; x_wconf 83' lang='lat' dir='ltr'>gentium</span> <span class='ocrx_word' id='word_1_660' title='bbox 2008 2277 2066 2326; x_wconf 87' lang='lat' dir='ltr'>jus</span> <span class='ocrx_word' id='word_1_661' title='bbox 2080 2275 2145 2325; x_wconf 84' lang='lat' dir='ltr'>est..</span> 
     </span>
    </p>
   </div>
   <div class='ocr_carea' id='block_1_13' title="bbox 1626 2345 2020 2381">
    <p class='ocr_par' dir='ltr' id='par_1_19' title="bbox 1626 2345 2020 2381">
     <span class='ocr_line' id='line_1_95' title="bbox 1626 2345 2020 2381; baseline 0.005 -2"><span class='ocrx_word' id='word_1_662' title='bbox 1626 2345 2020 2381; x_wconf 45' lang='lat' dir='ltr'>CAsAusou..</span> 
     </span>
    </p>
   </div>
   <div class='ocr_carea' id='block_1_14' title="bbox 1305 2402 2341 2707">
    <p class='ocr_par' dir='ltr' id='par_1_20' title="bbox 1305 2402 2341 2707">
     <span class='ocr_line' id='line_1_96' title="bbox 1369 2402 2330 2454; baseline 0.004 -15"><span class='ocrx_word' id='word_1_663' title='bbox 1369 2408 1467 2440; x_wconf 67' lang='lat' dir='ltr'>5³..Ne</span> <span class='ocrx_word' id='word_1_664' title='bbox 1484 2403 1517 2451; x_wconf 80' lang='lat' dir='ltr'>se</span> <span class='ocrx_word' id='word_1_665' title='bbox 1529 2402 1745 2452; x_wconf 75' lang='lat' dir='ltr'>persuasoriis</span> <span class='ocrx_word' id='word_1_666' title='bbox 1761 2402 1989 2450; x_wconf 65' lang='lat' dir='ltr'>assertionibus</span> <span class='ocrx_word' id='word_1_667' title='bbox 1998 2405 2330 2454; x_wconf 55' lang='lat' dir='ltr'>accommodantia]</span> 
     </span>
     <span class='ocr_line' id='line_1_97' title="bbox 1310 2452 2341 2506; baseline 0.001 -17"><span class='ocrx_word' id='word_1_668' title='bbox 1310 2452 1467 2504; x_wconf 90' lang='lat' dir='ltr'>Plerique</span> <span class='ocrx_word' id='word_1_669' title='bbox 1486 2454 1624 2491; x_wconf 87' lang='lat' dir='ltr'>codices</span> <span class='ocrx_word' id='word_1_670' title='bbox 1645 2455 1733 2491; x_wconf 88' lang='lat' dir='ltr'>hanc</span> <span class='ocrx_word' id='word_1_671' title='bbox 1751 2453 1940 2491; x_wconf 63' lang='lat' dir='ltr'>lectionem</span> <span class='ocrx_word' id='word_1_672' title='bbox 1951 2453 2139 2503; x_wconf 81' lang='lat' dir='ltr'>agnoscunt</span> <span class='ocrx_word' id='word_1_673' title='bbox 2154 2469 2172 2492; x_wconf 72' lang='grc' dir='ltr'>ι·</span> <span class='ocrx_word' id='word_1_674' title='bbox 2189 2456 2341 2506; x_wconf 82' lang='lat' dir='ltr'>quidam.</span> 
     </span>
     <span class='ocr_line' id='line_1_98' title="bbox 1305 2504 2333 2554; baseline 0.004 -15"><span class='ocrx_word' id='word_1_675' title='bbox 1305 2504 1551 2551; x_wconf 70' lang='lat' dir='ltr'>perfunctoriis.</span> <span class='ocrx_word' id='word_1_676' title='bbox 1610 2504 1818 2554; x_wconf 81' lang='lat' dir='ltr'>Legendum</span> <span class='ocrx_word' id='word_1_677' title='bbox 1837 2517 1922 2543; x_wconf 85' lang='lat' dir='ltr'>vero</span> <span class='ocrx_word' id='word_1_678' title='bbox 1934 2505 2147 2551; x_wconf 76' lang='lat' dir='ltr'>perfufhriis,</span> <span class='ocrx_word' id='word_1_679' title='bbox 2174 2519 2210 2543; x_wconf 91' lang='lat' dir='ltr'>ut</span> <span class='ocrx_word' id='word_1_680' title='bbox 2228 2507 2333 2544; x_wconf 86' lang='lat' dir='ltr'>habet</span> 
     </span>
     <span class='ocr_line' id='line_1_99' title="bbox 1313 2553 2335 2605; baseline 0.006 -16"><span class='ocrx_word' id='word_1_681' title='bbox 1313 2553 1401 2592; x_wconf 90' lang='lat' dir='ltr'>liber</span> <span class='ocrx_word' id='word_1_682' title='bbox 1418 2557 1573 2605; x_wconf 86' lang='lat' dir='ltr'>optimus</span> <span class='ocrx_word' id='word_1_683' title='bbox 1590 2554 1825 2599; x_wconf 86' lang='lat' dir='ltr'>Turonensis,</span> <span class='ocrx_word' id='word_1_684' title='bbox 1856 2559 1893 2592; x_wconf 71' lang='grc' dir='ltr'>ὃ(</span> <span class='ocrx_word' id='word_1_685' title='bbox 1913 2554 2024 2605; x_wconf 87' lang='lat' dir='ltr'>plures</span> <span class='ocrx_word' id='word_1_686' title='bbox 2040 2555 2119 2599; x_wconf 86' lang='lat' dir='ltr'>alii,</span> <span class='ocrx_word' id='word_1_687' title='bbox 2150 2569 2185 2593; x_wconf 90' lang='lat' dir='ltr'>ut</span> <span class='ocrx_word' id='word_1_688' title='bbox 2196 2557 2335 2595; x_wconf 75' lang='lat' dir='ltr'>testatus</span> 
     </span>
     <span class='ocr_line' id='line_1_100' title="bbox 1313 2604 2334 2655; baseline -0.001 -12"><span class='ocrx_word' id='word_1_689' title='bbox 1313 2607 1362 2643; x_wconf 86' lang='lat' dir='ltr'>est</span> <span class='ocrx_word' id='word_1_690' title='bbox 1380 2607 1430 2644; x_wconf 91' lang='lat' dir='ltr'>vir</span> <span class='ocrx_word' id='word_1_691' title='bbox 1449 2604 1740 2655; x_wconf 74' lang='lat' dir='ltr'>praestantissimus</span> <span class='ocrx_word' id='word_1_692' title='bbox 1756 2606 1907 2650; x_wconf 87' lang='lat' dir='ltr'>Jacobus</span> <span class='ocrx_word' id='word_1_693' title='bbox 1925 2607 2085 2652; x_wconf 80' lang='lat' dir='ltr'>Cujacius</span> <span class='ocrx_word' id='word_1_694' title='bbox 2102 2608 2117 2642; x_wconf 81' lang='grc' dir='ltr'>ὁ</span> <span class='ocrx_word' id='word_1_695' title='bbox 2142 2608 2199 2647; x_wconf 70' lang='grc' dir='ltr'>τῆς</span> <span class='ocrx_word' id='word_1_696' title='bbox 2225 2614 2334 2650; x_wconf 75' lang='grc' dir='ltr'>Νομι-</span> 
     </span>
     <span class='ocr_line' id='line_1_101' title="bbox 1313 2655 2334 2707; baseline 0.001 -15"><span class='ocrx_word' id='word_1_697' title='bbox 1313 2659 1372 2698; x_wconf 77' lang='grc' dir='ltr'>κῆς</span> <span class='ocrx_word' id='word_1_698' title='bbox 1393 2658 1511 2697; x_wconf 69' lang='grc' dir='ltr'><strong>ἄωτος.</strong></span> <span class='ocrx_word' id='word_1_699' title='bbox 1541 2659 1600 2707; x_wconf 88' lang='lat' dir='ltr'>qui</span> <span class='ocrx_word' id='word_1_700' title='bbox 1621 2658 1721 2704; x_wconf 82' lang='lat' dir='ltr'>hujus</span> <span class='ocrx_word' id='word_1_701' title='bbox 1751 2657 1819 2694; x_wconf 89' lang='lat' dir='ltr'>loci</span> <span class='ocrx_word' id='word_1_702' title='bbox 1836 2657 2041 2693; x_wconf 86' lang='lat' dir='ltr'>sententiam</span> <span class='ocrx_word' id='word_1_703' title='bbox 2056 2655 2214 2694; x_wconf 83' lang='lat' dir='ltr'>adversus</span> <span class='ocrx_word' id='word_1_704' title='bbox 2231 2658 2334 2694; x_wconf 89' lang='lat' dir='ltr'>inter-</span> 
     </span>
    </p>
   </div>
   <div class='ocr_carea' id='block_1_15' title="bbox 1313 2706 2331 2797">
    <p class='ocr_par' dir='ltr' id='par_1_21' title="bbox 1313 2706 2331 2797">
     <span class='ocr_line' id='line_1_102' title="bbox 1314 2706 2331 2759; baseline 0.002 -16"><span class='ocrx_word' id='word_1_705' title='bbox 1314 2719 1425 2759; x_wconf 82' lang='lat' dir='ltr'>pretes</span> <span class='ocrx_word' id='word_1_706' title='bbox 1449 2707 1595 2756; x_wconf 84' lang='lat' dir='ltr'>explicat</span> <span class='ocrx_word' id='word_1_707' title='bbox 1622 2706 1818 2747; x_wconf 60' lang='lat' dir='ltr'>doctissime</span> <span class='ocrx_word' id='word_1_708' title='bbox 1832 2707 1876 2745; x_wconf 78' lang='lat' dir='ltr'>ad</span> <span class='ocrx_word' id='word_1_709' title='bbox 1895 2706 2012 2758; x_wconf 85' lang='lat' dir='ltr'>legem</span> <span class='ocrx_word' id='word_1_710' title='bbox 2028 2721 2093 2745; x_wconf 86' lang='lat' dir='ltr'>x-11</span> <span class='ocrx_word' id='word_1_711' title='bbox 2106 2720 2145 2744; x_wconf 51' lang='lat'>1.¹</span> <span class='ocrx_word' id='word_1_712' title='bbox 2176 2707 2259 2757; x_wconf 88' lang='lat' dir='ltr'>Dig.</span> <span class='ocrx_word' id='word_1_713' title='bbox 2287 2706 2331 2745; x_wconf 87' lang='lat' dir='ltr'>de</span> 
     </span>
     <span class='ocr_line' id='line_1_103' title="bbox 1313 2758 1606 2797; baseline 0.007 -2"><span class='ocrx_word' id='word_1_714' title='bbox 1313 2758 1606 2797; x_wconf 80' lang='lat' dir='ltr'>Excusationibus.</span> 
     </span>
    </p>
   </div>
   <div class='ocr_carea' id='block_1_16' title="bbox 1311 2824 2334 3181">
    <p class='ocr_par' dir='ltr' id='par_1_22' title="bbox 1670 2824 1978 2860">
     <span class='ocr_line' id='line_1_104' title="bbox 1670 2824 1978 2860; baseline -0.016 0"><span class='ocrx_word' id='word_1_715' title='bbox 1670 2824 1708 2859; x_wconf 91' lang='lat' dir='ltr'>V</span> <span class='ocrx_word' id='word_1_716' title='bbox 1734 2834 1763 2860; x_wconf 62' lang='grc' dir='ltr'>Α,</span> <span class='ocrx_word' id='word_1_717' title='bbox 1784 2833 1807 2858; x_wconf 75' lang='grc' dir='ltr'>ιι</span> <span class='ocrx_word' id='word_1_718' title='bbox 1837 2833 1857 2858; x_wconf 62' lang='grc' dir='ltr'>ι7</span> <span class='ocrx_word' id='word_1_719' title='bbox 1878 2832 1912 2857; x_wconf 69' lang='grc' dir='ltr'>ο»</span> <span class='ocrx_word' id='word_1_720' title='bbox 1930 2831 1978 2857; x_wconf 72' lang='lat' dir='ltr'>n..</span> 
     </span>
    </p>

    <p class='ocr_par' dir='ltr' id='par_1_23' title="bbox 1311 2875 2334 3136">
     <span class='ocr_line' id='line_1_105' title="bbox 1372 2875 2331 2931; baseline -0.006 -11"><span class='ocrx_word' id='word_1_721' title='bbox 1372 2889 1402 2921; x_wconf 87' lang='lat'>8.</span> <span class='ocrx_word' id='word_1_722' title='bbox 1434 2888 1685 2931; x_wconf 81' lang='lat' dir='ltr'>Recuperatores</span> <span class='ocrx_word' id='word_1_723' title='bbox 1702 2910 1725 2926; x_wconf 81' lang='lat'>,‚</span> <span class='ocrx_word' id='word_1_724' title='bbox 1748 2895 1789 2918; x_wconf 81' lang='lat' dir='ltr'>ne</span> <span class='ocrx_word' id='word_1_725' title='bbox 1811 2881 1847 2928; x_wconf 84' lang='lat' dir='ltr'>se</span> <span class='ocrx_word' id='word_1_726' title='bbox 1863 2876 2078 2927; x_wconf 74' lang='lat' dir='ltr'>persuasoriis</span> <span class='ocrx_word' id='word_1_727' title='bbox 2104 2875 2331 2925; x_wconf 80' lang='lat' dir='ltr'>affertionibus</span> 
     </span>
     <span class='ocr_line' id='line_1_106' title="bbox 1312 2925 2332 2981; baseline -0.005 -12"><span class='ocrx_word' id='word_1_728' title='bbox 1312 2935 1623 2976; x_wconf 73' lang='lat' dir='ltr'>accommodarem,</span> <span class='ocrx_word' id='word_1_729' title='bbox 1651 2931 1835 2968; x_wconf 83' lang='lat' dir='ltr'>identidem</span> <span class='ocrx_word' id='word_1_730' title='bbox 1861 2925 2053 2974; x_wconf 84' lang='lat' dir='ltr'>admonit.]</span> <span class='ocrx_word' id='word_1_731' title='bbox 2082 2928 2183 2981; x_wconf 73' lang='lat' dir='ltr'>Olim</span> <span class='ocrx_word' id='word_1_732' title='bbox 2213 2931 2272 2978; x_wconf 87' lang='lat' dir='ltr'>qui</span> <span class='ocrx_word' id='word_1_733' title='bbox 2296 2931 2332 2968; x_wconf 84' lang='lat' dir='ltr'>in</span> 
     </span>
     <span class='ocr_line' id='line_1_107' title="bbox 1314 2977 2334 3033; baseline -0.008 -12"><span class='ocrx_word' id='word_1_734' title='bbox 1314 2983 1510 3021; x_wconf 81' lang='lat' dir='ltr'>libertatem</span> <span class='ocrx_word' id='word_1_735' title='bbox 1541 2981 1828 3024; x_wconf 80' lang='lat' dir='ltr'>vindicabantur,</span> <span class='ocrx_word' id='word_1_736' title='bbox 1873 2992 1953 3016; x_wconf 89' lang='lat' dir='ltr'>cum</span> <span class='ocrx_word' id='word_1_737' title='bbox 1981 2977 2067 3033; x_wconf 73' lang='lat' dir='ltr'>servi</span> <span class='ocrx_word' id='word_1_738' title='bbox 2095 2978 2228 3022; x_wconf 68' lang='lat' dir='ltr'>efflent,</span> <span class='ocrx_word' id='word_1_739' title='bbox 2267 2993 2334 3018; x_wconf 77' lang='lat' dir='ltr'>nec</span> 
     </span>
     <span class='ocr_line' id='line_1_108' title="bbox 1315 3028 2332 3085; baseline -0.004 -14"><span class='ocrx_word' id='word_1_740' title='bbox 1315 3048 1378 3085; x_wconf 92' lang='lat' dir='ltr'>pro</span> <span class='ocrx_word' id='word_1_741' title='bbox 1403 3036 1435 3071; x_wconf 88' lang='lat' dir='ltr'>se</span> <span class='ocrx_word' id='word_1_742' title='bbox 1455 3033 1580 3081; x_wconf 81' lang='lat' dir='ltr'>judicio</span> <span class='ocrx_word' id='word_1_743' title='bbox 1603 3031 1730 3069; x_wconf 85' lang='lat' dir='ltr'>liberali</span> <span class='ocrx_word' id='word_1_744' title='bbox 1751 3030 1894 3081; x_wconf 87' lang='lat' dir='ltr'>experiri</span> <span class='ocrx_word' id='word_1_745' title='bbox 1920 3028 2053 3078; x_wconf 83' lang='lat' dir='ltr'>possent</span> <span class='ocrx_word' id='word_1_746' title='bbox 2073 3056 2084 3072; x_wconf 92' lang='lat'><em>‚</em></span> <span class='ocrx_word' id='word_1_747' title='bbox 2131 3028 2332 3069; x_wconf 82' lang='lat' dir='ltr'>assertorem</span> 
     </span>
     <span class='ocr_line' id='line_1_109' title="bbox 1311 3078 2332 3136; baseline -0.005 -13"><span class='ocrx_word' id='word_1_748' title='bbox 1311 3085 1523 3136; x_wconf 78' lang='lat' dir='ltr'>quaerebant.</span> <span class='ocrx_word' id='word_1_749' title='bbox 1570 3084 1606 3120; x_wconf 92' lang='lat' dir='ltr'>in</span> <span class='ocrx_word' id='word_1_750' title='bbox 1623 3081 1743 3121; x_wconf 83' lang='lat' dir='ltr'>cauffis</span> <span class='ocrx_word' id='word_1_751' title='bbox 1769 3082 1868 3132; x_wconf 80' lang='lat' dir='ltr'>igitur</span> <span class='ocrx_word' id='word_1_752' title='bbox 1895 3078 2088 3118; x_wconf 71' lang='lat' dir='ltr'>liberalibus</span> <span class='ocrx_word' id='word_1_753' title='bbox 2115 3081 2253 3120; x_wconf 85' lang='lat' dir='ltr'>monuit</span> <span class='ocrx_word' id='word_1_754' title='bbox 2281 3094 2332 3118; x_wconf 76' lang='lat' dir='ltr'>re·</span> 
     </span>
    </p>

    <p class='ocr_par' dir='ltr' id='par_1_24' title="bbox 2230 3142 2330 3181">
     <span class='ocr_line' id='line_1_110' title="bbox 2230 3142 2330 3181; baseline 0.01 -13"><span class='ocrx_word' id='word_1_755' title='bbox 2230 3142 2330 3181; x_wconf 65' lang='lat' dir='ltr'>cripe-2v</span> 
     </span>
    </p>
   </div>
  </div>
 </body>
</html>
