2504 3425
460 118 928 174 D.Oc·rAv.
1002 114 1880 174 CAEsARAUGus‘rUS.
2096 138 2199 196 233

107 213 201 260 vitae
231 210 632 257 continentissimum
663 208 782 257 fuisse
813 210 970 257 constat
989 246 1003 267 ‚
1051 227 1095 256 ac
1125 209 1209 257 sine
1241 212 1472 274 suspicione
1496 213 1620 258 ullius
1643 213 1748 259 vitii.
1815 211 2035 260 Habitavit
2066 216 2205 277 primo

103 282 213 334 J‘uxta
236 278 479 321 Romanum
505 274 646 322 forum
667 272 784 337 supra
809 277 940 321 Scalas
957 276 1177 329 anularias,
1212 277 1256 320 in
1275 275 1405 322 domo
1432 295 1523 340 quae
1552 277 1674 322 Calvi
1687 279 1858 322 oratoris
1871 275 2028 323 fuerat:
2065 279 2204 340 postea

106 341 149 387 in
176 341 352 394 Palatio,
390 338 458 386 sed
474 338 746 386 nihilominus
768 339 922 385 aedibus
945 339 1121 384 modicis
1147 340 1462 397 Hortensianis,
1498 347 1539 386 ὃς
1565 358 1701 404 neque
1732 339 1893 387 laxitate
1919 359 2059 404 neque
2086 345 2202 390 cultu

107 401 358 463 conspicuis:
394 417 439 449 ut
455 405 499 450 in
521 404 675 467 quibus
697 404 876 465 porticus
901 402 1045 449 breves
1070 401 1196 448 essent
1210 403 1468 450 Albanarum
1494 407 1780 451 columnarum
1795 441 1808 461 ,
1843 410 1885 450 δε
1899 404 1983 450 sine
1997 423 2203 454 marmore

107 467 193 510 ullo
213 481 282 511 aut
302 465 453 529 insigni
477 469 716 531 pavimento
737 468 960 514 conclavia.
1028 469 1096 511 Ac
1119 483 1190 527 per
1211 484 1343 512 annos
1364 471 1537 531 amplius
1563 470 1830 532 quadraginta
1853 469 2003 515 eodem
2026 469 2203 516 cubicu‹

107 531 150 574 lo
170 528 308 576 hieme
327 536 370 576 &
395 529 527 578 aestate
550 532 716 578 mansit:
754 533 939 594 quamvis
964 547 1108 592 parum
1127 528 1328 576 salubrem
1353 534 1578 578 valetudini
1604 531 1679 577 suae
1703 534 1850 579 urbem
1873 533 2011 578 hieme
2037 536 2202 596 experi-

108 609 246 650 retur,
281 594 517 657 assidueque
540 596 585 640 in
606 595 706 641 urbe
725 595 936 640 hiemaret.

1004 596 1046 638 Si
1073 595 1241 655 quando
1264 596 1366 655 quid
1386 595 1541 642 secreto
1555 597 1718 642 autsine
1735 599 2067 659 interpellatione
2079 615 2200 655 agere

110 656 399 720 proposuisset,
435 673 518 705 erat
534 659 595 704 illi
617 661 733 704 locus
757 660 802 704 in
827 659 940 704 edito
965 657 1199 720 singularis,
1234 675 1362 721 quem
1383 660 1644 722 Syracusas&
1662 650 2198 725 repcw‘tpuovvocabatshuc

2055 727 2203 774 transi-

115 798 170 831 ῙΧ.
200 793 267 831 Sed
283 799 320 832 ὅ(
336 792 458 831 tesseris
477 822 488 837 ,
525 797 562 830 δε
580 791 660 843 ipsis
695 794 849 828 nummis
865 822 875 835 ,
914 796 950 828 δε
982 792 1127 829 nucibus
1184 791 1327 830 noribus
1344 795 1378 830 in
1394 796 1491 832 unius
1506 799 1670 833 maximae
1692 797 1841 848 speciem
1862 798 1976 835 fuerat
1994 799 2198 838 construesa.

111 844 218 879 etiam
235 873 248 888 ,
274 857 309 881 ut
325 844 416 893 apud
433 843 601 880 Ovidium
620 871 632 886 ,
672 847 710 879 ὅ(
726 843 963 891 Aristophanis
981 842 1130 878 Scholia-

110 891 185 930 sten
202 922 214 936 ‚
254 894 367 945 legere
385 895 544 930 memini.
601 894 725 930 Similis
747 892 832 929 lusio
852 904 922 928 erat
940 921 952 935 ,
990 891 1130 940 quando

110 943 308 989 quaerebant
336 952 437 992 caput
463 955 526 980 aut
544 943 679 980 navim.
738 944 870 980 Austor-
891 942 965 978 libri
985 941 1028 977 de
1051 943 1131 978 Ori-

108 994 190 1040 gine
206 994 297 1030 urbis
320 998 449 1032 Romae
462 1022 474 1037 ‚
499 997 537 1031 &
550 993 709 1031 Macrob.
727 1008 756 1030 1.
781 992 945 1029 Saturnal.
959 1003 1032 1041 cap.
1046 1005 1087 1029 vx
1101 1007 1128 1030 1.

112 1041 160 1079 iic
178 1043 269 1093 apud
283 1047 425 1082 Graecos
445 1043 544 1095 ζυγοὶ
561 1046 579 1085 ἢ
598 1043 731 1093 ἄζυγα.
759 1043 884 1080 scholia
896 1042 1129 1093 Aristophanis

109 1093 154 1130 ad
170 1095 319 1133 Plutum.
608 1119 610 1121 >

429 1199 801 1234 TORRENT.

161 1302 204 1333 In
218 1295 299 1334 urbe
316 1293 520 1343 hiemaret.]
556 1296 715 1331 Hiemare
734 1294 873 1344 exponit
890 1292 1049 1330 Erasmus
1063 1304 1126 1342 pro

109 1345 219 1399 affligi
239 1347 362 1384 hiemis
379 1344 613 1382 incommodo
631 1373 643 1388 ,
679 1358 752 1382 non
767 1347 870 1381 reste.
898 1344 1009 1381 sensus
1028 1346 1124 1380 enim

110 1395 177 1440 est,
207 1397 416 1447 Augustum,
443 1396 602 1446 quamvis
619 1408 740 1444 parum
753 1395 926 1432 salubrem
936 1395 1050 1430 hieme
1061 1393 1124 1430 sibi

109 1447 248 1483 Urbem
275 1449 480 1497 experiretur
498 1475 510 1490 ,
555 1445 776 1488 nihilominus
813 1458 933 1482 tamen
967 1445 1122 1481 hiemem

110 1494 177 1532 illic
197 1495 360 1546 peregisse
378 1495 507 1533 assiduo
523 1524 535 1539 ‚
565 1500 654 1532 &ne
663 1507 796 1533 mutato
807 1495 950 1546 quidem
968 1507 1122 1544 unquam

113 1546 283 1584 cubiculo.
341 1548 460 1596 Itaque
477 1546 646 1595 legerim,
683 1546 802 1595 affldae
826 1559 953 1596 quoque
980 1545 1018 1580 in
1042 1545 1124 1581 Urbe

113 1595 279 1634 hiemans.
321 1610 405 1633 nam
423 1596 549 1646 alioqui
567 1596 756 1634 verborum
772 1597 934 1634 struEtura
959 1595 1035 1632 luxa
1064 1595 1121 1631 est.

113 1648 204 1694 Qiae
225 1647 304 1683 sane
324 1647 524 1683 admiranda
551 1648 634 1683 tanti
654 1649 813 1697 Principis
832 1647 1040 1683 continentia
1067 1645 1125 1682 est.

113 1709 199 1734 nam
207 1699 245 1733 &
254 1709 382 1747 pauper
396 1725 407 1740 ,
429 1696 523 1746 quod
532 1697 642 1734 ridere
654 1711 717 1734 nos
727 1699 820 1744 jubet
836 1698 1015 1740 Horatius,

325 1790 340 1796 -
366 1790 382 1798 -
405 1792 419 1798 -
443 1778 558 1805 mutat
573 1769 766 1812 coenacula,
798 1770 912 1814 lectos,

281 1818 435 1863 Balnea,
465 1819 616 1866 tonfhres.

166 1889 284 1936 Qam
303 1890 477 1938 Syracusas
491 1919 502 1934 ‚
527 1887 580 1932 Εἴ
598 1889 780 1937 τεχνόφυον
798 1889 982 1937 vocabar]
1027 1893 1127 1937 Syra-

111 1940 228 1987 cusas,
253 1938 348 1987 quod
362 1939 455 1976 locus
473 1940 556 1989 ipsi,
581 1953 662 1977 cum
682 1939 769 1976 solus
787 1937 888 1985 effer,
916 1954 991 1978 non
1011 1941 1125 1977 minus

110 1988 270 2026 arrideret
278 2001 384 2037 quam
394 1989 541 2027 delicato
560 1992 708 2040 cuipiam
727 1991 917 2039 Syracusae,
947 1991 1027 2028 urbs
1045 1991 1125 2027 Sici-

110 2039 163 2077 liae
181 2038 438 2076 amoeniffima:
463 2040 645 2087 τεχνόφυαν
663 2053 749 2078 vero
762 2068 774 2083 ,
803 2042 899 2091 quod
915 2041 958 2078 ad
975 2052 1063 2078 artes
1073 2054 1127 2078 ex-

110 2089 330 2141 cogitandaS,
357 2089 626 2140 excolendasque
645 2089 864 2127 conduceret.
922 2095 1060 2128 Locum
1070 2104 1126 2129 au-

109 2151 185 2177 tem
201 2141 290 2177 hunc
301 2138 508 2189 fingularem
524 2152 653 2186 vocat,
681 2139 777 2192 quod
789 2141 901 2187 solus,
929 2142 1126 2193 &undique

111 2190 157 2228 ab
175 2190 251 2227 aliis
268 2189 439 2241 separatus
456 2189 548 2230 esset.

422 2295 812 2332 CA-SAUBQN.

168 2405 226 2441 72.
253 2391 365 2438 Postea
381 2392 418 2428 in
434 2392 606 2442 Palatia]
635 2394 727 2432 Vide
744 2393 895 2433 Suetonii
914 2395 1122 2431 Grammati-

113 2455 174 2480 cos
194 2444 229 2479 in
246 2444 370 2480 Verrio
386 2442 504 2480 Flacco
519 2473 531 2488 ,
572 2448 609 2482 ὃ(
628 2446 753 2482 Dionis
776 2457 899 2482 notam
931 2444 990 2481 lib.
1011 2456 1031 2480 L
1043 2459 1054 2481 1
1068 2459 1119 2481 11.

111 2495 264 2543 itemque
283 2493 372 2530 libro
390 2504 445 2530 ιν.
472 2494 594 2531 Refert
613 2496 814 2538 &Servius,
832 2494 1021 2545 Augustum
1042 2495 1124 2531 aedi-

108 2541 251 2580 ficatam
266 2557 286 2580 a
303 2543 335 2580 se
354 2542 503 2579 domtun
524 2544 695 2593 publicam
709 2543 832 2582 feciffe.
860 2543 968 2581 caussa
979 2545 1026 2581 est
1035 2545 1123 2595 apud

110 2595 270 2630 Dionem
290 2613 299 2639 3
336 2595 415 2644 quia
442 2592 644 2643 pontificem
660 2597 855 2632 maximum
874 2596 909 2630 in
926 2595 995 2631 aliis
1015 2607 1120 2644 quam

112 2643 252 2694 publicis
273 2644 401 2681 aedibus
419 2643 570 2681 habitare
587 2642 638 2680 fas
662 2649 739 2681 non
772 2656 854 2681 erat.
897 2644 978 2681 ideo
999 2645 1118 2681 Palatii

110 2694 384 2744 publicationem
405 2696 524 2733 Nerva
544 2708 683 2744 quoque
702 2695 782 2730 iecit
807 2706 978 2732 renovato
1004 2695 1119 2745 Augu-

113 2744 152 2785 sti
171 2745 331 2795 exemplo
346 2760 357 2782 ε
385 2745 478 2795 quod
493 2746 548 2781 alii
568 2746 741 2795 Principes
750 2744 987 2794 neglexerant.
1043 2748 1119 2788 Do-

112 2807 168 2832 cet
187 2795 390 2832 subobscure
415 2795 541 2832 Plinius
557 2799 592 2833 in
611 2797 825 2845 Panegyrico
847 2810 857 2832 :
893 2800 1039 2844 Magno,
1068 2797 1118 2833 in.

111 2847 207 2895 quit,
234 2848 347 2883 animo
358 2855 483 2895 parens
502 2857 583 2883 tum
605 2848 695 2882 hanc
710 2855 789 2882 ante
809 2859 867 2881 vos
877 2846 1042 2894 Principes
1060 2859 1116 2884 ar-

113 2908 202 2939 cem,
223 2897 438 2944 publicarum
456 2897 574 2935 adium
599 2896 730 2933 nomine
748 2895 966 2945 inscripserat.

166 2948 229 2983 Sed
242 2946 460 2983 nihilominus
477 2947 599 2983 adibus
614 2947 751 2984 modicis
770 2945 1033 2995 Hortenfiani5.]
1056 2949 1120 2984 Pa-

110 2996 228 3034 latium
244 2998 470 3047 &regionem
489 2998 523 3033 in
532 2996 796 3035 urbeinterdum
813 2995 988 3046 designat,
1015 2997 1119 3034 &sae-

1182 843 1301 897 Itaque
1312 845 1427 881 Palatii
1445 858 1522 895 pars
1531 847 1592 883 fuit
1607 859 1705 884 vetus
1724 848 1900 885 Hortensii
1911 849 2037 885 domus
2052 850 2197 887 :utliinc

1181 890 1293 940 liquet.
1354 897 1434 931 Pars
1451 896 1516 932 alia
1538 896 1599 933 suit
1617 898 1775 934 Catilinae
1800 899 1948 940 domus,
1979 912 2054 947 quae
2077 911 2198 937 tamen

1183 941 1302 998 postea
1321 943 1475 994 separata
1495 945 1544 981 est
1565 959 1585 982 a
1605 947 1758 992 Palatio,
1784 960 1819 985 ut
1837 948 1966 984 iudicat
1981 950 2136 985 Suetonii
2147 950 2198 986 lo-

1181 1004 1237 1027 cus
1255 1006 1289 1028 in
1310 997 1434 1031 Verrio
1454 996 1586 1033 Flacco.

1234 1044 1358 1080 Eodem
1379 1046 1524 1083 cubiculo
1545 1046 1654 1083 hieme
1669 1045 1721 1090 Εἴ
1739 1046 1844 1092 estate
1864 1047 2001 1097 manfit.
2018 1046 2033 1095 ]
2062 1050 2197 1085 Contra

1180 1092 1461 1132 consuetudinem
1480 1098 1664 1134 hominum
1684 1100 1757 1143 ejus
1771 1099 1939 1148 temporis
1955 1127 1967 1141 ,
1996 1098 2053 1147 qui
2073 1099 2107 1134 in
2117 1099 2198 1134 aedi-

1182 1140 1242 1179 bus
1262 1143 1324 1181 suis
1342 1147 1407 1183 alia
1426 1147 1600 1184 habebant
1619 1149 1782 1191 hiberna,
1815 1148 1880 1184 alia
1899 1149 2016 1185 aestiva
2040 1148 2196 1185 cubicula

1180 1195 1216 1227 ὃ(
1236 1194 1386 1232 triclinia.
1445 1202 1560 1235 Varro
1590 1197 1633 1234 de
1664 1199 1780 1248 lingua
1803 1200 1927 1235 Latina
1964 1198 2024 1235 lib.
2043 1212 2085 1237 vi
2100 1212 2126 1236 ι.
2156 1202 2198 1235 &

1179 1242 1306 1282 Plinius
1323 1247 1362 1282 in
1381 1247 1527 1298 epistolis
1547 1248 1604 1285 lib.
1633 1263 1685 1285 11.
1722 1252 1759 1285 δε
1785 1248 1983 1285 Columella
2013 1250 2047 1284 in
2076 1248 2197 1285 descri-

1179 1295 1296 1342 ptione
1319 1297 1419 1335 villae.
1468 1301 1525 1335 De
1544 1299 1690 1337 triclinio
1717 1299 1863 1337 hiberno
1889 1298 2064 1344 Juvenalis
2089 1299 2198 1351 loqui-

1177 1355 1228 1380 tur
1247 1348 1364 1397 Satyra
1383 1362 1423 1386 Vl
1440 1363 1465 1386 1.

1282 1418 1298 1425 -
1324 1420 1337 1426 -
1364 1421 1380 1428 -
1403 1399 1567 1448 algentem
1585 1400 1697 1449 rapiat
1711 1401 1850 1436 coenatio
1858 1398 1973 1447 selem.

1173 1446 1252 1481 Mos
1277 1449 1541 1498 antiquiffinms,
1575 1453 1668 1496 cujus
1687 1452 1882 1489 inventores
1897 1449 2032 1485 delicati
2049 1452 2087 1485 &
2101 1449 2192 1498 prin-

1175 1495 1264 1551 cipes
1282 1498 1318 1535 in
1336 1498 1416 1535 Asia
1435 1501 1495 1537 viri
1521 1515 1530 1536 ε
1560 1513 1644 1537 nam
1666 1512 1701 1537 ut
1720 1501 1763 1537 de
1784 1501 1921 1550 regibus
1937 1502 2116 1536 Persarum
2144 1500 2198 1536 ni-

1174 1544 1218 1580 lul
1229 1546 1345 1584 dicam
1356 1578 1368 1593 ,
1391 1551 1495 1587 etiam
1514 1552 1547 1586 in
1565 1552 1672 1588 Sacris
1687 1551 1787 1588 literis
1805 1554 1879 1598 ejus
1896 1549 2143 1587 consuetudinis
2153 1548 2201 1587 fit·

1174 1598 1331 1642 mentio,
1362 1600 1420 1637 lib.
1449 1600 1632 1646 judicum,
1661 1614 1738 1649 cap.
1767 1616 1843 1638 111.
1876 1612 2056 1637 commate
2076 1614 2129 1637 xx.
2153 1603 2196 1638 δε

1174 1648 1341 1698 propheta
1361 1652 1472 1688 Amos
1489 1680 1500 1694 ,
1528 1652 1587 1688 has
1606 1652 1723 1702 populi
1742 1651 1910 1689 Israelitici
1925 1650 2060 1687 delicias
2077 1651 2191 1701 gravi-

1175 1707 1226 1734 ter
1246 1699 1406 1749 objurgat
1425 1715 1504 1750 cap.
1534 1716 1609 1739 ιιι.
1640 1716 1773 1739 comm.
1802 1715 1857 1741 xv.
1901 1700 2068 1738 Tandem
2092 1700 2189 1737 fuisle

1176 1748 1373 1786 hominibus
1401 1751 1576 1789 luxuriosis
1602 1781 1615 1796 ,
1659 1752 1844 1803 praesertim
1865 1752 2038 1789 Romanis
2057 1779 2068 1793 ‚
2117 1764 2194 1789 non

1173 1800 1314 1837 triclinia
1333 1801 1442 1839 solum
1460 1815 1525 1852 pro
1542 1815 1700 1852 tempore
1722 1802 1854 1840 diversa
1875 1817 1884 1839 ι
1920 1801 1978 1837 sed
1994 1805 2032 1836 ὃς
2050 1800 2193 1849 supelle-

1177 1849 1292 1887 &ilem
1311 1862 1443 1896 totam,
1471 1857 1507 1889 ὅ(
1527 1866 1567 1888 ea
1587 1854 1738 1889 maxime
1764 1866 1841 1902 quae
1867 1864 1953 1888 auro
1980 1862 2193 1900 argentoque

1176 1901 1378 1938 constabant
1395 1931 1406 1945 ,
1432 1905 1537 1940 etiam
1556 1903 1675 1939 anulos
1694 1903 1778 1940 alios
1799 1902 1956 1943 aestivos,
1985 1900 2068 1937 alios
2080 1900 2193 1937 hiber-

1176 1965 1263 1994 nos,
1290 1951 1381 1988 testis
1400 1954 1571 1995 Juvenalis
1583 1956 1701 2003 Satyra
1723 1968 1750 1991 ι.
1770 1957 1807 1990 δε
1819 1952 1862 1989 de
1874 1952 2002 1988 Graecis
2020 1950 2135 1989 Alexis
2155 1952 2193 1992 in

1177 2002 1341 2051 Hippisco
1353 2003 1443 2053 apud
1456 2005 1664 2039 Athenaeum
1676 2003 1735 2039 lib.
1746 2018 1767 2042 v
1776 2019 1803 2042 1.

1227 2057 1358 2089 Parum
1369 2053 1542 2100 salubrem
1561 2053 1755 2090 valetudini
1768 2054 1832 2101 sua
1850 2053 1977 2091 urbem.
1993 2052 2010 2099 ]
2061 2054 2192 2090 Praeter

1175 2102 1354 2139 medicinae
1373 2105 1678 2150 auitoresGraecos
1689 2109 1725 2141 δε
1736 2106 1877 2142 Latinos
1889 2133 1901 2148 ,
1925 2105 1982 2153 qui
1991 2104 2058 2140 boc
2066 2102 2190 2140 testan-

1171 2164 1251 2196 tur,
1277 2155 1426 2190 Frontini
1443 2155 1551 2192 verba
1565 2155 1638 2192 sunt
1655 2158 1689 2192 in
1705 2155 1763 2191 lib.
1805 2155 1848 2192 de
1873 2153 2077 2204 Aquaedust.
2134 2159 2190 2190 Ne

1166 2210 1339 2249 pereuntes
1356 2205 1494 2254 quidem
1515 2218 1604 2254 aqua
1622 2207 1723 2254 otiosa
1736 2206 1821 2253 sunt
1844 2223 1854 2241 .·
1891 2217 1975 2241 nam
2001 2203 2189 2240 immundi-

1170 2253 1301 2291 tiaram
1306 2255 1415 2300 facies
1432 2253 1484 2297 Εἴ
1504 2256 1664 2303 impurior
1671 2256 1812 2304 spiritus
1825 2285 1836 2299 ,
1866 2253 1917 2297 ξδ’
1929 2254 2035 2300 caussa
2047 2253 2188 2301 gravio-

1171 2303 1216 2338 ris
1236 2305 1330 2348 coeli,
1360 2305 1480 2353 quibua
1500 2306 1589 2353 apud
1608 2316 1734 2341 veteres
1751 2306 1842 2342 urbis
1859 2306 1998 2351 infamis
2017 2307 2075 2339 aer
2086 2303 2186 2349 fuit,

1161 2352 1248 2400 sunt
1261 2365 1398 2391 remote.
1427 2355 1589 2392 Adulatur
1609 2369 1693 2395 vero
1710 2356 1914 2406 Imperatori
1936 2357 2065 2393 Nervae
2082 2357 2187 2392 Fron-

1170 2404 1279 2447 tinus,
1310 2419 1392 2442 cum
1410 2405 1463 2441 illa
1482 2405 1602 2442 scribit.

1226 2457 1339 2502 Qem
1353 2456 1528 2504 Syracusae
1543 2454 1595 2498 ξδ’
1618 2455 1854 2505 Technophyon
1873 2454 2061 2501 vocabar]
2103 2456 2186 2492 Hoc

1169 2502 1248 2540 illud
1263 2507 1310 2542 est
1321 2535 1332 2549 ‚
1351 2505 1444 2555 quod
1456 2511 1568 2542 Varro
1579 2518 1674 2542 notat
1685 2507 1719 2542 in
1729 2506 1774 2543 sui
1790 2507 1956 2556 temporis
1965 2505 2161 2542 hominibus
2174 2519 2186 2541 ι

1170 2567 1256 2602 quos
1265 2558 1308 2592 ait
1322 2557 1383 2593 suis
1393 2555 1478 2595 villis
1487 2556 1628 2592 delicata
1639 2558 1785 2593 nomina
1802 2556 1905 2606 usque
1919 2555 1997 2592 inde
2014 2568 2033 2591 e
2053 2555 2184 2590 Graecia

1169 2606 1272 2653 petita
1282 2607 1474 2656 imponere.
1504 2607 1555 2643 Sic
1566 2604 1785 2657 Pausilypum
1795 2635 1807 2650 ‚
1828 2606 2036 2649 Academia,
2050 2604 2185 2654 aliaque

1170 2655 1330 2694 villarum
1346 2657 1493 2694 celebria
1512 2658 1670 2694 nomina.

1526 2732 1562 2766 V
1592 2741 1614 2764 A
1640 2741 1665 2765 R
1695 2741 1710 2765 1
1737 2741 1762 2764 o
1787 2740 1824 2765 R.

1224 2814 1284 2847 72.
1299 2806 1475 2836 Perannos
1484 2799 1628 2847 amplius
1638 2797 1909 2848 quadragmta.]
1937 2798 2088 2849 Ellipsis,
2107 2814 2186 2859 quse

1167 2851 1206 2886 δε
1224 2850 1344 2887 nostris
1360 2851 1447 2893 Juris
1464 2849 1617 2887 consultis
1637 2863 1708 2886 non
1725 2850 1933 2900 infrequens.
1961 2852 2071 2888 Utitur
2089 2865 2184 2890 emm

1169 2912 1208 2936 ea
1229 2901 1380 2945 Julianus
1399 2899 1594 2944 l.1.xxx1.§.
1609 2914 1642 2945 4.
1666 2903 1712 2937 D.
1735 2899 1777 2937 de
1801 2904 1920 2952 Legat.
1939 2916 1965 2939 1.
1999 2902 2184 2938 Titimnon

1167 2951 1311 2998 amplias
1330 2950 1548 2998 quincuncem
1568 2951 1604 2986 in
1618 2950 1731 2997 servis
1754 2951 1935 2989 vindicare
1947 2951 2041 3001 poffi.
2072 2956 2110 2988 ὅ(
2127 2955 2186 2995 Ja-

1167 3001 1313 3038 volenus
1331 3001 1350 3037 l.
1364 3013 1441 3037 xxx.
1455 3004 1485 3044 §.
1503 3015 1535 3045 4.
1565 3003 1612 3038 D.
1628 3000 1671 3037 de
1691 3004 1812 3052 Legat.
1828 3017 1858 3048 3.
1891 3002 2027 3053 Negavi
2042 3001 2185 3050 amplius

110 3049 183 3098 pius
190 3047 337 3086 domum
347 3048 668 3098 principalem.Haec
676 3061 717 3088 ex
724 3047 872 3100 pluribus
881 3047 1044 3088 domibus
1054 3048 1121 3089 mi·
1159 3058 1297 3100 partem
1314 3051 1436 3091 deberi.
1467 3052 1642 3090 Gonsms.

1595 3104 1659 3152 Gg
2017 3105 2172 3144 Tor>-
