2504 3425
0 2874 2 2876 ’
13 2874 34 2884 κ

93 1104 95 1106 ’
128 1105 297 1142 Praetorio
315 1119 448 1156 nempe
464 1121 559 1152 viro,
588 1108 703 1149 legato
723 1111 906 1159 provinciae
927 1112 1028 1151 Afiae.

637 152 1021 215 THEon.
1101 161 1766 224 MA‘acin1US.

141 241 248 281 sulem
282 243 417 283 Tiberii
436 272 448 290 ‚
495 243 552 283 sed
595 249 797 289 Vertumno
840 265 962 304 parum
997 257 1157 308 propitio,

142 293 269 345 Neque
298 294 425 334 felicius
443 324 455 341 ,
490 296 621 348 legatos
650 314 789 352 quoque
819 306 996 355 praetorios
1027 307 1159 353 distes,

139 344 198 393 qui
215 346 428 385 mitterentur
447 359 467 383 a
487 348 632 388 Caesare.
692 353 872 392 Proferunt
897 358 1097 409 exemplum
1115 359 1158 396 de

140 394 320 434 Hadriano
340 426 351 442 ,
386 398 429 436 de
460 412 530 449 quo
550 399 594 436 fic
617 402 720 439 AElius
741 407 934 454 Spartianus
952 424 962 446 ι
993 415 1157 458 Legatum,

137 444 245 494 inquit
263 476 272 491 ‚
311 449 417 495 postea
445 453 611 495 pristin-fas
646 454 683 489 in
712 459 929 493 Pannonian
966 460 1158 505 inferiorem

136 495 271 542 miffits,
296 503 366 537 &a
423 501 515 536 Hinc
540 501 612 538 elici
640 504 789 549 volunt,
823 509 880 558 qui
907 510 1122 548 mitterentur
1139 524 1158 547 a

138 546 274 584 Caesare
290 578 302 593 ‚
350 551 461 588 dietos
479 565 615 602 quoque
635 550 766 605 legatos
782 561 966 606 praetorios,
1024 566 1077 596 En
1107 575 1158 597 cor

134 600 322 644 Zenodoti,
349 615 388 637 m
410 615 502 649 ¹Jecur
531 606 682 641 Cratetis
701 635 711 649 ‚
749 611 818 658 &c
882 611 985 659 Atqui
1013 613 1157 661 Spartia-

133 659 200 685 nus
222 650 361 699 intelligi
389 652 486 696 vult‚
529 668 569 690 ex
598 668 741 706 practura
765 657 909 696 *missum
938 661 1157 698 Hadrianum

134 695 291 748 legatum
311 703 458 740 Caesaris
474 733 486 747 ,
524 703 594 741 sive
621 720 702 743 cum
721 720 815 745 anno
835 709 1005 761 superiore
1033 724 1158 762 praetor

133 745 264 795 fuiflbt,
301 765 395 790 anno
414 753 574 802 sequente
594 759 792 805 praetorium
815 788 826 802 ,
866 773 886 796 a
905 764 1060 807 Traiano
1078 763 1158 799 mis-

134 797 210 837 sum
228 802 381 852 legatum
398 805 435 840 in
456 808 684 845 Pannoniam.
742 809 835 858 Qud
862 811 930 848 hoc
956 812 998 848 ad
1027 814 1158 864 legatos

131 855 314 900 praetorios
330 858 340 893 ἒ
370 855 471 892 idem
491 856 586 906 quod
603 858 722 894 Sextili
741 859 850 906 mense
867 864 1031 900 caminus.
1088 865 1155 906 At,

132 901 289 952 inquiunt
306 933 317 948 ,
345 905 428 956 lapis
443 909 598 956 antiquus
616 907 719 944 habet
737 935 749 950 ‚
782 911 935 945 Praetorio
954 911 1058 960 legato
1079 919 1159 949 Pro-

131 956 248 990 vincia
267 961 305 992 A
301 957 405 1001 frica.
463 958 565 1007 Atqui
583 957 649 1000 est,
679 961 830 994 Praetorio
848 959 955 1007 legato
977 965 1159 1001 Proaeinciae

130 1002 227 1051 Afiae.
286 1006 381 1055 Qiai
401 1018 476 1043 tum
504 1006 623 1055 postea
648 1013 657 1045 ἓ
689 1011 790 1044 Νιιιιι
823 1009 951 1048 idcirco
985 1012 1086 1062 legati
1114 1015 1158 1052 illi

129 1065 360 1105 propi-:ctores
378 1084 388 1099 ,
426 1067 483 1093 aut
500 1057 601 1108 legati
620 1061 765 1108 praetorii
786 1063 796 1097 ἒ
828 1064 910 1097 Imo
927 1063 1077 1115 intellige
1098 1064 1156 1104 sic„

490 1108 497 1115 ”
621 1151 641 1160 ⁹
1088 1118 1156 1153 Hic

127 1166 212 1203 ergo
228 1155 310 1192 nihil
335 1170 451 1199 agunt.
512 1160 566 1195 At'
583 1158 746 1198 sexcentis
779 1163 1040 1213 inscriptionum
1068 1167 1155 1205 locis

125 1214 241 1252 patet,
271 1220 332 1244 eos
349 1202 407 1258 qui
429 1210 643 1247 mitterentur
659 1225 678 1248 a
698 1212 835 1248 Caesare
854 1213 965 1252 dictos
985 1230 1049 1266 pro
1070 1232 1156 1268 pra:-

124 1265 200 1292 tore
218 1258 307 1294 mitti
328 1288 341 1302 ,
377 1271 412 1296 ut
433 1263 526 1298 reste
546 1262 636 1310 apud
663 1264 818 1300 Dionem
837 1265 884 1301 est
899 1294 911 1309 ‚
941 1280 1052 1317 neque
1074 1283 1159 1307 con-

124 1303 339 1346 stitutionem
358 1311 499 1359 Augusti
516 1312 604 1349 hanc
626 1325 683 1350 aut
703 1313 791 1352 filius
812 1317 884 1363 ejus
911 1319 1073 1356 Tiberius
1098 1333 1155 1358 aut

123 1356 179 1394 alii
191 1359 375 1410 infregere.

174 1411 305 1459 Neque
334 1422 454 1448 tamen
487 1415 509 1449 ii
537 1427 688 1459 omnes,
731 1429 820 1466 quos
861 1419 1011 1457 mitteret
1039 1423 1154 1459 Cacsar

120 1459 308 1510 praesides,
339 1462 419 1499 dieti
439 1477 579 1514 quoque
603 1465 732 1513 legati,
762 1467 817 1503 sed
835 1467 935 1520 aliqui
958 1473 1063 1508 etiam
1084 1488 1152 1510 cor-

126 1513 266 1546 relJores
280 1540 294 1555 ,
331 1524 368 1549 ut
407 1517 569 1552 Lucania:
606 1519 643 1552 &
678 1519 873 1556 Brutiorum
895 1551 906 1564 ,
948 1521 992 1559 de
1028 1524 1151 1574 quibus

121 1559 353 1599 Caffiodorus
384 1564 478 1612 epist.
505 1580 585 1604 ιιι.
624 1566 683 1605 lib.
713 1583 764 1608 lv.
796 1570 889 1620 epist.
909 1584 1064 1612 xxxiii.
1091 1576 1148 1614 lib.

117 1621 227 1649 v111.
255 1613 356 1664 aliqui
378 1616 481 1652 etiam
504 1625 749 1668 procuratores,
775 1631 810 1656 ut
828 1621 979 1667 Judaeae,
1007 1636 1042 1662 ut
1058 1628 1149 1677 apud

116 1662 160 1698 C.
175 1664 341 1700 Tacitum
363 1666 489 1702 Annali
506 1682 586 1705 x11.
607 1672 643 1705 ὃ(
661 1683 718 1707 xv.
758 1671 894 1709 Philon.
926 1678 1147 1716 Herennium

116 1709 292 1761 legatione
313 1715 355 1751 ad
376 1719 504 1763 Cajum
532 1733 542 1754 ε
570 1720 688 1770 aliquis
712 1723 818 1759 etiam
839 1725 1011 1771 praeficias
1029 1734 1149 1778 Auga-

104 1760 228 1809 stalis‚
258 1764 440 1810 videlicet,
463 1769 585 1817 praeses
605 1773 766 1821 AEgypti:
793 1773 892 1824 aliqui
909 1776 1057 1828 denique
1075 1794 1149 1817 con-

102 1812 260 1862 sulares,
286 1826 322 1853 ut
345 1817 372 1852 is
391 1816 433 1853 de
452 1832 522 1867 quo
542 1833 631 1856 nunc
649 1824 782 1870 agitur,
812 1825 997 1872 consularis
1017 1828 1147 1878 legatus

113 1869 164 1901 A.
176 1865 335 1904 Plautius
348 1896 361 1911 ,
390 1867 432 1904 de
452 1882 523 1919 quo
535 1871 641 1908 etiam
654 1874 834 1911 Suetonius
847 1876 980 1914 Claudii
999 1891 1027 1915 c.
1037 1894 1140 1921 xxiv.

115 1916 189 1952 Dio
207 1915 267 1955 lib.
279 1929 335 1955 Lx.

168 1968 265 2005 Diffi
294 1981 379 2007 vero
404 1969 566 2020 praesides
595 1972 695 2022 aliqui
722 1975 915 2014 consulares
934 2006 949 2021 ‚
984 1981 1041 2017 vel
1064 1984 1143 2033 quia

112 2018 312 2057 exconsules
329 2049 342 2064 ,
387 2033 423 2057 ut
449 2021 580 2071 legatus
612 2026 796 2063 Britannia
821 2028 1002 2076 consularis
1020 2033 1143 2077 Julius

110 2069 273 2116 Agricola
289 2099 302 2114 ,
337 2071 427 2122 apud
446 2075 490 2111 C.
509 2076 670 2112 Tacitum
699 2078 734 2114 in
756 2079 918 2128 Agricola
936 2109 953 2125 ,Α
979 2083 1035 2120 vel
1062 2087 1140 2134 quia

111 2120 264 2169 praefesti
284 2123 516 2162 consularibus
541 2128 724 2176 provinciis
739 2157 753 2172 ‚.
793 2142 827 2166 ut
852 2144 943 2168 nunc
976 2134 1019 2172 A.
1044 2136 1140 2174 Plau-

107 2171 182 2208 tius.
240 2173 367 2223 Neque
389 2176 483 2212 enim
496 2189 566 2216 cos.
597 2190 654 2214 aut
670 2178 855 2218 consularis
873 2184 908 2219 in
926 2186 1142 2232 provinciam

111 2218 228 2257 missus
246 2250 259 2264 ‚
295 2223 351 2260 sed
369 2238 493 2274 praetor
514 2228 747 2267 consularibus
768 2236 982 2272 ornamentis
998 2265 1010 2280 ,
1047 2241 1137 2289 apud

111 2271 272 2309 Dionem
299 2272 358 2310 lib.
377 2287 432 2312 Lx.
463 2278 639 2322 Ejusmodi
660 2282 903 2329 provinciaeff'n
922 2288 1055 2324 oriente
1076 2304 1131 2328 xv.

111 2321 146 2358 in
179 2322 360 2360 occidente
388 2337 489 2364 xxix.
530 2341 677 2378 quarum
695 2335 829 2371 mentio
856 2337 963 2372 etiam
991 2339 1025 2375 in
1054 2342 1134 2384 Jure

109 2373 318 2417 novissimo,
345 2386 382 2411 ut
399 2376 581 2415 Novel.v1
595 2394 606 2416 ι
619 2395 689 2418 1.c.
707 2396 735 2420 1.

164 2425 302 2461 Partim
328 2425 473 2463 Claudii
500 2427 597 2477 ipfim
630 2431 773 2482 clima]
818 2439 946 2474 Narrat
973 2441 1045 2477 Dio
1071 2442 1132 2481 lib.

108 2486 165 2515 Lx.

163 2529 282 2576 Qare
308 2527 535 2576 triumphalia
559 2533 795 2581 ornamenta]

102 2577 187 2626 phi,
214 2580 357 2622 Tacito,
384 2579 508 2616 Annal.
528 2595 579 2618 ιι.
605 2585 641 2618 6<
667 2596 744 2620 ιιι.
774 2587 812 2620 δε
836 2585 981 2634 infignia

102 2628 226 2677 phalia
252 2631 374 2666 Annali
406 2645 434 2668 1.
472 2633 511 2666 δε
537 2631 689 2669 absolute
707 2662 718 2676 ‚
753 2637 979 2684 triumphalia
999 2641 1127 2681 Histor.

108 2679 167 2719 lib.
195 2695 246 2717 ιι.
277 2681 454 2726 Ejusmodi
476 2692 592 2719 autem
610 2697 838 2728 ornamenta,
865 2699 982 2723 corona
996 2704 1131 2738 aurea,

107 2738 229 2779 patera
245 2744 350 2767 aurea
366 2760 379 2776 ,
409 2732 497 2781 filla
511 2734 635 2770 caralis
652 2763 663 2778 ,
686 2736 787 2783 sapio
806 2737 951 2773 eburnus
976 2753 1051 2776 cam
1076 2743 1129 2780 in-

1207 461 1341 510 gendus

1206 524 1245 547 xi
1259 526 1270 548 1
1283 527 1310 551 1.

1207 611 1240 646 in
1259 615 1338 650 soro
1353 614 1537 654 dicentem.

2181 179 2240 250 1⁴5

1212 255 1307 296 alteri
1335 258 1515 306 obstabat,
1549 274 1584 301 ut
1612 263 1808 304 Christiano
1833 267 1898 306 ritu
1937 266 2074 306 obstare
2103 268 2242 310 debenti

1211 312 1252 346 Et
1269 309 1360 354 Julio
1379 311 1551 350 Aaricolae
1570 314 1664 365 apud
1684 318 1726 354 C.
1747 318 1910 357 Tacitum
1925 347 1936 363 ,
1965 320 2119 367 adjicitur
2132 327 2243 371 pomi><

1414 346 1432 360 .,

1201 359 1326 407 ficatas
1337 357 1577 410 sacerdotium.

1265 416 1310 447 Et
1327 413 1478 458 defimt‘ii
1498 428 1626 464 qaoque
1641 417 1785 465 Narciffi
1799 411 1923 458 aridices
1939 425 2129 474 perosam.]
2176 431 2245 466 Le-

1404 467 1445 502 C.
1496 467 1637 504 Tacitus
1675 470 1844 521 principio
1887 474 2029 514 Annalis
2063 490 2144 516 xii.
2197 483 2237 518 ὅς

1262 568 1358 617 ζωρα
1381 565 1417 600 in
1436 579 1513 603 eam
1524 568 1622 616 jac'la
1639 571 1754 619 firma]
1786 579 1879 624 Rapa
1896 580 1931 612 in
1949 591 2024 613 eam
2039 580 2154 626 jaHa,
2184 583 2237 627 jus

1598 622 1708 658 Causa
1729 624 1815 662 illius
1841 629 2061 665 contumelia:
2089 643 2128 667 ac
2153 632 2239 668 sedi-

1210 661 1313 699 tionis
1336 667 1455 703 caritas
1476 680 1637 708 annonae.
1696 675 1799 711 Nulla
1837 690 1876 713 ex
1902 678 1964 714 alia
2003 681 2102 716 causa
2141 683 2236 719 citius

1208 714 1336 750 Romae
1355 715 1441 752 olim
1461 721 1497 753 &
1519 720 1552 754 in
1573 723 1754 769 provinciis
1785 726 1964 766 [editisnes
1994 731 2140 780 odiaque
2168 746 2228 783 po-

1209 762 1277 811 puli
1302 764 1462 802 adversus
1483 770 1678 818 Principem
1699 801 1710 816 ,
1757 788 1790 812 ut
1815 778 2005 828 Angustum
2026 812 2038 826 ‚
2076 785 2231 821 Suetonii

1210 825 1241 848 c.
1257 825 1359 852 Lxxi.
1407 816 1590 855 Claudium
1617 834 1645 857 c.
1667 835 1729 859 xvi
1744 839 1753 860 1
1769 839 1796 862 1.
1842 829 1875 864 in
1905 845 2009 879 quem
2033 836 2080 877 jus
2099 835 2132 870 in
2150 834 2232 872 foro

1210 861 1385 902 dicentem
1411 868 1558 916 populus
1582 872 1764 917 quondam
1791 888 1928 927 propter
1956 895 2134 920 annonam
2155 899 2232 936 gra-

1209 926 1292 951 vem
1316 945 1328 959 ,
1364 919 1522 953 con-viciis
1548 919 1599 962 Εἴ
1618 922 1844 968 fragminibus
1869 932 1970 974 panis
2003 931 2048 968 fic
2075 935 2232 973 velitatus

1209 964 1277 1008 est,
1308 977 1346 1002 at
1363 981 1458 1015 aegre,
1487 981 1544 1004 nec
1563 970 1751 1019 nisipostico
1767 978 1912 1013 evadere
1927 980 1963 1014 in
1981 983 2151 1028 palatium
2164 1000 2232 1021 va·

1208 1014 1329 1060 luerit,
1356 1021 1426 1055 ἃς.
1485 1021 1612 1056 Narrat
1637 1035 1773 1073 quoque
1802 1027 1935 1065 Paullus
1962 1031 2106 1070 Orosius
2125 1048 2152 1071 c.
2173 1049 2231 1074 vx,

1209 1064 1266 1103 lib.
1288 1081 1328 1105 vi
1343 1083 1370 1105 1.
1411 1071 1462 1106 Sic
1484 1071 1675 1109 Antoninus
1695 1088 1843 1126 quoque¹
1860 1080 1938 1116 Pius
1962 1082 1999 1116 ob
2025 1084 2133 1131 impia
2152 1087 2235 1130 sra-

1208 1120 1377 1155 mensurio
1387 1119 1604 1168 sogplcionem
1625 1123 1793 1171 lapidibus
1820 1140 1842 1162 a
1860 1130 1952 1176 plebe
1977 1137 2131 1170 Romana
2155 1130 2230 1182 por·

1200 1166 1337 1212 striclus
1365 1170 1406 1215 est
1425 1200 1435 1214 ,
1475 1183 1510 1207 ut
1535 1175 1682 1210 narravit
1711 1177 1865 1215 Aurelius
1891 1182 2025 1220 Ψίθιον.
2078 1186 2228 1224 Michael

1208 1230 1323 1257 autem
1352 1223 1469 1258 Ducas
1485 1235 1588 1259 novae
1608 1227 1737 1262 Romae
1758 1231 1886 1278 Imper.
1918 1245 1958 1268 et<
1978 1236 2144 1283 gravitate
2167 1250 2229 1273 an-

1208 1282 1310 1307 nonae
1338 1275 1374 1308 ὃ(
1405 1273 1528 1310 odium
1555 1275 1702 1325 populi,
1747 1282 1782 1314 ὃ(
1812 1294 2091 1330 cognomentum
2128 1290 2226 1326 traxit

1212 1334 1252 1357 ex
1289 1323 1499 1361 contumelia
1518 1354 1529 1368 ‚
1569 1338 1604 1362 ut
1641 1330 1890 1376 Parapinaclas
1929 1335 2095 1374 diceretur
2135 1338 2228 1389 apud

1208 1375 1391 1410 Zonoram
1407 1375 1464 1412 lib.
1484 1390 1493 1412 1
1508 1391 1517 1412 1
1533 1391 1560 1413 1.

1206 1424 1295 1460 Haec
1321 1426 1434 1476 itaque
1464 1426 1561 1464 causa
1580 1457 1590 1470 ,
1626 1441 1684 1464 cur
1708 1432 1874 1469 maxima:
1903 1447 1990 1471 curae
2016 1439 2227 1489 principibus

1204 1476 1377 1514 Romanis
1401 1479 1541 1514 annona
1558 1479 1693 1530 semper
1715 1480 1845 1528 fuerit,
1883 1496 1919 1521 ut
1938 1486 2092 1536 Augusto
2108 1493 2230 1529 Sueto-

1205 1526 1251 1562 nii
1275 1541 1305 1564 c.
1325 1540 1430 1566 xL11.
1474 1530 1618 1566 Tiberio
1648 1532 1737 1581 apud
1765 1536 1806 1570 C.
1839 1537 2000 1574 Tacitum
2039 1541 2164 1579 Annali
2190 1557 2224 1583 v.

1203 1576 1350 1614 Claudio
1367 1581 1519 1617 Suetonii
1538 1595 1567 1618 c.
1579 1595 1641 1618 xvi
1655 1596 1666 1617 ι
1681 1596 1707 1618 ι.
1734 1587 1861 1622 Severo
1880 1588 1970 1637 apud
1981 1592 2196 1638 Spartianum
2210 1625 2221 1640 ‚

1203 1627 1403 1679 Theophilo
1422 1631 1511 1682 apud
1528 1631 1719 1669 Cedrinum
1737 1663 1747 1678 ,
1782 1635 1906 1675 Basilio
1924 1640 2111 1679 Macedoni
2129 1647 2222 1695 apud

1201 1681 1380 1717 Zonaram
1393 1681 1449 1719 lib.
1474 1696 1551 1720 ιιι.

1202 1732 1251 1766 Ex
1277 1730 1477 1779 provisione
1503 1733 1561 1770 tali
1590 1747 1684 1774 ortus
1707 1749 1813 1774 canon
1836 1739 2094 1784 frumentarias
2128 1747 2223 1787 urbis

1202 1783 1351 1826 Romae,
1382 1783 1424 1823 de
1449 1798 1520 1834 quo
1539 1786 1586 1822 tit.
1616 1790 1658 1823 C.
1683 1788 1853 1840 Idemque
1871 1803 1976 1827 canon
1988 1794 2101 1841 populi
2124 1803 2223 1839 Rom„

1200 1832 1289 1882 apud
1316 1835 1495 1884 Lamprid.
1526 1836 1560 1872 in
1581 1837 1684 1874 Avito
1702 1867 1713 1880 ,
1743 1853 1851 1876 canon
1870 1841 2087 1888 urbicarius,
2115 1861 2221 1886 canon

1199 1883 1350 1920 urbanas
1368 1896 1402 1921 ut
1417 1887 1451 1921 in
1469 1889 1510 1924 C.
1529 1886 1722 1925 Theodosii
1741 1902 1813 1926 non
1831 1889 1949 1929 semel.
1983 1897 2024 1931 Et
2043 1909 2148 1934 canon
2160 1901 2225 1946 saa

1199 1935 1289 1981 crati
1313 1949 1379 1971 zmae
1396 1937 1498 1974 urbis.
1529 1939 1569 1976 C.
1588 1939 1737 1977 Eodem.
1769 1942 1862 1977 Hinc
1881 1943 1984 1979 etiam
2005 1948 2219 1999 privilegium

1199 1983 1308 2021 clariis
1318 1986 1578 2031 Alexandrinas,
1597 1988 1640 2025 de
1658 2003 1727 2039 quo
1752 1990 1772 2027 l.
1804 1995 1930 2028 Seneca
1951 1997 2045 2045 epist.
2061 2011 2173 2039 Lxxvl
2186 2016 2214 2039 ι.

1197 2038 1329 2072 Contra
1352 2051 1490 2089 quoque
1507 2051 1610 2075 amor
1626 2041 1743 2090 populi
1770 2056 1811 2079 ex
1836 2048 2076 2092 procuratione
2101 2053 2218 2102 copia-

1195 2100 1261 2136 que
1289 2083 1449 2127 annonae.
1508 2093 1623 2140 anue
1647 2091 1691 2129 de
1709 2105 1745 2129 re
1768 2093 1880 2132 Aru-el.
1911 2096 2103 2140 cassiodor.
2137 2105 2218 2141 For=

1195 2138 1292 2174 mula
1309 2153 1372 2177 xv1
1386 2155 1396 2176 ι
1411 2154 1439 2178 ι.
1461 2139 1519 2178 lib.
1533 2154 1591 2180 vr.

1192 2190 1425 2227 Contumelia:
1454 2205 1540 2229 vero
1567 2193 1665 2230 causa
1690 2195 1724 2231 in
1752 2196 2004 2246 Vespasianum
2042 2210 2126 2250 rapa
2160 2203 2214 2241 illa

1191 2243 1349 2287 conjesta
1369 2271 1381 2286 ,
1422 2254 1458 2279 ut
1481 2244 1516 2279 in
1535 2243 1720 2282 Claudium
1728 2246 1911 2296 fragmina
1922 2252 2022 2297 panis
2044 2270 2053 2295 ς
2093 2254 2127 2289 in
2145 2253 2212 2293 hoc

1188 2305 1316 2340 genere
1330 2293 1556 2343 lapidationes
1587 2309 1757 2346 quoque,¹
1776 2301 1812 2333 ὃς
1839 2298 1897 2335 luti
1911 2312 1951 2336 ac
1970 2303 2061 2338 coeni
2078 2303 2212 2355 adsper-

1186 2334 1331 2387 iiones,
1370 2356 1406 2381 ut
1438 2345 1526 2395 apud
1555 2347 1803 2397 Geographum
1829 2348 1887 2386 lib.
1906 2364 2013 2388 v111.
2059 2357 2204 2406 Gregor,

1187 2395 1429 2431 Turonensem
1455 2396 1587 2434 Histor..
1609 2401 1769 2435 Francor.
1791 2398 1847 2437 lib.
1866 2414 1946 2439 νιι.
1975 2404 2012 2438 &
2028 2405 2204 2450 pulveris,

1186 2456 1220 2481 ut
1237 2446 1271 2482 in
1291 2446 1535 2496 Nicephorum
1552 2451 1811 2499 Imperatorem*
1827 2450 1916 2500 apud
1934 2455 2062 2490 Zonar.
2075 2454 2132 2492 lib.
2149 2470 2160 2492 1
2175 2471 2202 2496 ιῦ

1174 2495 1256 2541 fimi
1275 2508 1309 2532 ut
1329 2498 1362 2532 in
1384 2497 1542 2535 Bibulum
1574 2510 1654 2536 cos.
1684 2499 1771 2550 apud
1802 2500 2017 2539 Plutarchum
2041 2505 2075 2541 in
2096 2508 2205 2544 Pom-

845 2535 989 2585 Infigm'a
1007 2541 1130 2578 trium·
1151 2575 1156 2593 ,
1181 2547 1263 2593 pejo
1283 2550 1317 2581 ἃ
1330 2548 1364 2582 in
1382 2547 1493 2590 Julim

1006 2591 1130 2627 triam-
1181 2598 1281 2637 §.11.
1314 2599 1359 2634 D.
1391 2596 1433 2633 de
1456 2600 1631 2637 Extraord.
1662 2601 1796 2639 crimin.
1827 2602 1931 2640 Paulli
1957 2607 2109 2644 Sentent.
2129 2609 2200 2647 Tit,

1176 2653 1238 2684 ἰν.
1255 2645 1311 2681 lib.
1322 2660 1355 2684 v.

1540 2549 1704 2596 SicfirnO,
1733 2564 1842 2594 cxz‘no,
1868 2552 1937 2588 luto
1953 2553 2116 2600 perfundi
2131 2556 2152 2594 l.
2173 2572 2200 2596 ι,

1237 2696 1351 2732 Rediit
1386 2707 1470 2733 certe
1496 2698 1600 2736 nihilo
1626 2701 1852 2750 opulentiora]
1894 2706 1996 2743 Hanc
2020 2711 2200 2749 Suetonius

1183 2744 1337 2795 adposuit
1366 2760 1399 2784 ut
1425 2749 1626 2798 integritatis
1651 2765 1773 2790 notam
1796 2768 1804 2793 5
1850 2768 1960 2806 neque
1998 2759 2198 2799 dissimilem

107 2780 233 2830 fidente
252 2781 370 2832 aquila
391 2811 409 2826 ,γ
433 2793 510 2831 toga
522 2786 614 2832 pitia
633 2814 643 2828 ,
669 2787 786 2822 tanim
796 2788 982 2835 palmata,
1009 2791 1130 2838 statua
1158 2823 1160 2829 ,
1183 2797 1409 2835 C.Gracchus
1429 2790 1508 2847 ipse⁸
1526 2800 1589 2836 fibi
1607 2802 1763 2853 adposuit
1790 2806 1823 2841 in
1854 2808 2023 2845 concione
2044 2839 2055 2853 ,
2092 2825 2199 2862 quam

110 2832 284 2877 laureata,
327 2834 466 2870 nomina
487 2835 737 2884 triumphalia,
767 2841 835 2875 δὶς.

107 2894 117 2899 “
164 2889 210 2921 Et
228 2883 587 2933 dsclbloxsacerdotiam
611 2886 776 2936 accepia]
814 2890 865 2925 Sic
893 2893 986 2928 Serv.
1016 2894 1126 2931 Galba

112 2936 261 2973 Suetonii
287 2948 440 2974 c.v111.
485 2949 692 2975 ornamenta
727 2941 945 2990 triumphalia
975 2948 1124 2995 accepit,

1182 2845 1298 2884 habuit
1327 2850 1478 2887 reversus
1500 2864 1540 2887 ex
1560 2853 1711 2890 Sardium
1731 2858 1905 2905 provincia
1932 2872 1940 2894 :
1979 2865 2088 2896 Zonas
2107 2892 2118 2906 ,
2148 2865 2197 2900 in-

1181 2899 1252 2946 quit
1271 2927 1282 2942 ,
1313 2912 1396 2947 quas
1411 2900 1529 2948 plenas
1547 2908 1677 2950 argenti
1703 2906 1810 2942 attuli
1829 2936 1839 2951 ,
1876 2921 1930 2943 eas
1955 2923 1998 2944 εκ
2017 2914 2199 2958 provincia

1179 2949 1295 2984 inanes
1323 2952 1423 2986 retuli
1439 2967 1449 2986 :
1479 2951 1542 2987 alsi
1565 2956 1644 2990 v'ni
1659 2956 1837 3004 amphoras
1850 2986 1861 3000 ,
1891 2972 1976 3008 quas
1993 2962 2070 2997 vini
2081 2964 2198 3011 plenas

111 2989 149 3024 ὅ(
165 2986 390 3024 sacerdotium
409 2987 549 3039 triplex,
579 3002 688 3027 unum
701 2989 790 3026 inter
803 2993 951 3037 x-viros,
978 2996 1125 3033 alteram
1176 2997 1327 3036 tulerunt
1345 3030 1355 3044 ‚
1392 3016 1449 3037 eas
1467 3015 1602 3051 argento
1615 3005 1731 3053 plenas
1750 3009 1886 3044 domum
1914 3018 2195 3058 reportaverant„

111 3036 200 3072 inter
230 3039 361 3086 fhdales
406 3041 536 3083 Tz'tios,
581 3043 719 3079 tertium
760 3044 847 3078 inter
889 3046 1122 3094 Augustales:

110 3086 225 3126 Multa
251 3089 346 3126 enim
376 3089 562 3128 sacerdotia
590 3093 647 3130 uni
666 3091 767 3131 simul
788 3123 798 3137 ‚
838 3107 949 3146 neque
978 3097 1125 3136 alterum
1150 3096 1155 3135 l
1180 3100 1259 3137 chis.

1177 3051 1243 3086 &c.
1287 3052 1330 3090 A.
1350 3053 1477 3091 Gellius
1500 3067 1528 3091 c.
1542 3067 1580 3092 >.·1
1596 3069 1631 3094 ι..
1655 3056 1776 3099 lib.xv.
1817 3059 2016 3099 Plutarchus
2035 3063 2069 3100 in
2089 3066 2195 3100 Grato

1883 3160 1887 3175 ⁸
2057 3166 2217 3215 arecon»
