2504 3425
237 152 344 205 602
561 128 2022 201 C.SuET.TRAN0,u11,1.1L112.V11.

246 240 354 286 raffe.
421 239 591 285 Horum
613 237 810 284 refiduam
845 234 1010 293 stirpem
1044 245 1095 273 ex
1127 224 1291 271 Sabinis
1323 218 1495 267 transisse
1529 221 1740 277 Romam,
1774 234 1897 284 atque
1931 223 2040 269 inter
2070 221 2263 284 patricios
2287 217 2346 264 al·-

249 303 395 350 lectam
458 303 608 347 indicia
630 301 761 360 stirpis
789 297 858 340 diu
885 291 1067 339 mansiffe
1090 325 1102 345 ,
1137 291 1246 334 viam
1269 284 1489 330 Vitelliam
1515 282 1565 327 ab
1587 283 1783 344 janiculo
1806 285 1856 330 ad
1884 302 1993 331 mare
2024 285 2154 348 usque
2182 302 2192 330 :
2238 285 2340 329 item

252 338 463 413 coloniga,
487 363 665 423 ejusdem
692 360 896 411 nominis,
932 352 1058 416 quam
1076 352 1224 415 gentili
1243 348 1362 409 copia
1382 344 1568 391 adversus
1589 347 1838 407 AEquiculos
1861 348 2069 394 tutandam
2087 348 2192 394 olim
2212 347 2345 408 depo-

254 429 488 491 posciffimt:
523 439 708 484 tempore
732 421 882 464 deinde
908 418 1122 464 Samnitici
1146 415 1245 460 belli
1268 408 1452 474 praefidio
1477 411 1521 453 in
1545 409 1746 470 Apuliam
1780 407 1898 453 miffo
1918 444 1930 463 ‚
1966 411 2164 472 quosdam
2189 427 2239 456 ex
2260 409 2345 455 Vi-

251 495 373 539 telliis
400 485 609 536 subsedisse
640 485 834 530 Nuceriae
862 501 872 527 ε
907 497 1137 541 corumque
1160 476 1408 541 progeniem
1429 474 1562 533 longo
1584 470 1674 533 post
1710 471 1927 516 intervallo
1957 474 2139 534 repetisse
2173 474 2345 528 urbem,

254 571 376 616 atque
409 550 599 595 ordinem
633 546 893 592 senatorium.
963 545 1148 597 Contra,
1185 542 1317 602 plures
1351 537 1562 581 auetorem
1597 535 1758 597 generis
1791 533 2034 580 libertinum
2067 536 2344 597 prodiderunt·
2369 545 2391 574 2

258 615 419 660 Cssffius
452 615 624 658 Severus
648 647 659 667 ‚
695 626 772 655 nec
809 611 948 654 minus
983 608 1098 660 aliiy>
1122 603 1304 659 eundem
1339 603 1381 644 &
1420 599 1596 644 sutorem
1633 599 2047 657 veteramentarium:
2093 603 2206 655 cujus
2237 599 2349 645 filius

252 675 504 726 sec‘iionibus
527 680 569 721 &
595 674 823 738 cognituris
847 672 1015 718 uberius
1036 666 1335 732 compendium
1360 664 1500 708 uastius
1513 697 1527 718 ,
1560 678 1609 708 ex
1633 661 1805 707 muliere
1827 662 1984 726 vulgari
1999 695 2014 718 ‚
2048 659 2251 706 Antiochi
2275 678 2350 706 cu-

582 810 952 845 Tonantes.

310 875 545 925 AEquiculos.]
577 873 725 913 Vitelliae
744 871 889 909 colonice
909 871 952 908 ab
972 868 1088 921 AEquis
1108 882 1281 919 expugna-

258 937 299 961 tae
320 927 480 963 meminit
503 926 619 962 Livius
631 924 689 962 lib.
704 937 739 961 v.
754 934 861 972 quam
881 921 1027 963 Vitellii,
1057 920 1142 956 asna
1153 919 1281 955 dictam

257 988 362 1023 gente
375 1004 386 1019 ,
411 976 556 1026 propriis
572 974 696 1025 opibus
713 972 896 1010 tutandam
916 982 1080 1020 ceperant
1098 999 1109 1013 ‚
1148 981 1184 1006 ut
1203 972 1282 1006 Sue-

259 1039 335 1062 ton.
369 1026 434 1063 hic.

317 1088 348 1112 ε.
371 1073 495 1123 Cassius
513 1072 695 1121 Severus.]
726 1076 781 1109 De
805 1072 871 1110 hoc
892 1072 979 1118 Aug.
993 1082 1068 1119 cap.
1088 1081 1168 1107 Lv1.

315 1125 517 1160 sectionibus
541 1122 593 1166 ξδ’
620 1120 831 1170 cognituris.]
882 1121 933 1155 Sic
955 1119 1109 1155 Turnebi
1127 1117 1283 1159 codices,

260 1177 297 1210 &
317 1174 429 1211 noster
447 1174 613 1221 optimus.
671 1171 736 1206 Alii
754 1169 938 1216 consuturis
955 1168 1071 1217 legunt
1087 1195 1099 1209 ,
1150 1165 1282 1209 credo,

260 1226 338 1273 quia
359 1224 476 1259 sutoris
495 1233 572 1257 ante
589 1220 680 1256 fasta
699 1220 845 1256 mentio.
905 1217 961 1254 Est
990 1229 1107 1254 autem
1140 1218 1282 1263 cognitor

264 1276 281 1319 (
294 1274 399 1321 inquit
418 1271 552 1317 Festus)
584 1273 643 1318 qui
659 1269 754 1315 litem
772 1267 913 1305 alterius
934 1268 1082 1315 suscipit.
1139 1268 1196 1302 De
1215 1278 1286 1314 quo

262 1323 354 1370 plura
373 1322 416 1358 ad
438 1324 562 1359 Horat.
575 1320 633 1356 lib.
652 1334 705 1356 Η.
721 1322 787 1356 Sat.
806 1332 840 1357 v.
869 1315 911 1364 fis
927 1319 1070 1365 cognitor
1088 1315 1162 1364 ipse.
1194 1316 1285 1352 Hinc

262 1372 459 1419 cognitura,
490 1383 554 1421 pro
573 1370 763 1419 cognitoris
777 1367 919 1419 quaestu.
946 1369 1084 1402 Seezores
1095 1378 1180 1404 vero
1192 1365 1286 1407 dieti,

261 1423 317 1471 qui
337 1422 521 1471 proscripta
539 1420 786 1456 damnatorum
815 1419 909 1454 bona
928 1416 1140 1453 coemebant
1157 1444 1168 1459 ,
1205 1428 1290 1464 prae-

263 1473 383 1509 i'ertim
427 1469 565 1507 confuse
599 1482 701 1520 atque
730 1468 958 1507 universaliter
976 1496 987 1510 ,
1030 1478 1065 1503 ut
1092 1466 1212 1517 postea
1237 1478 1290 1502 res

265 1521 413 1571 singulas
428 1520 613 1560 vendendo
638 1520 717 1556 inde
737 1519 871 1555 lucrum
890 1516 1054 1554 facerent.
1113 1516 1216 1554 Unde
1237 1515 1288 1564 fi-

263 1572 384 1607 cilones
398 1599 410 1615 ,
440 1569 584 1622 quaestus
605 1568 852 1607 acerbiffimus.
883 1567 1054 1614 Exempla
1066 1566 1187 1616 paffim
1197 1565 1288 1617 apud

266 1621 500 1664 Ciceronem,
529 1620 732 1663 Caesarem,
763 1621 947 1661 Tacitum,
977 1621 1014 1653 δε
1033 1616 1129 1654 alios.

321 1671 470 1707 Muliere
488 1670 669 1718 vulgari.]
711 1671 823 1706 Recte
847 1667 1004 1705 Turneb.
1041 1666 1218 1715 vulgarem
1243 1668 1294 1704 iu-

267 1732 497 1771 terpretatur,
525 1733 601 1770 quae
625 1720 673 1758 sui
693 1721 832 1770 copiam
856 1718 977 1761 faciat,
1006 1721 1043 1753 δε
1062 1730 1142 1754 cum
1164 1718 1292 1769 populo

268 1771 367 1808 alicui
382 1772 586 1808 communis
610 1769 661 1806 sit.
692 1769 797 1807 ovid.
810 1769 867 1805 lib.
892 1781 946 1805 iv.
978 1767 1105 1804 Pastor.
1137 1770 1294 1804 Numina

268 1820 424 1869 vulgares
451 1822 585 1857 Veneris
616 1819 775 1857 celebrate
799 1820 922 1868 puella.
970 1821 1108 1855 Sueton.
1155 1820 1293 1855 Domit.

271 1883 344 1919 cap.
365 1885 426 1907 xxt
439 1884 468 1908 ι.
489 1879 691 1919 nataretque
713 1870 802 1906 inter
820 1865 1068 1915 vttlguriffimas
1095 1871 1292 1905 meretrices.

269 1920 336 1956 Sed
355 1924 390 1956 δε
410 1919 547 1969 Ulpian.
570 1920 589 1956 l.
606 1933 711 1956 x111.
733 1922 789 1955 De
807 1918 998 1960 adulteriis,
1029 1929 1111 1954 cum
1129 1918 1174 1954 ait
1199 1932 1208 1954 ε
1233 1920 1295 1955 Sed

273 1967 326 2011 Εἴ
335 1972 373 2005 in
391 1981 431 2004 eu
448 1969 587 2006 muliere
599 1969 698 2015 potest
714 1969 860 2005 maritus
876 1966 1085 2003 adulterium
1105 1966 1295 2013 vindicare,

272 2032 339 2067 qua
358 2018 510 2066 vulgaris
519 2017 643 2063 fiterit.
671 2017 849 2066 vulgarem
865 2016 1037 2067 appellat,
1066 2029 1141 2068 qua:
1158 2016 1192 2054 se
1211 2018 1297 2056 olim

275 2067 493 2119 prostituerit.

412 2184 415 2188 ⁴
583 2138 614 2173 C
644 2149 665 2173 A
697 2149 713 2173 s
743 2149 766 2173 A
795 2149 819 2173 u
851 2148 871 2173 n
901 2149 925 2172 o
955 2148 993 2174 N.

331 2220 363 2243 2.
387 2202 588 2242 sectionibus
607 2204 659 2248 Εἴ
679 2204 893 2254 cognituris]
921 2205 972 2242 Sic
990 2204 1115 2254 optimi
1131 2205 1299 2249 koiioes,

275 2258 387 2306 itaque
401 2255 506 2292 edidit
523 2257 651 2304 primus
663 2284 674 2298 ‚
696 2257 841 2305 opinor,
876 2255 1036 2303 spec'tatae
1054 2253 1135 2290 fidei
1146 2257 1195 2292 vir
1205 2255 1299 2291 Rob.
1322 2242 1326 2285 l

275 2306 477 2355 Stephanus.
508 2305 656 2355 plerique
675 2317 794 2343 tamen
810 2304 914 2342 codd.
956 2303 1151 2351 consuturis.
1193 2306 1299 2342 etiam

278 2355 414 2394 Viterb.
433 2356 576 2403 suturis.
607 2354 700 2405 quod
719 2353 889 2392 testificari
907 2354 1010 2392 volui.

641 2425 933 2462 Vni-cion.

337 2506 368 2531 2.
397 2495 448 2526 Ex
465 2489 602 2528 muliere
622 2490 768 2540 vulgari.
784 2492 800 2538 J
833 2491 955 2528 Mulier
972 2489 1118 2541 vulgaris
1135 2491 1202 2534 est,
1222 2503 1298 2540 quae

288 2556 360 2580 non
376 2542 432 2577 uni
449 2541 523 2577 viro
542 2539 676 2577 addicta
695 2569 707 2584 ,
733 2540 790 2577 sed
813 2542 955 2592 pecunia
975 2553 1115 2591 accepta
1134 2555 1215 2577 cum
1227 2542 1297 2590 plu·

283 2594 372 2629 ribus
389 2592 495 2627 etiam
520 2589 738 2636 commiscuit
757 2620 768 2633 ,
802 2604 864 2626 nec
883 2603 1001 2627 tamen
1029 2590 1142 2640 palam
1162 2591 1194 2626 se
1222 2604 1300 2640 pro-

283 2644 394 2680 stituit.
451 2643 551 2678 Nam
580 2641 665 2677 inter
703 2641 762 2677 has
799 2640 981 2679 discrimen
1015 2640 1095 2676 fecit
1122 2641 1301 2678 Marcellus

283 2692 378 2738 [41.
416 2689 454 2728 ff.
490 2689 533 2726 de
554 2691 636 2729 Ritu
664 2702 757 2740 nupt,
807 2691 862 2728 Ait
884 2692 979 2726 enim
1007 2690 1056 2727 ibi
1081 2705 1091 2727 ε
1135 2691 1299 2726 Probrum

284 2743 388 2777 etiarn
408 2740 606 2787 intelligitur
628 2739 665 2774 in
684 2739 736 2776 his
754 2740 948 2776 mulieribus
969 2742 1045 2787 esse,
1075 2752 1140 2788 qux
1158 2743 1299 2787 turpiter

286 2793 445 2825 viverent
466 2818 476 2830 ,
518 2788 682 2837 vulgoque
701 2788 853 2838 questum
867 2790 1046 2834 facerent,
1080 2787 1136 2837 etst
1159 2802 1224 2826 non
1236 2798 1299 2837 pu-

284 2839 368 2874 lzm.
424 2840 522 2874 Nam
548 2837 734 2875 secundum
767 2840 951 2882 Servium,
982 2839 1189 2876 Priscianum
1207 2867 1217 2882 ,
1246 2839 1301 2876 Al-

287 2892 427 2924 cuinum
445 2898 573 2923 PALAM
602 2889 647 2922 ad
670 2901 778 2925 omnes
803 2890 957 2937 refertur.
1014 2894 1055 2926 Et
1082 2889 1158 2925 hinc
1180 2902 1298 2925 emen-

286 2937 418 2974 dandus
435 2937 520 2970 inter
538 2948 668 2971 veteres
698 2940 946 2986 grammaticos
972 2940 1102 2976 Auitm‘
1127 2940 1271 2976 incertus
1286 2967 1297 2981 ‚

288 2986 378 3038 apud
397 2997 502 3035 quem
527 2984 675 3023 lenitur:
719 2993 809 3022 Inter
843 3001 966 3025 PALAM
999 2988 1051 3031 ξς
1076 3000 1208 3025 couAM
1239 2989 1297 3023 hoc

288 3038 419 3083 interest
436 3063 448 3079 ,
482 3015 581 3082 queis
597 3046 719 3071 ratam
744 3035 920 3076 hominum
945 3039 1153 3088 praesmtium
1181 3047 1296 3081 notas,

2196 721 2351 781 jusdam

1331 792 1654 842 conaupersonam
1673 790 1852 842 defiderat.
1909 792 2117 844 Legendum
2129 792 2221 830 enim
2235 821 2246 837 ,
2264 795 2352 844 quod

1334 857 1457 880 PALAM
1478 857 1628 880 mansum
1641 844 1852 891 praeftntium
1879 854 1987 881 notat.
2045 848 2091 881 Et.
2115 845 2273 893 quamvis
2301 845 2353 882 his

1331 908 1405 932 non
1424 893 1614 942 acquiescat
1638 893 1773 931 Flavius
1805 897 1919 945 Caper
1938 922 1950 938 ,
1987 905 2084 930 notat
2117 905 2233 930 tamen
2253 922 2265 935 ,
2295 893 2353 930 hoe

1330 947 1436 981 etiam
1465 953 1590 979 veteres
1613 943 1774 990 variasse.
1832 948 1876 987 Et
1891 957 1971 983 vere
1990 943 2132 994 quidem
2147 971 2159 986 ‚
2184 942 2354 993 quoniam

1331 993 1424 1043 apud
1445 993 1600 1028 Plautum
1620 992 1666 1029 est
1687 1005 1696 1028 :
1734 993 1848 1039 Fecisti
1864 995 1960 1032 modo
1978 993 2067 1031 mihi
2083 1006 2124 1031 ex
2133 993 2283 1041 proclivo
2293 1001 2356 1041 pa-

1332 1044 1402 1079 lam
1420 1055 1503 1080 rem.
1563 1046 1698 1080 Verum
1718 1055 1791 1078 non
1808 1044 1852 1078 ita
1873 1044 1927 1080 hic
1947 1043 2127 1080 Marcellus
2145 1071 2155 1086 ,
2179 1044 2237 1094 qui
2257 1055 2354 1094 aper-

1333 1105 1364 1128 te
1389 1092 1558 1139 distinguit
1581 1094 1667 1128 inter
1688 1092 1870 1129 mulierem
1889 1122 1902 1137 ,
1945 1106 2020 1144 quae
2042 1093 2143 1140 vulgo
2162 1120 2174 1136 ‚
2212 1104 2356 1143 quaeque

1328 1142 1448 1189 palam
1467 1141 1638 1188 quaestum
1659 1141 1771 1179 faciat.
1832 1146 1873 1178 Et
1890 1144 2035 1192 apertius
2062 1144 2170 1179 etiam
2189 1144 2356 1192 Ulpianus

1334 1191 1354 1227 l.
1377 1205 1435 1235 43.
1460 1189 1537 1228 eod.
1566 1191 1613 1228 tit.
1644 1191 1703 1241 qui
1715 1190 1834 1238 palam
1855 1192 2022 1240 quaestum
2039 1191 2152 1229 facere
2178 1204 2258 1228 eam
2279 1202 2357 1240 pro-

1331 1240 1497 1283 nunciat,
1527 1253 1593 1289 qua
1611 1239 1670 1277 hoc
1678 1241 1797 1286 faciat
1806 1239 1879 1291 sine
1898 1241 2027 1278 delectu
2043 1269 2055 1285 ,
2084 1255 2214 1290 quoque
2227 1243 2354 1290 pudori

1333 1303 1398 1327 non
1411 1298 1552 1337 parcens
1561 1288 1638 1338 five
1656 1290 1694 1326 in
1715 1289 1892 1337 lupanario
1908 1290 1987 1340 five
2006 1294 2042 1329 in
2071 1300 2217 1338 caupona
2245 1295 2356 1329 vicem

1329 1340 1505 1388 prostituta
1515 1339 1669 1386 fitstinet.
1729 1342 1828 1376 Nam
1846 1353 1912 1389 qua
1929 1353 2005 1378 cum
2029 1354 2094 1377 uno
2111 1338 2164 1383 Εἴ
2184 1341 2290 1378 altero
2303 1351 2357 1389 pe-

1337 1390 1440 1426 cunia
1457 1396 1594 1436 accepta
1618 1389 1845 1437 commiscuit,
1865 1404 1943 1427 eam
1954 1404 2020 1427 non
2029 1391 2144 1426 videri
2147 1390 2267 1438 palam
2278 1405 2358 1440 que-

1328 1439 1421 1487 stum
1433 1440 1561 1485 facere.
1620 1441 1709 1475 Haec
1736 1440 1830 1476 enim
1862 1451 1903 1475 ea
1928 1439 1975 1476 est
1994 1468 2005 1482 ‚
2050 1452 2154 1490 quam
2173 1440 2359 1479 Marcellus

1336 1490 1418 1527 dixit
1438 1489 1537 1537 vulgo
1557 1488 1708 1537 questum
1720 1491 1860 1534 facere,
1888 1502 2064 1539 quamque
2082 1489 2258 1527 mulierem
2276 1490 2357 1527 vul·

1333 1553 1451 1589 gurem
1469 1538 1627 1589 apellavit
1646 1540 1838 1576 Suetonius.
1896 1543 1943 1576 Ut
1960 1538 2197 1577 accedendum
2216 1552 2288 1577 non
2299 1554 2358 1589 pu-

1341 1602 1415 1627 tem
1437 1588 1618 1626 Heroaldo
1636 1617 1647 1632 ‚
1684 1591 1741 1639 qui
1765 1589 2020 1627 Observatione
2041 1604 2094 1634 33.
2123 1590 2158 1625 in
2177 1589 2233 1626 illa
2253 1590 2273 1627 l.
2294 1605 2354 1636 4¹·

1338 1652 1463 1677 PALAM
1481 1643 1518 1676 ὅ(
1539 1651 1667 1677 VULGo
1688 1652 1753 1689 pro
1771 1639 1902 1677 eodem
1916 1641 2068 1691 accepit,
2087 1639 2214 1677 &hinc
2236 1652 2317 1678 eam
2334 1640 2359 1680 l.

1339 1706 1396 1736 4¹·
1417 1689 1676 1727 emendendam
1696 1689 1803 1728 duxit.
1860 1693 2037 1729 Gotsxus.

1404 1739 1603 1777 &trionibus
1620 1738 1673 1782 Εἴ
1684 1739 1899 1788 cognituris.]
1951 1740 2143 1789 Cognituris
2160 1742 2207 1778 est
2222 1740 2362 1780 delatio·

1341 1791 1443 1828 nibus
1460 1789 1502 1827 ad
1520 1789 1700 1833 aerarium,
1726 1789 1858 1828 fiscum.
1896 1790 1939 1827 de
1956 1791 2079 1841 quibus
2094 1794 2183 1830 Suet.
2202 1795 2312 1830 Dom.
2324 1806 2358 1837 9.

1343 1841 1483 1890 Fiscales
1508 1839 1698 1876 calumnias
1724 1852 1852 1889 magna
1874 1841 2161 1877 calumniantium
2183 1848 2285 1889 paenu
2310 1855 2362 1878 re-

1337 1890 1443 1939 preffit
1459 1906 1468 1925 .·
1489 1890 1733 1939 ferebaturque
1751 1903 1821 1926 vox
1838 1903 1905 1939 eJus
1918 1906 1928 1926 .·
1954 1889 2109 1938 Princeps
2126 1917 2138 1933 ‚
2164 1891 2222 1939 qui
2235 1890 2362 1927 delato-

1343 1955 1392 1977 res
1410 1954 1474 1976 non
1494 1938 1629 1988 castigat
1647 1967 1659 1983 ‚
1685 1939 1829 1977 invitat.
1867 1938 2016 1992 Capitol.
2046 1939 2089 1978 de
2114 1942 2265 1978 Marco:
2294 1945 2363 1977 De-

1344 1989 1525 2028 rationibus
1544 2018 1556 2033 ,
1581 1989 1699 2037 quibus
1716 1989 1818 2038 fifius
1836 2000 2013 2039 augeretur
2030 2017 2043 2033 ,
2062 1991 2222 2027 intentus.
2281 1993 2365 2028 Per·

1346 2041 1432 2091 saepe
1446 2041 1503 2091 qui
1518 2039 1781 2083 accusaverant,
1811 2041 1970 2090 permixti
1986 2050 2082 2076 erant
2099 2038 2362 2090 redemptorum

1343 2090 1557 2128 societatibus
1573 2108 1584 2132 3
1611 2101 1651 2126 ea
1669 2090 1756 2127 ratio
1773 2090 1842 2133 est,
1872 2103 1930 2127 cur
1947 2091 2134 2137 cogniturus
2152 2091 2360 2138 &sessiones

1346 2141 1400 2178 hic
1422 2140 1635 2186 conjunxerit
1650 2142 1791 2176 Sueton.
1821 2139 1913 2176 Hinc
1934 2139 2040 2176 etiam
2059 2139 2223 2183 Tacitus,
2251 2153 2361 2190 quem

1335 2191 1537 2239 fictionibus
1569 2189 1661 2236 apud
1693 2189 1847 2225 ararium
1865 2188 2038 2236 famosum
2064 2188 2169 2232 dicit,
2210 2189 2362 2228 eundem

1345 2240 1524 2277 obliterata
1541 2239 1649 2275 erarii
1666 2239 1805 2274 nomina
1830 2238 2003 2286 retraxisse
2030 2238 2085 2276 :ti-t.
2128 2236 2175 2275 fic
2194 2240 2288 2276 enim
2316 2241 2363 2277 le·

1345 2289 1511 2339 gendum.
1549 2287 1643 2337 quod
1672 2286 1804 2336 prorsus
1825 2288 1996 2336 cognitoris
2024 2287 2071 2325 est
2099 2286 2364 2338 significatione.

1343 2340 1500 2387 Cognitor
1512 2338 1646 2388 proprie
1655 2337 1722 2379 est,
1741 2339 1797 2387 qui
1812 2336 2024 2388 praesentisin
2033 2337 2117 2375 urbe
2142 2340 2190 2376 rei
2208 2352 2362 2378 conven-

1346 2401 1400 2431 tu,
1425 2388 1483 2425 ubi
1504 2387 1668 2432 judicium
1688 2388 1795 2436 agitur
1815 2415 1827 2430 ,
1858 2399 1970 2436 partes
1987 2387 2136 2439 suscipit,
2163 2392 2200 2426 &
2219 2389 2363 2440 quidem

1347 2439 1464 2489 sponte
1480 2437 1512 2474 se
1527 2436 1700 2480 offerens,
1728 2436 1900 2487 susceptor
1918 2437 2040 2475 alienae
2059 2438 2122 2476 litis
2139 2439 2360 2478 voluntarius.

1348 2490 1438 2525 Hinc
1459 2487 1651 2524 honestiore
1668 2487 1842 2525 vocabulo
1858 2488 2031 2536 cognitores
2042 2487 2142 2533 dicti,
2169 2489 2361 2533 delatores,

1347 2538 1646 2588 quadruplatores,
1673 2538 1729 2586 qui
1746 2534 1872 2574 caussas
1891 2539 1999 2574 aerarii
2015 2541 2052 2575 δε
2071 2536 2141 2576 fisci
2159 2567 2171 2583 ‚
2198 2551 2298 2589 atque
2316 2540 2361 2576 ita

1349 2588 1462 2637 populi
1492 2592 1529 2624 δε
1548 2588 1710 2636 Principis
1733 2586 1935 2637 susciperent
1964 2586 2083 2637 sponte
2109 2601 2150 2625 ae
2166 2600 2359 2634 tuerentur,

1347 2637 1439 2687 quali
1461 2636 1565 2675 essent
1588 2637 1705 2687 legum
1735 2636 1892 2673 custodes
1927 2638 2046 2674 :erano
2064 2638 2224 2687 augendo
2242 2638 2361 2677 inven-

1348 2701 1460 2725 tarum
1476 2714 1489 2731 ‚
1529 2689 1586 2736 qui
1625 2685 1790 2737 praesestis
1813 2686 2032 2733 subjiciebant
2057 2687 2228 2724 obnoxios
2266 2688 2358 2725 mul-

1349 2740 1409 2775 ‹stis
1427 2767 1439 2781 ,
1468 2749 1524 2774 aut
1544 2737 1717 2774 debitores
1739 2735 1795 2772 vel
1813 2748 1943 2776 veteres
1958 2763 1971 2778 ,
1998 2735 2054 2773 vel
2071 2735 2227 2774 latentes.
2263 2740 2357 2784 cujus

1348 2801 1461 2838 operae
1486 2789 1631 2838 pretium
1650 2797 1760 2836 partes
1787 2785 1829 2822 de
1856 2784 2123 2836 proscriptorum
2151 2786 2251 2824 bonis
2273 2801 2356 2826 con-

1346 2838 1580 2888 sequebantur.
1639 2839 1749 2885 Atque
1771 2835 1846 2871 huic
1871 2836 1966 2870 lucro
2008 2836 2087 2884 quia
2121 2836 2357 2886 adjungebant

1347 2902 1386 2924 ex
1403 2888 1464 2924 illis
1481 2887 1640 2938 plurimi,
1679 2887 1768 2921 ut&
1791 2884 1835 2919 ab
1861 2882 1953 2919 hasta
1969 2910 1982 2928 ‚
2026 2898 2131 2934 quam
2157 2899 2352 2934 erexerant,

1347 2949 1524 2980 emerent,
1543 2935 1622 2972 ideo
1644 2934 1789 2983 persaepe
1809 2932 1914 2969 iidem
1933 2934 2106 2982 cognitores
2125 2938 2180 2985 qui
2189 2938 2352 2985 sectores.-

1346 2988 1440 3036 quod
1460 2986 1608 3023 etlinun
1623 2983 1775 3020 facerent
1790 3009 1801 3024 ,
1846 2993 1966 3019 tamen
1987 2996 2082 3021 erant
2107 2989 2265 3035 cogniti,
2312 2992 2350 3024 δε

1345 3038 1423 3075 socii
1447 3032 1688 3087 participesque
1715 3031 1958 3074 manubiarum
1991 3037 2030 3072 ὃ(
2064 3035 2144 3074 lucri
2180 3051 2221 3075 ex
2246 3037 2356 3075 aliena

2222 3088 2359 3126 calami,
