2504 3425
573 177 1414 234 T13.CLAu131Us
1491 177 1877 235 CAESAR.
2173 198 2280 252 479

294 237 303 252 N

202 272 337 322 essedo
369 273 572 334 alveoque
605 271 797 335 adaptatis
818 307 831 329 ,
889 288 942 317 ne
976 269 1083 317 lusus
1117 267 1455 316 confunderetur.
1524 274 1685 317 Saevum
1731 276 1773 317 δε
1809 272 2115 335 sanguinarium
2150 289 2289 322 natura

121 318 315 384 34.fuiffe
339 373 352 393 ‚
400 337 562 399 magnis
595 335 863 398 minimisque
898 337 1082 398 apparuit
1114 333 1249 379 rebus.
1319 335 1556 380 Tormenta
1591 336 1890 396 quaestionum,
1938 337 2163 400 poenasque
2198 355 2290 398 par-

192 401 414 447 ricidarum
435 400 768 461 repraesentabat,
801 400 1080 462 exigebatque
1104 414 1255 443 coram.
1325 398 1440 443 Cum
1465 401 1509 442 ὃς
1533 397 1710 460 Γρεᾶειτε
1723 402 1883 463 antiqui
1899 404 2026 447 moris
2040 403 2288 464 supplicium

197 463 357 510 Tiburi
380 463 660 526 concupifl'et,
693 469 737 510 δε
758 465 947 526 deligatis
971 463 1020 507 ad
1041 465 1179 522 palum
1201 461 1336 505 noxiis
1361 460 1541 506 carnifex
1563 463 1737 519 deesset,
1783 466 1959 511 accitum
1989 465 2039 511 ab
2075 465 2176 511 urbe
2210 483 2287 511 ve-

194 526 352 590 speram
387 527 516 591 usque
549 529 703 588 operiri
738 527 1022 589 perseveravit.
1093 531 1377 586 Quocumque
1411 525 1656 587 gladiatorio
1691 545 1861 573 munere
1882 564 1895 585 ,
1954 531 2020 576 vel
2056 527 2129 574 suo
2150 565 2162 585 ,
2217 531 2285 575 vel

194 592 364 646 alieno,
399 596 524 638 etiam
559 589 669 637 forte
703 590 907 654 prolapsos
941 590 1117 651 jugulari
1149 587 1349 647 jubebat:
1386 590 1564 633 maxime
1587 592 1792 646 redarios,
1833 607 1878 637 ut
1911 594 2185 655 expirantium
2220 592 2285 639 fa-

197 657 281 700 cies
313 655 485 701 videret.
525 696 527 698 .
555 656 672 700 Cum
707 671 777 716 par
808 653 1018 715 quoddam
1053 654 1206 697 mutuis
1241 651 1392 695 iffibus
1426 651 1667 698 concidisset
1690 690 1699 708 ‚
1758 656 1948 701 cultellos
1982 656 2058 702 fibi
2093 657 2282 718 parvulos

194 736 246 766 ex
270 734 444 783 utroque
470 718 582 766 ferro
604 721 648 764 in
674 718 790 764 usum
812 717 902 764 fieri
926 717 1010 763 sine
1034 733 1150 762 mora
1171 712 1294 774 juffit.
1357 713 1563 760 Bestiariis
1586 718 1904 783 meridianisque
1929 721 2032 767 adeo
2053 720 2285 766 delectaba-

197 855 322 895 Gloffae
348 867 483 896 veteres
514 854 683 905 explicant
708 852 928 901 Gestationem
948 881 960 896 ,
998 851 1216 895 γυμνκτίαινε

196 907 350 957 itemque
365 906 566 952 Gestatorem
582 933 594 948 ,
621 905 806 949 γυμναςὴν.
864 902 1010 939 Prexiius
1029 903 1215 952 meliusque

199 957 334 994 eaedem
353 956 454 993 alibi:
482 953 620 1002 Αἷῶροι,
650 954 816 1000 Gestatio,
851 956 888 989 ὅ(
906 952 1135 1001 Αἷωρίζεται,
1152 959 1214 989 (αέ-

188 1007 315 1055 statur.
372 1007 465 1061 Quia
482 1016 600 1042 autem
620 1004 760 1047 crebra,
784 1005 859 1040 imo
876 1002 1002 1039 assidua
1022 1004 1095 1039 lxaec
1105 1003 1213 1052 gesta-

198 1058 268 1100 tio,
292 1070 380 1094 curae
398 1057 460 1093 fuit
479 1066 490 1099 ρ
531 1066 567 1092 ut
591 1054 685 1092 locus
704 1052 784 1091 esset
801 1055 835 1090 In
857 1053 940 1090 urbe
961 1065 1019 1089 aut
1044 1053 1128 1090 villis
1152 1053 1213 1089 du-

195 1106 294 1157 plex,
321 1118 455 1157 apertus
476 1109 515 1143 &
540 1106 658 1142 tectus.
715 1109 758 1141 Et
785 1114 911 1153 apertae
937 1103 1081 1153 quidem
1105 1103 1211 1153 gesta-

196 1159 307 1194 tiones
324 1157 507 1196 arboribus
527 1155 769 1192 claudebantur
786 1155 829 1191 ad
846 1154 949 1191 latera
975 1169 984 1191 ε
1013 1156 1112 1191 tetstae
1129 1168 1214 1192 vero

195 1207 402 1258 porticibus,
429 1220 535 1258 opere
554 1209 716 1259 &Nmanu
736 1204 845 1243 sactis.
903 1208 1096 1256 Utrumque
1106 1218 1215 1255 genus

194 1258 368 1302 Juvenalis
386 1258 495 1308 tetigit
515 1260 582 1295 Sat.
609 1269 663 1296 xv.

248 1309 347 1358 Qid
362 1309 465 1355 refert
481 1308 604 1357 igitur,
632 1308 770 1357 quantis
783 1306 939 1351 jumenta
946 1304 1074 1352 fatiget

248 1359 436 1397 Porticibus
445 1368 459 1396 ἒ
488 1367 623 1408 quanta
636 1369 809 1394 nemorum
825 1357 977 1392 veifietur
992 1356 1029 1391 in
1043 1352 1166 1390 umbra
1175 1363 1190 1391 ἕ

180 1410 307 1460 'Atque
330 1422 380 1446 eae
396 1409 544 1459 porticus
561 1436 573 1451 ,
595 1405 733 1445 fortasse
749 1410 787 1444 ὃ(
807 1405 983 1448 viridaria,
1013 1405 1214 1454 plerumque

194 1459 369 1503 rotundae,
399 1464 433 1497 ὅ(
451 1461 486 1495 in
503 1458 630 1495 orbem
645 1457 750 1494 ibant.
807 1455 986 1505 Inscriptio
1005 1455 1214 1493 marmoris:

195 1519 596 1546 GESTAT10.·C1RC1N1.
629 1517 844 1565 exrfigmu.
871 1517 904 1542 Α.
934 1516 1078 1541 maen.
1105 1516 1216 1540 APOL-

194 1570 312 1597 ums.
363 1571 426 1596 AD.
471 1569 647 1594 nuaram.
688 1566 861 1592 EANDEM.
908 1567 963 1592 m.
1013 1565 1212 1591 cmcutru.

195 1621 228 1646 Ρ.
258 1630 305 1648 00.
325 1620 387 1645 cc.
408 1621 516 1646 [xxvi
531 1621 557 1644 ι.
620 1609 692 1644 Has
711 1605 795 1642 tales
815 1605 954 1641 ditiores
971 1604 1127 1640 ‘etiamin
1144 1604 1213 1652 ipsa

195 1659 281 1696 urbe
307 1659 482 1696 habebant
498 1686 510 1700 ,
545 1658 674 1707 suisque
696 1655 876 1693 domibus.
922 1668 987 1692 nec
1017 1654 1212 1692 Martialem

195 1708 293 1747 aliter
311 1709 458 1746 exaudio
477 1707 587 1745 lib.x1
602 1722 629 1744 1.

306 1763 351 1794 Et
370 1759 479 1795 rusia
496 1756 575 1793 urbe
593 1756 655 1803 est,
684 1757 878 1805 vinitorque
898 1761 1089 1800 Romanus,

305 1814 467 1857 Intra-que
487 1807 590 1844 limen
614 1805 742 1854 clausus
756 1807 855 1854 essedo
874 1805 996 1854 cursus.

191 1862 355 1897 Lipsius.
385 1861 442 1894 De
461 1857 579 1906 triplici
602 1856 714 1893 modo
733 1856 907 1906 gestandi,
951 1870 991 1894 ex
1008 1856 1137 1894 eodem
1158 1858 1214 1894 Li-

193 1908 271 1961 pfio
290 1909 418 1947 dicetur
438 1908 482 1945 ad
505 1920 578 1958 cap.
591 1920 672 1944 xvi.
696 1907 816 1944 Vitell.

518 1991 884 2025 ToRuENT.

246 2067 301 2100 34.
321 2054 506 2104 PoenasZJue
522 2053 815 2103 parricidarum]
852 2054 986 2091 Austor
1011 2053 1058 2090 est
1082 2057 1213 2091 Seneca

187 2101 246 2141 lib.
266 2120 293 2143 1.
323 2106 367 2144 de
391 2107 607 2150 Clementia,
634 2105 816 2142 Claudium
833 2105 919 2140 intra
939 2105 1212 2154 quinquennium

187 2153 301 2203 plures
315 2156 447 2195 infuisse
467 2156 598 2201 culleo,
615 2168 722 2207 quam
740 2155 907 2193 omnibus
925 2166 1004 2191 ante
1021 2155 1147 2194 saeculis
1165 2159 1215 2194 in-

189 2202 251 2241 suti
270 2204 418 2245 fuerant.

234 2258 398 2312 ’Antiqui
414 2258 516 2295 moris
525 2256 765 2307 supplanta]
801 2257 887 2294 Ner.
900 2267 974 2307 cap.
995 2268 1097 2294 xL1x.
1138 2260 1214 2295 Do-

191 2316 266 2342 mit.
289 2319 431 2357 cap.x1.

247 2355 412 2404 Jugulari
426 2357 601 2406 jubebam]
645 2358 732 2395 Caes.
751 2370 825 2408 cap.
844 2371 969 2398 xxxv1.
1004 2362 1061 2396 De
1081 2357 1215 2396 Claudii

195 2417 278 2443 vero
301 2408 335 2444 in
354 2407 553 2456 spectaculis
570 2408 694 2446 saevitia
715 2409 823 2446 Dion.

246 2456 419 2502 Bestius-iis
436 2457 734 2507 meridianisque]
765 2459 939 2506 Bestiarios
958 2459 1133 2497 vocabant
1154 2474 1215 2498 eos

192 2506 248 2555 qui
267 2520 346 2544 cum
365 2506 476 2544 bestiis
495 2509 694 2558 pugnabant
710 2537 722 2550 ,
752 2507 824 2545 five
845 2509 964 2556 judicis
980 2511 1144 2548 sententia
1156 2511 1215 2548 be-

193 2558 260 2594 stiis
279 2557 510 2603 objicerentur
528 2586 540 2600 ,
568 2556 639 2595 ssve
657 2559 700 2595 ad
722 2558 756 2594 id
783 2559 944 2597 conducti
963 2588 975 2603 ,
1015 2573 1072 2598 aut
1089 2561 1215 2610 alioqui

194 2605 319 2645 conflii
336 2607 464 2646 viribus
477 2636 487 2650 ,
515 2611 552 2644 ὅ(
585 2609 597 2656 (
613 2620 648 2644 ut
668 2608 808 2659 Ulpiani
825 2620 898 2646 utar
917 2610 1056 2658 verbis)
1089 2612 1218 2648 virtutis

193 2658 406 2696 ostentandae
425 2657 522 2696 causa
542 2658 628 2695 ultro
647 2659 680 2695 in
699 2670 842 2694 arenam
861 2658 1126 2703 descenderent,
1148 2660 1217 2698 sive

196 2712 301 2748 etiarn
322 2709 408 2746 servi
427 2722 446 2745 a
468 2709 619 2745 dominis
640 2709 681 2745 ad
705 2708 827 2745 bestias
846 2708 1018 2747 darentur.
1076 2713 1156 2758 Qua
1182 2713 1217 2747 in

196 2774 234 2798 re
251 2773 371 2797 tamen
390 2759 641 2796 advertendum
656 2759 703 2796 est
715 2787 725 2801 ‚
747 2772 816 2795 non
828 2759 993 2796 omnibus
1015 2761 1124 2796 noxiis
1143 2774 1215 2810 per·

195 2810 335 2848 miffinn
352 2808 446 2847 fuisse
471 2821 504 2846 ut
522 2810 710 2860 pugnando
730 2808 761 2845 se
781 2808 1034 2852 defenderent,
1078 2810 1133 2846 sed
1154 2824 1216 2860 pro

197 2861 314 2898 delicti
346 2860 460 2898 modo
489 2874 580 2897 nunc
625 2860 666 2897 ad
700 2859 819 2896 ludum
848 2871 983 2896 tantum
1020 2860 1214 2898 bestiarium

198 2911 361 2949 damnari
374 2911 480 2947 solere
501 2939 512 2954 ,
542 2923 577 2947 ut
596 2912 643 2947 ibi
659 2922 894 2947 exercerentur
911 2939 922 2953 ,
954 2924 1043 2947 nunc
1066 2911 1154 2948 illico
1172 2912 1215 2948 ad

201 2961 323 3000 bestias
339 2961 432 3005 dari,
457 2961 558 3012 idque
576 2973 612 2998 ut
629 2962 686 3000 vel
704 2974 856 3011 pugnam
874 2962 1215 3005 committerent,vel

200 3013 324 3062 alligati
342 3011 444 3062 palis,
470 3012 641 3049 interdum
668 3014 772 3048 etiam
806 3011 915 3062 plures
949 3009 1050 3048 simul
1078 3013 1213 3056 innexi,

199 3063 246 3100 ab
267 3061 481 3100 atrociffimis
500 3062 610 3100 bestiis
627 3061 893 3113 discerperentur
912 3091 924 3105 ,
959 3073 1001 3098 ut
1015 3075 1058 3099 ex
1075 3062 1215 3112 Vopisci

201 3113 384 3152 Aureliano
412 3111 631 3152 manifestum
647 3113 703 3153 est.
761 3115 803 3153 Et
838 3113 910 3151 haec
935 3113 1113 3164 peculiaris
1141 3126 1215 3153 erat

2193 799 2282 841 tur,

1272 845 1326 882 Ch
1338 847 1542 884 >iiiianorum
1556 862 1658 898 poena
1670 878 1680 893 ,
1721 861 1800 888 tunc
1819 853 1991 892 mitiffima
2007 886 2016 900 ,
2046 872 2126 895 cum
2148 870 2284 896 tantum

1270 896 1311 931 ad
1337 910 1448 934 arena:
1467 900 1650 935 ministeria
1669 928 1681 942 ,
1727 900 1782 937 seu
1807 903 1851 938 ad
1877 904 2058 943 bestiarum
2079 922 2197 945 curam
2226 907 2284 943 da-

1269 948 1489 986 mnabantur.
1549 949 1657 997 Quod
1682 951 1785 987 etiam
1806 953 1849 988 de
1865 953 1968 991 servis
1987 957 2119 1000 addidi,
2150 960 2181 995 id
2200 969 2280 994 ante

1265 995 1382 1047 legem
1401 999 1621 1043 Petroniam,
1640 1003 1676 1037 ὅ(
1696 999 1977 1041 senatusconsulta
1993 1007 2034 1042 ad
2046 1009 2194 1045 eandem
2206 1021 2282 1044 rem

1267 1045 1451 1097 spectantia
1464 1050 1621 1087 obtinuit.
1656 1050 1705 1087 his
1730 1052 1823 1089 euim
1848 1055 2050 1095 vetabantur
2067 1058 2199 1095 domini
2220 1058 2282 1094 ser-

1269 1110 1333 1136 vos
1359 1112 1422 1149 pro
1453 1100 1593 1138 arbitrio
1617 1100 1660 1138 ad
1690 1100 1813 1139 bestIas
1848 1105 1991 1143 tradere.
2050 1108 2169 1145 Oblati
2196 1121 2282 1146 vero

1265 1159 1345 1185 ante
1369 1150 1537 1197 judicem,
1565 1150 1590 1187 fi
1612 1151 1694 1196 justa
1713 1163 1784 1190 erat
1801 1153 1934 1193 domini
1952 1158 2111 1208 querela,
2134 1158 2283 1196 tuncde-

1267 1212 1366 1236 mum
1385 1214 1497 1250 poenae
1516 1203 1661 1238 nomine
1682 1203 1923 1249 tradebantur,
1959 1220 1993 1243 ut
2010 1209 2186 1259 eleganter
2205 1213 2286 1246 Mo-

1267 1248 1385 1287 destin.
1404 1253 1467 1294 JC.
1491 1252 1511 1288 l.
1529 1266 1585 1289 xi.
1615 1253 1657 1288 de
1685 1254 1829 1292 Sicariis.
1886 1259 1927 1294 Et
1954 1257 2093 1296 insione
2118 1259 2283 1297 Androcli

1268 1299 1351 1336 illius
1370 1302 1570 1352 exemplum
1588 1303 1693 1339 exstat
1714 1304 1802 1353 apud
1813 1305 1962 1344 Gellium
1983 1293 2040 1347 1115.
2056 1323 2088 1347 v.
2112 1323 2186 1361 cap.
2199 1324 2280 1351 xiv.

1268 1351 1452 1399 Qtosdam
1470 1354 1576 1389 etiam
1595 1366 1740 1402 operam
1751 1354 1969 1395 suamlocare
1986 1359 2071 1395 adid
2084 1359 2190 1397 solere
2201 1374 2283 1399 cum

1269 1413 1310 1436 ex
1330 1401 1401 1438 aliis
1424 1404 1619 1440 audi-oribus
1641 1403 1801 1442 discimus
1819 1434 1828 1448 ‚
1862 1419 1937 1444 tum
1962 1422 2003 1445 ex
2031 1410 2181 1461 Ulpiano
2205 1411 2226 1448 l.
2254 1426 2281 1449 1.

1269 1449 1312 1486 de
1329 1452 1559 1497 Postulando,
1586 1457 1623 1491 δε
1642 1454 1662 1492 l.
1682 1469 1708 1491 1.
1741 1454 1784 1491 ad
1803 1459 1834 1493 S.
1851 1459 1893 1495 C.
1914 1459 2176 1499 Tertullianum.
2237 1463 2284 1498 Hi

1269 1513 1355 1550 ergo
1372 1515 1498 1539 omnes
1518 1504 1664 1551 bestiarii
1691 1505 1947 1554 appellabantur
1969 1524 2082 1554 ‚snon
2104 1512 2172 1549 alio
2197 1511 2283 1549 inter

1268 1550 1357 1598 ipsos
1374 1564 1414 1588 ac
1430 1551 1636 1600 gladiatores
1652 1553 1845 1592 discrimine
1857 1586 1868 1600 ‚
1903 1559 2010 1608 qua‘m
2030 1562 2125 1611 quod
2147 1563 2181 1599 hi
2198 1563 2285 1599 inter

1269 1600 1362 1644 sese,
1392 1601 1436 1638 illi
1460 1616 1541 1639 cum
1560 1603 1672 1641 bestiis
1692 1605 1923 1646 decertabant.
1986 1611 2060 1650 Cic.
2082 1625 2147 1660 pro
2173 1615 2211 1649 P.
2229 1616 2287 1649 Se-

1268 1651 1355 1688 stio:
1386 1653 1552 1689 Praetura
1566 1654 1750 1700 AEdilitas,
1780 1669 1866 1693 unus
1882 1659 1951 1703 leo,
1977 1661 2114 1698 ducenti
2124 1662 2285 1709 bestiaris.

1269 1706 1305 1758 ξ(
1324 1702 1367 1738 ad
1384 1705 1437 1750 Q
1451 1702 1593 1741 fratrem
1608 1704 1666 1741 lib.
1683 1720 1693 1742 1
1709 1720 1735 1742 1.
1795 1707 1970 1754 Bestiarios
1986 1722 2135 1755 emerat,
2150 1712 2285 1761 necfine

1268 1754 1309 1787 tis
1327 1754 1473 1789 armatis
1490 1767 1643 1804 unquam
1661 1755 1697 1790 in
1709 1756 1839 1803 publico
1849 1759 1982 1804 ficerat.
2041 1764 2083 1799 In
2102 1763 2284 1801 Vatinium

1269 1815 1429 1853 quoque,
1455 1804 1618 1841 Milonem
1643 1805 1737 1841 dicas
1755 1806 1918 1854 bestiarizs
1933 1838 1945 1854 ,
1966 1807 2018 1853 Εἴ
2035 1811 2284 1860 gladiatoribus

1269 1853 1416 1902 oosediſje
1432 1863 1532 1902 remp.
1561 1856 1613 1892 Sic
1631 1854 1730 1892 ludus
1754 1856 1983 1902 bestiariorum
2001 1861 2088 1910 apud
2102 1865 2286 1907 Senecam,

1271 1907 1330 1952 Ep.
1365 1918 1391 1943 1.
1427 1904 1485 1942 lib.
1523 1919 1555 1943 x.
1602 1916 1637 1942 ut
1664 1906 1763 1942 luius
1786 1906 2032 1955 gladiatorum.
2091 1913 2203 1949 Utitur
2243 1927 2288 1950 eo

1268 1954 1441 1992 vocabulo
1459 1956 1563 1991 etiam
1587 1956 1789 1994 Tei-tullian.
1831 1958 2017 2010 Apologet.
2077 1964 2188 2004 Graecj
2215 1965 2290 2002 vim

1269 2007 1341 2048 eius
1359 2007 1492 2054 optime
1510 2006 1727 2056 exprimunt,
1749 2020 1828 2044 cum
1840 2021 1926 2058 quos
1941 2024 2006 2047 nos
2014 2009 2199 2057 bestiarios,
2225 2014 2289 2063 ipsi

1267 2056 1489 2110 ,9,-ςριρμάχες
1526 2055 1695 2106 appellant
1764 2060 1874 2095 Porro
1910 2060 2005 2110 quod
2039 2061 2289 2113 sanguinarium

1266 2104 1359 2143 fuifle
1379 2105 1563 2143 Claudium
1574 2120 1618 2143 ex
1630 2119 1673 2143 eo
1687 2106 1829 2156 probat,
1839 2112 1934 2160 quod
1942 2111 2115 2158 bestiariis,
2126 2115 2288 2151 meridia-

1266 2155 1380 2205 nlfique
1395 2155 1609 2207 potiffimum
1620 2157 1852 2196 delectabatur
1861 2188 1874 2205 ,
1893 2160 1936 2198 ad
1945 2165 2190 2201 Romanorum
2204 2179 2289 2202 con-

1265 2205 1480 2244 suetudinem
1501 2205 1701 2245 referemus.
1740 2222 1821 2246 cum
1851 2212 1945 2248 enim
1973 2225 2118 2250 munera
2138 2215 2288 2252 edeban-

1268 2268 1320 2294 tur
1338 2285 1350 2300 ,
1396 2259 1569 2295 matutinis
1596 2257 1666 2294 fere
1695 2258 1786 2295 horis
1815 2259 1958 2298 bestiarii
1985 2263 2286 2310 producebantur,

1267 2308 1346 2344 inde
1365 2307 1569 2358 gladiatores
1595 2309 1859 2358 venationesque
1883 2312 1972 2349 circa
1999 2313 2183 2352 meridiem
2210 2315 2291 2352 ede-

1269 2357 1412 2403 bantur,
1441 2358 1558 2409 postea
1581 2372 1666 2397 vero
1686 2360 1883 2404 jucundiora
1905 2375 2049 2413 quaeque
2073 2363 2286 2414 spectacukt,

1269 2422 1305 2446 ut
1324 2410 1478 2461 populus*
1491 2422 1510 2446 a
1533 2409 1694 2459 fimguine
1720 2423 1929 2448 recrearetur
1944 2441 1954 2455 ,
1998 2426 2099 2465 atque
2116 2416 2197 2453 inde
2222 2418 2290 2454 laeti

1272 2473 1399 2498 omnes
1416 2460 1636 2497 discederent.
1674 2463 1729 2497 De
1745 2463 1920 2501 matutinis
1935 2463 2033 2515 igitur
2052 2467 2199 2506 Martial.
2229 2468 2286 2505 lib.

1271 2524 1304 2552 v.
1335 2512 1563 2562 Epigi·.txv1.

1386 2567 1460 2598 Dat
1480 2562 1611 2610 majora
1634 2574 1742 2597 novus
1760 2560 1872 2610 prelia
1888 2575 1989 2599 mune
2008 2565 2087 2604 dies.

1271 2609 1419 2660 loquitur
1436 2612 1530 2648 enim
1551 2611 1594 2649 de
1610 2610 1761 2649 ferarum
1784 2611 2050 2654 confectoribus.

1271 2674 1304 2698 x.
1327 2663 1444 2713 Epigr.
1457 2674 1535 2699 xxV.

1385 2720 1425 2747 m
1444 2712 1620 2748 matutina
1642 2721 1745 2761 nuper
1754 2712 1924 2762 speuatus
1943 2726 2050 2751 arena
2064 2744 2076 2759 ,
2102 2719 2173 2754 ἃς,

1273 2763 1309 2797 ὅ(
1326 2762 1445 2798 Xeniis
1463 2763 1670 2812 Epigr.xcv1

1385 2814 1652 2848 Matutinarum
1672 2825 1738 2849 non
1755 2811 1884 2850 ultima
1899 2816 2012 2864 preda
2022 2817 2184 2864 ferarum

1385 2866 1494 2899 Savus
1516 2868 1622 2910 Oryx.
1928 2905 1932 2908 .

1271 2914 1307 2949 ὃ(
1318 2915 1447 2950 Seneca
1457 2925 1496 2948 ea
1508 2925 1614 2962 quam
1627 2912 1728 2965 paulo
1738 2925 1817 2951 ante
1829 2912 2007 2954 citavimus
2017 2917 2260 2970 Epistola;Nup
2267 2935 2300 2957 er

1270 2963 1395 2999 inludo
1405 2963 1637 3011 bestiariorum
1648 2978 1732 3001 unus
1742 2978 1758 3000 e
1769 2967 1950 3003 Germani>-
1958 2995 1970 3011 ,
1983 2981 2057 3004 cum
2067 2970 2114 3004 ud
2123 2974 2299 3007 maturis-iu

1265 3012 1455 3059 spartacum
1461 3021 1667 3062 pararetur,
1688 3018 1757 3052 &c.
1777 3019 1935 3059 Etmox,
1963 3022 2054 3055 Cum
2071 3020 2301 3056 adveheretur

1271 3071 1375 3111 nuper
1392 3065 1481 3100 inter
1507 3064 1669 3112 custodias
1686 3065 1830 3114 quidam
1843 3067 1889 3105 ad
1908 3069 2123 3106 matutinum
2135 3074 2301 3119 specium-

1270 3113 1342 3152 lum
1360 3114 1484 3164 miffiaes.
1541 3114 1607 3155 Sed
1625 3119 1661 3154 ὃς
1683 3115 1740 3153 lib.
1759 3129 1809 3153 iv.
1836 3116 1879 3152 de
1902 3120 1979 3157 Ira:
2012 3125 2102 3158 Inter
2123 3131 2301 3158 mannes.»

1726 3169 1760 3204 O
1773 3180 1793 3205 o
1805 3179 1829 3205 o
1858 3181 1873 3212 3

2110 2615 2214 2655 Idem
2231 2617 2289 2655 lib,

2200 3182 2303 3206 anila*
