2504 3425
614 166 671 220 T
711 183 763 221 Η·
794 184 826 220 E
868 185 914 221 o·
945 187 995 221 D.

130 257 461 303 ciumad‘miffionis,
503 268 539 296 ut
556 270 649 296 nunc
671 258 877 303 Suetonius,
914 269 972 295 aut
991 255 1135 307 officium

123 306 352 357 admiffionum
367 320 402 346 ut
426 309 448 347 l.
470 322 523 346 11.
566 311 609 346 C.
635 308 678 345 de
710 308 869 358 Privileg.
907 321 978 346 eor.
1014 308 1074 359 qui
1100 307 1136 344 in

91 387 96 391 ,
118 358 216 396 sacro
233 357 335 408 palat.
365 359 462 397 milit.
493 370 549 396 aut
575 357 715 407 officium
743 357 1023 406 admiffi'onalium
1050 369 1086 395 ut
1112 357 1133 394 l.

1072 167 1727 230 MARc1L'1’us.

2136 194 2163 229 2

1248 262 1457 299 Cavendum
1497 261 1554 311 effe
1601 263 1753 301 Metium
1799 262 2090 313 Pompofianum.]
2150 194 2209 300 D9'e

1191 310 1448 362 Pompofiano‚
1477 316 1515 351 &
1531 312 1649 363 genesi
1668 316 1739 359 ejus
1764 315 1991 364 Imperatoria
2008 314 2055 351 est
2071 327 2210 365 quoque

1192 361 1385 400 Domitiani
1406 377 1434 399 c.
1457 376 1489 400 x.
1531 368 1569 401 &
1586 364 1712 401 Dionis
1732 364 1955 412 Vespafiano,
2014 364 2124 412 Quod
2149 376 2209 402 au-

117 407 177 447 ult.
206 411 248 445 C.
269 407 313 445 de
332 409 464 448 Divers.
496 408 593 446 offic.
623 412 666 446 In
684 407 806 445 officio
824 408 882 446 illo
897 407 1019 459 triplex
1030 421 1137 459 genus
1190 421 1264 448 tem
1288 412 1411 462 genefis
1447 412 1518 451 sive
1540 415 1700 462 genitura
1731 414 1778 451 est
1804 418 1851 452 D.
1883 414 2058 464 Augustini
2094 429 2123 452 c.
2156 429 2210 452 11.

121 457 429 497 admiffionalium.
491 461 626 496 Primus
655 460 818 496 omnium
854 462 889 495 δ(
918 458 1012 507 quasi
1047 459 1139 509 prin-
1189 460 1247 498 lib.
1266 475 1299 499 v.
1331 462 1374 500 de
1393 464 1494 501 Civit.
1523 465 1614 507 Dei,
1644 467 1685 501 C.
1710 466 1834 501 Tacito
1853 465 1900 501 est
1917 465 2001 501 hora
2023 465 2210 513 genitalis,

119 521 201 558 ceps
217 507 514 546 admiffionaIium
542 510 589 547 est
612 509 764 557 magister
781 507 1014 553 admiffionutn
1033 537 1044 552 ,
1079 508 1136 557 qui
1191 512 1314 548 Annali
1335 527 1392 552 vr.

117 558 412 596 admistionalibus
441 572 581 609 praeerat
606 560 735 596 ceteris.
802 558 978 603 Ejusmodi
1017 558 1136 595 Libur-

74 616 80 622 “
120 622 186 646 nus
201 638 214 652 ,
257 610 430 654 Iuvenalis
444 616 562 662 Satyra
585 624 637 649 1v.
664 609 721 646 ubi
740 607 862 645 Glossie
884 619 1017 646 veteres
1035 636 1046 651 ,
1083 610 1139 642 Li-

120 658 270 696 bornum
299 660 396 697 illum
426 660 710 709 admissionalibus
730 658 887 707 prafuiffi’
906 688 916 701 ‚
959 662 1031 695 &a
1084 658 1138 693 Sic

118 709 272 757 magister
298 710 532 758 admissionum
554 710 708 760 Vopisco
730 711 765 745 in
785 709 969 745 Aureliano
986 738 996 751 ,
1047 710 1138 743 Mar-

121 760 246 798 cellino
276 760 334 799 lib.
363 775 419 800 xv.
488 763 650 799 Proxima
690 760 766 796 huic
799 771 870 795 erat
896 760 1058 807 dignitate
1087 759 1133 800 is,

124 811 184 860 qui
218 813 392 859 proximus
426 811 656 861 aslmiffi'onum
691 810 894 852 dicebatur,
942 820 977 844 nt
1013 809 1132 843 Amm.

120 860 315 898 Marcellini
333 860 465 899 libanu
479 877 506 900 1.
568 861 682 898 Ceteri
699 858 827 896 deinde
848 857 1137 906 simpliciter-Ad-

124 912 177 947 mi
199 910 331 948 zonules.

124 960 432 1000 Adminionalibus
460 974 576 998 autem
613 960 732 1010 partita
757 958 851 995 fuere
880 957 1131 994 admistionum

126 1008 249 1047 offici-a
266 1041 277 1056 ‚
324 1011 394 1052 five
426 1023 461 1048 ut
489 1011 542 1046 alii
577 1011 648 1049 aliis
669 1011 704 1045 in
728 1007 839 1045 causis
855 1021 895 1045 ac
917 1009 1061 1057 negotiis
1094 1006 1137 1043 ad

126 1062 326 1112 Principem
366 1061 595 1098 admitterent.
661 1060 879 1109 Argumento
910 1059 958 1095 est
981 1087 992 1102 ,
1044 1057 1137 1108 quod

127 1111 224 1160 apud
250 1114 403 1149 Herenn.
453 1111 640 1149 Philonem
669 1109 757 1147 libro
792 1112 835 1147 de
868 1110 1060 1159 Legatione
1094 1108 1138 1145 ad

123 1163 255 1209 Caium
270 1189 287 1203 ,
320 1159 472 1197 Homilus
489 1161 691 1211 legationum
707 1161 748 1209 est
764 1159 1000 1208 admzffionulis
1019 1188 1031 1203 ‚
1069 1158 1140 1199 five

124 1210 187 1247 ἐπὶ
212 1212 280 1257 Ἰτ’ἇῖν
304 1209 500 1257 πρεσέειῶν.

81 1295 85 1298 .
125 1261 292 1299 Habuere
315 1274 433 1299 autem
474 1261 519 1299 ad
563 1261 761 1312 exemplum
795 1263 958 1312 Principis
978 1289 990 1305 ‚
1033 1262 1139 1298 etiam

128 1313 251 1362 privati
293 1326 452 1362 proceres
501 1313 633 1364 aliquos
666 1310 918 1349 admiffionales
943 1342 955 1356 ,
1000 1312 1141 1349 libertos

126 1362 206 1400 suos
223 1392 235 1407 ‚
274 1375 311 1399 ut
337 1367 380 1400 C.
407 1364 504 1400 Plinii
532 1378 561 1400 c.
587 1378 663 1400 111.
700 1363 757 1399 lib.
784 1376 909 1400 xx111.
958 1374 992 1399 ut
1019 1363 1141 1399 imitati

128 1426 269 1464 quoque
307 1408 441 1450 albatos
494 1416 566 1461 ejus
617 1413 791 1450 ministros
812 1442 823 1456 ,
870 1417 1011 1450 Sueton.
1065 1416 1142 1449 Do-

124 1465 258 1500 mitiani
284 1476 313 1500 c.
335 1477 427 1501 Χι]Γ
457 1468 502 1501 ὃς
527 1465 676 1501 cursores
701 1464 833 1501 albatos
849 1491 873 1506 ,1
912 1464 1050 1514 Vopisci
1073 1465 1142 1501 Au-

127 1515 272 1550 reliano.

128 1576 215 1601 nem
241 1564 351 1602 etiarn
377 1564 527 1614 permtfit
555 1565 655 1603 claris
690 1566 779 1603 viris
798 1595 819 1610 2-
857 1565 1069 1616 Capitolinus
1106 1566 1144 1602 in

128 1616 265 1653 Marco.

184 1667 295 1701 Abire
314 1666 529 1704 Morbouiam
546 1665 725 1715 Juffirat]
755 1668 899 1704 Dixerat
923 1666 1012 1704 forte
1039 1667 1145 1705 Phoe-

127 1712 192 1751 bus
217 1714 272 1751 ille
287 1718 483 1753 Graec-amice
499 1745 511 1761 ,
536 1717 621 1765 'Efip''
650 1718 694 1757 εἷς
716 1718 903 1765 Μακαρίαν
923 1746 934 1760 ,
971 1724 1088 1766 Apage
1112 1729 1144 1754 te

126 1765 166 1801 in
184 1768 393 1804 Macrinam.
451 1771 508 1803 De
537 1780 604 1816 qua
635 1766 786 1807 formula
818 1769 981 1819 interpres
1015 1768 1142 1814 Aristo-

130 1813 253 1864 phanis
272 1816 306 1852 in
324 1817 470 1866 Equites.
538 1819 604 1865 Vis
629 1818 753 1855 eadem
773 1833 848 1869 qua:
870 1820 955 1856 illius
982 1819 1143 1855 Plautinae

126 1866 164 1901 in
197 1868 323 1903 Patruo
346 1881 356 1903 ι
380 1871 472 1914 Cape
490 1866 599 1913 restim
615 1880 655 1904 ac
664 1869 822 1917 suspende
838 1880 891 1906 te:
918 1882 975 1906 aut
1003 1870 1089 1906 illius
1109 1870 1144 1905 in

128 1915 337 1954 testamento
363 1919 508 1955 Grunnii
537 1917 712 1956 Porcelli:
753 1920 841 1968 Liget
866 1918 927 1968 fibi
957 1923 1074 1957 collum
1100 1921 1141 1955 de

129 1966 219 2013 reste.
416 2008 419 2010 ,

126 2018 344 2056 Morboniam
368 2020 513 2057 retinere
537 2018 666 2058 volenti
684 2048 696 2063 ,
737 2020 934 2070 accipienda
960 2020 1144 2071 Anticyra,

129 2081 207 2117 quae
246 2081 325 2107 tunc
369 2069 458 2108 forte
504 2069 593 2106 dicti
631 2069 811 2106 Morbonia
827 2100 838 2115 ‚
887 2072 981 2120 quod
1009 2084 1144 2110 veratro

129 2130 270 2168 egentes
303 2133 343 2157 ac
362 2118 521 2159 morbofi
550 2133 595 2157 eo
623 2122 834 2172 navigarent.
891 2119 998 2169 Qiasi
1027 2121 1146 2159 dixerit

130 2169 285 2224 Phoebus
309 2170 364 2207 ille
399 2169 613 2222 Vespasiano
639 2200 652 2216 ,
697 2184 731 2209 ut
768 2171 826 2208 ille
847 2171 955 2210 Plauti
984 2173 1145 2210 Menech·

131 2229 221 2255 mis:

243 2289 299 2298 -—-
326 2276 405 2307 Non
427 2281 466 2308 tu
484 2271 575 2314 abis,
603 2286 665 2321 qu)
691 2273 811 2322 dignus
831 2287 883 2310 es:

245 2323 322 2354 Aut
339 2331 370 2356 te
381 2323 472 2369 piari
484 2323 600 2369 jubes,
625 2323 721 2359 homo
739 2323 962 2372 infiznzffitrte?

129 2366 293 2406 Insanum
310 2369 463 2407 Phoebus
483 2371 537 2407 ille
554 2372 806 2421 Vespasianum
828 2374 935 2411 videri
952 2376 1021 2413 vnlt
1040 2404 1051 2418 2
1082 2377 1138 2425 qui

130 2431 203 2455 non
231 2422 470 2468 temperaverit
497 2420 560 2458 fibi
587 2433 607 2456 a
631 2422 756 2460 somno
782 2428 828 2460 &⁷
851 2424 987 2463 disceffu
1005 2455 1016 2469 ,
1063 2440 1142 2463 cum

129 2480 280 2505 cantaret
299 2472 408 2507 Nero.
466 2474 552 2507 Non
579 2471 775 2510 diffirniliter
806 2475 974 2512 Plutarch.
1002 2477 1060 2514 lib.
1098 2477 1141 2512 de

127 2520 375 2556 communibus
397 2522 520 2557 notitiis
534 2521 614 2557 dixit
638 2536 660 2557 :⁷
685 2523 752 2563 Ἐις
774 2522 828 2564 τήν
849 2527 912 2560 τῶν
939 2525 1046 2560 ἑώλων
1077 2528 1138 2562 καὶ

127 2568 277 2616 ψυχρῶν
309 2571 436 2617 ἀγορὰν
473 2572 638 2619 παρεῖναι.
705 2578 744 2606 In
764 2574 883 2618 fhrum
912 2575 1075 2610 inanium
1102 2589 1141 2610 ac

118 2620 353 2667 frigidorum,
382 2621 416 2656 id
431 2621 500 2664 est,
530 2621 687 2660 manium
704 2621 869 2670 ablegare.
896 2624 962 2660 Sed
974 2624 1138 2662 Hadrian.

127 2669 311 2707 Turnebus
329 2671 461 2715 censet,
476 2671 703 2708 Morbouiam
715 2670 778 2709 esse
797 2673 913 2724 oppidi
925 2674 1061 2720 alicujus
1079 2688 1142 2712 no-

123 2732 210 2757 men
228 2733 520 2773 §Olllnlesstltlllsno

181 2776 330 2808 Tantum
356 2773 495 2818 abfuit,
531 2783 571 2809 ut
606 2773 815 2810 monentibus
848 2775 990 2812 amicis,
1042 2774 1137 2822 &c.]

129 2821 255 2858 Melius
272 2850 283 2864 ,
313 2833 451 2859 tantum
476 2823 588 2869 abfuit
615 2839 625 2858 .·
662 2826 871 2862 monentibus
894 2825 1011 2860 amicis
1030 2828 1135 2867 ‚.&c.

126 2871 322 2917 StilusCaji
342 2874 466 2921 gaudet
485 2873 627 2911 scribere
645 2873 807 2912 διάλυτιι.
865 2876 917 2911 Sic
933 2873 1018 2911 infra
1035 2875 1140 2923 vulgo

126 2921 205 2965 est,
240 2923 369 2971 insuper
391 2929 463 2961 cos.
487 2926 637 2968 fecerit:
666 2925 854 2972 spondens,
891 2929 960 2962 ἃς.
1017 2926 1141 2962 Melius

124 2970 198 3015 alii,
225 2972 353 3020 infitper
371 2974 530 3022 consulem
547 2976 626 3018 fecit
637 2976 796 3023 spondens
810 3003 822 3019 ,
846 2980 914 3012 &a
973 2978 1059 3012 Non
1077 2976 1141 3011 ob-

125 3019 252 3060 servata
277 3022 454 3064 familiaris
473 3027 638 3065 Suetonio
656 3024 812 3068 διάλυσις
829 3055 842 3073 ,
881 3027 963 3066 locis
989 3026 1139 3077 plurimis

129 3068 238 3121 fraudi
257 3071 328 3114 fuit.

349 1517 484 1552 Marcus
538 1515 680 1565 quidem
732 1515 930 1561 huiusmodi
983 1516 1146 1551 imitatio-

1450 514 1526 550 Alia
1553 514 1600 550 est
1627 513 1711 550 horu
1732 514 2006 563 conceptionalis,
2037 513 2109 554 sive
2127 515 2210 552 alius

1191 560 1377 611 horoscopus
1423 563 1667 612 conceptionalis
1682 594 1694 608 ,
1739 567 1785 602 D.
1817 565 1992 615 Augustini
2020 563 2079 603 lib.
2126 564 2204 604 eod.

1192 623 1219 646 c.
1233 624 1276 650 v..

1549 734 1704 772 CAP.
1764 739 1855 775 XV.

1246 835 1326 884 Nisi
1353 839 1485 887 absente
1514 855 1547 877 eo
1580 841 1633 884 ξς
1670 843 1826 889 ignara]
1874 847 2009 880 Interea
2032 842 2117 879 dum
2137 841 2206 893 ipse

1192 884 1287 921 abest
1308 888 1341 923 in
1361 892 1453 939 Syria
1472 919 1483 932 ‚
1518 895 1555 928 δε
1585 895 1712 928 Romae
1732 896 1906 929 Ducianus
1940 892 2033 941 quasi
2059 906 2210 941 regnum

1191 934 1346 980 obtinet,
1372 940 1476 977 inscio
1495 941 1732 991 Vespasiano,
1760 942 1927 978 interfecti
1950 946 1991 980 C.
2007 943 2211 992 Calpurnius

1190 985 1267 1022 Piso
1283 988 1501 1034 Galerianus,
1527 994 1570 1029 L.
1588 991 1663 1028 Piso
1684 995 1721 1027 &
1736 992 1790 1029 alii
1808 1005 1975 1042 proceres.
2030 995 2156 1029 Narrat
2166 995 2206 1028 C.

1192 1036 1336 1074 Tacitus
1354 1040 1533 1079 Historiar.
1554 1041 1611 1078 lib.
1632 1056 1682 1080 tv.

1248 1090 1414 1126 Omnibus
1436 1092 1551 1127 edistis
1560 1091 1633 1140 sine
1655 1092 1813 1142 honore.]
1841 1092 1923 1131 Solti
1940 1105 2067 1142 nempe
2083 1094 2210 1128 Praeto-

1193 1148 1246 1172 res
1276 1136 1399 1189 aliique
1426 1139 1642 1189 magistratus
1668 1142 1773 1178 ordiri
1799 1143 1842 1180 ab
1871 1140 2065 1180 honorifica
2090 1141 2210 1193 praefa-

1192 1186 1287 1224 tione
1319 1192 1543 1242 Imperatoris
1563 1220 1575 1235 ,
1624 1187 1694 1229 five
1721 1196 1980 1243 Imperatorem
2002 1193 2098 1230 initio
2126 1203 2212 1243 prce-

1191 1234 1265 1277 fari.-

1248 1291 1367 1336 Qum
1411 1290 1683 1329 altercationibus
1735 1292 2023 1343 infhlentiffirnis.]
2081 1293 2212 1342 Tangit

1191 1338 1290 1376 hasce
1316 1341 1553 1382 altercationes
1590 1344 1751 1381 Arrianus
1775 1345 1919 1394 Epicteti
1954 1357 1983 1381 c.
2011 1357 2064 1380 ιι.
2095 1343 2155 1381 lib.
2179 1357 2208 1380 1.

1193 1390 1401 1435 Altercutio,
1428 1393 1638 1440 ἁψιμαχίαι.
1699 1393 1834 1432 Glossae.

1252 1445 1342 1478 Paene
1358 1444 1394 1479 in
1412 1446 1562 1481 ordinem
1581 1444 1771 1493 reduetus]
1804 1444 1913 1494 Quasi
1945 1443 2116 1494 abrogato
2145 1442 2213 1481 im-

1195 1492 1303 1540 perio.
1362 1497 1404 1531 ln
1434 1495 1593 1532 ordinem
1637 1497 1796 1545 cogitur,
1837 1497 1889 1533 cui
1913 1495 2128 1545 magistratus
2152 1494 2213 1532 ab·

1194 1554 1356 1591 rogatur,
1389 1560 1422 1582 nt
1441 1549 1483 1583 C.
1503 1546 1599 1582 Plinii
1616 1548 1711 1595 epist.
1730 1561 1792 1583 χκι
1806 1560 1817 1582 1
1830 1561 1859 1583 1.
1892 1546 1950 1583 lib.
1969 1560 2014 1586 1..
2034 1544 2129 1595 epist.
2150 1558 2210 1583 vt.

1195 1592 1252 1629 lib.
1271 1607 1322 1630 11.
1381 1596 1595 1645 Magistratus
1622 1609 1713 1633 extra
1748 1596 1908 1634 ordinem
1943 1599 1992 1632 est
2011 1625 2023 1639 ,
2057 1594 2130 1635 five
2157 1608 2213 1633 ex·

1195 1643 1294 1680 cellit.
1362 1650 1464 1683 Extra
1490 1647 1650 1684 ordinem
1679 1647 1725 1684 est
1747 1676 1758 1691 ‚
1807 1647 1954 1690 scilicet,
1984 1648 2210 1696 privatorum.

1196 1694 1301 1730 Aliter
1329 1697 1539 1741 Priscianus,
1576 1712 1689 1748 neque
1722 1699 1778 1735 ’sat
1804 1700 1898 1736 reste
1940 1709 2112 1738 c.xv111.
2149 1695 2210 1734 lib.

1195 1758 1325 1781 xv111.

1251 1802 1350 1832 Hunc
1371 1812 1497 1848 quoque
1516 1801 1676 1848 quumvis
1703 1800 1886 1849 relegatum
1902 1798 2038 1847 prius]
2079 1798 2212 1846 Relega-

1197 1856 1270 1889 tm,
1304 1860 1366 1895 pro
1381 1849 1572 1897 deportato.
1630 1854 1824 1901 Deportare
1845 1849 1892 1886 est
1918 1849 2070 1898 relegare
2100 1850 2136 1885 in
2161 1850 2215 1885 in-

1198 1895 1318 1934 sulam.
1377 1900 1427 1936 Sic
1445 1901 1678 1949 relegationem
1697 1915 1758 1952 pro
1781 1900 2018 1949 deportatione
2044 1898 2130 1936 dixit
2153 1898 2212 1935 Ul-

1196 1949 1317 1996 pianus
1337 1948 1424 1988 Lxx.
1456 1951 1500 1987 de
1519 1951 1673 1988 Testam.
1731 1951 1937 1987 Callistratus
1958 1949 1979 1986 l.
2001 1963 2128 1988 xxv11.
2167 1949 2211 1986 de

1198 2000 1320 2046 poenis.
1368 2005 1405 2037 &
1433 2002 1615 2050 relegatum
1655 2014 1718 2050 pro
1752 2001 1934 2050 deportato
1968 2000 1990 2039 l.
2012 2012 2118 2038 xvix.
2164 2002 2223 2036 Cf

1198 2047 1376 2093 Theodos,
1406 2053 1485 2090 eod.
1515 2050 1638 2089 Gloffae
1666 2066 1692 2088 z»
1715 2051 1851 2100 Ἐξορίοι
1864 2052 1893 2087 ἐν
1915 2049 2020 2096 νήσῳ,
2050 2055 2212 2098 Deporta-

1198 2098 1243 2133 ²1⁴0
1264 2127 1276 2142 ›
1316 2100 1350 2137 id
1369 2102 1448 2146 est.‚
1486 2102 1638 2151 exsilium
1676 2103 1785 2150 insulae
1802 2131 1814 2146 ‚
1842 2114 1877 2138 ut
1901 2103 2055 2150 relegatio
2081 2099 2225 2147 infitlae‚.

1200 2149 1305 2185 Paulli
1321 2154 1472 2191 Sentent.
1496 2154 1543 2190 tit.
1554 2166 1586 2192 v.
1606 2152 1664 2191 lib.
1677 2167 1710 2191 v.

1253 2201 1386 2238 Deinde
1403 2202 1454 2246 Εἴ
1476 2203 1619 2252 interfici
1628 2204 1762 2251 jussum.
1782 2204 1796 2250 ]
1830 2204 2110 2241 perseverantem
2129 2201 2211 2237 scili-

1199 2261 1250 2287 cet
1268 2252 1302 2287 in
1323 2255 1552 2292 contumacia.
1608 2254 1784 2300 Ejusmodi
1803 2253 2022 2289 contumacia
2049 2252 2209 2300 Agrippae

1197 2302 1330 2351 nepotis
1349 2305 1384 2340 in
1405 2304 1615 2354 Augustum‚
1642 2304 1792 2341 Suetonii
1812 2317 1842 2340 c.
1855 2315 1932 2342 [κν.
1957 2302 2154 2351 Agrippina:
2174 2303 2225 2338 in-

1197 2353 1378 2390 Tiberium
1399 2369 1427 2391 c.
1441 2368 1479 2391 ιι
1494 2370 1503 2390 1
1518 2369 1544 2392 ι,

1194 2404 1292 2440 Ritus
1313 2398 1431 2441 autem
1451 2406 1504 2442 ille
1523 2404 1678 2441 mittendi
1705 2402 1913 2455 percussores
1944 2401 1987 2438 ad
2013 2401 2208 2451 deportato·
2264 2402 2272 2413 '

1192 2466 1269 2490 rum
1294 2455 1427 2491 caedem
1444 2456 1490 2492 est
1513 2457 1664 2492 Suetonii
1703 2458 1793 2498 Caio
1812 2468 1839 2489 c.
1859 2467 2013 2491 xxv111.
2054 2454 2225 2488 Neronis·

1192 2516 1220 2538 c.
1240 2517 1338 2541 xxxv.
1365 2507 1490 2543 Dionis
1507 2507 1712 2542 Domitiano
1728 2533 1740 2548 ,
1785 2505 1935 2541 Philonis
1956 2502 2121 2539 Herennii
2150 2505 2211 2538 In-

1192 2555 1327 2591 vectiva
1347 2556 1381 2590 in
1410 2556 1576 2591 Flaccum.

1249 2602 1324 2650 Ntfi
1338 2604 1555 2652 jutnlpert'isse
1568 2603 1658 2651 falso
1677 2604 1877 2640 nunciatum
1904 2601 2017 2648 effen]
2046 2601 2127 2637 Arte
2152 2614 2210 2640 au-

1192 2652 1254 2687 lica
1268 2680 1278 2694 ‚
1310 2653 1398 2701 quali
1421 2656 1626 2703 opprimitur
1653 2656 1760 2690 etiam
1779 2651 1965 2690 Messhlliua
1988 2680 2000 2694 ‚
2037 2654 2079 2688 C.
2097 2655 2224 2690 Τικίῑίι

1196 2701 1320 2738 Annali
1341 2717 1396 2740 xi.
1426 2706 1490 2740 Alii
1511 2705 1600 2754 apud
1616 2705 1712 2741 alios.

1246 2752 1355 2797 Juslis
1366 2754 1533 2802 fitppliciis
1550 2755 1799 2790 mlicrumavit
1818 2753 1923 2788 etiam
1941 2751 1992 2795 Εἴ
2004 2752 2204 2800 ingernm't‚.]

1193 2801 1339 2851 Elegans
1364 2803 1407 2839 de
1423 2804 1476 2840 tali
1496 2804 1633 2841 adfectu
1658 2806 1785 2842 Biantis
1811 2801 2002 2841 Prienenfis
2025 2816 2093 2842 vox
2120 2803 2227 2852 apud-

1194 2855 1371 2890 Stobaeum
1392 2857 1500 2891 Serm.
1522 2866 1629 2894 cmv.

1528 2969 1560 3003 C
1589 2966 1620 3004 A
1645 2969 1685 3004 P.
1740 2967 1859 3005 XVI.

1247 3078 1324 3117 Solu
1345 3077 1406 3128 est,
1433 3081 1469 3114 in
1485 3091 1553 3127 qua
1567 3079 1697 3117 ⁴merito
1717 3077 1906 3129 culpam]
1937 3077 2001 3117 Sed
2017 3080 2088 3118 Dio
2107 3090 2203 3115 ertu.-

1407 3128 1605 3170 Dddddd
1632 3144 1648 3174 3
2132 3126 2223 3169 ΓΜ,-
