2504 3425
496 126 1924 197 νΝΕι-«ο(ΤιΑυῡιυε,(ΣνεεΑιι.
2150 151 2253 208 531

153 219 284 285 uffiue
317 218 420 264 adeo
455 217 688 280 prostituit,
724 232 768 265 ut
803 219 1094 265 contaminatis
1128 235 1242 280 paene
1267 220 1466 266 omnibus
1483 219 1705 276 membris,
1742 220 1963 265 noviffime
1986 221 2094 282 quasi
2119 242 2251 287 genus

152 285 262 331 lusus
280 283 534 344 excogitaret
553 300 563 326 ε
603 299 688 343 quo
713 282 807 329 ferae
830 284 936 345 pelle
959 283 1173 329 conteditis
1192 287 1449 330 emitteretur
1469 301 1492 330 e
1518 300 1663 340 cavea,
1698 285 1965 347 virorumque
1983 302 2025 329 ac
2048 285 2250 333 foemina-

152 363 245 394 rum
264 345 314 393 ad
337 345 519 407 stipitem
545 344 818 409 deligatorum
845 349 1017 409 inguina
1041 346 1250 392 invaderet
1271 367 1281 392 :
1327 346 1374 392 ἃ
1396 365 1491 394 cum
1517 344 1668 394 affatim
1688 346 1934 403 desaeviffet,
1970 349 2243 399 conficeretur

150 429 173 458 a
195 408 453 472 Doryphoro
475 409 630 454 'liberto
654 430 664 456 ε
701 412 769 456 cui
791 413 942 466 etiam,
977 411 1078 456 ficut
1102 410 1175 472 ipsi
1201 413 1378 471 Sporus,
1414 414 1470 458 ita
1493 410 1576 474 ipse
1597 409 1786 473 denupsit
1806 431 1819 466 3
1864 429 1987 457 voces
2005 430 2175 476 quoque
2199 421 2246 462 &

145 473 322 531 ejulatus
345 475 432 518 vim
456 475 705 535 patientium
729 476 940 538 virginum
964 476 1160 519 imitatus.
1229 476 1294 520 Ex
1315 477 1530 521 nonnullis
1549 477 1760 537 comperi,
1797 474 2135 537 persuasissimum
2170 478 2246 526 ha·-

148 535 277 583 buisie
311 553 435 592 eum,
473 538 687 582 neminem
721 536 942 583 hominum
979 538 1197 598 pudicum,
1234 553 1302 583 aut
1329 539 1411 584 ulla
1444 540 1629 600 corporis
1649 553 1760 600 parte
1784 556 1932 599 purum
1958 537 2061 584 effe:
2097 558 2241 590 verum

145 599 362 663 plerosque
385 599 634 645 dissimulare
656 603 804 647 vitium
819 636 832 655 ,
867 606 909 645 δι
933 601 1152 646 calliditate
1174 599 1394 662 obtegere:
1430 602 1611 665 ideoque
1627 600 1816 662 professis
1839 602 1947 663 apud
1966 602 2003 647 se
2028 602 2243 653 obscoeni-

94 696 123 728 0
147 678 301 720 tatem,
336 679 472 709 cetera
497 680 668 726 quoque
694 661 928 710 conceffiffe
953 664 1115 708 delicia.
1182 665 1442 709 Divitiarum
1473 670 1514 709 δι
1552 667 1737 726 pecuniae
1771 663 1954 711 fruetum
1989 683 2078 712 non
2110 670 2238 717 alium

65 699 84 748 3
150 727 319 790 putabat
338 744 463 790 quam
486 725 794 789 profusionem:
833 726 1016 771 sordidos
1034 744 1079 771 ac
1102 726 1298 787 deparcos
1319 726 1422 782 effe,
1458 728 1612 789 quibus
1639 730 1742 773 ratio
1768 729 2047 791 impensarum
2071 732 2242 780 consta-

141 806 226 837 ret.-
260 793 472 854 praelautos
497 807 676 853 vereque
700 788 974 851 magnificos,
1010 791 1084 851 qui
1114 789 1380 835 abuterentur
1404 807 1448 835 ac
1471 790 1700 851 perderent.
1765 791 1976 837 Laudabat
1994 795 2239 845 mirabatur-

140 871 225 917 que
248 855 503 902 avunculum
519 853 670 913 Caium
682 888 695 909 ,
732 854 849 898 nullo
876 854 1006 915 magis
1028 854 1204 898 nomine
1225 869 1359 915 quam,
1371 853 1486 916 quod
1509 854 1702 915 ingentes
1723 870 1745 898 a
1766 852 1950 899 Tiberio
1962 856 2120 903 relifias
2130 875 2234 923 opes

2188 943 2234 972 ln

1214 986 1371 1034 liberto]
1412 986 1539 1034 Confici
1559 988 1675 1037 accipe
1693 987 1748 1024 hic
1765 1017 1777 1032 ‚
1802 999 1840 1026 ut
1858 989 2021 1037 περαίνειν
2047 995 2084 1028 δε
2109 995 2232 1040 περαῐ.

138 992 190 1029 nis
210 991 391 1030 libIdinem
408 1019 420 1034 ,
450 1001 486 1028 ut
504 991 542 1029 in
558 990 677 1029 lectica
695 992 812 1030 vectus
832 1004 914 1027 cum
937 1000 1047 1027 matre
1066 990 1153 1026 ima-

1215 1042 1324 1074 νεα-θαι
1340 1037 1431 1087 apud
1451 1040 1604 1074 Graecos.
1633 1039 1786 1075 Laertius
1803 1038 1892 1076 libro
1911 1040 2084 1092 secundO,
2114 1044 2149 1080 in
2161 1047 2238 1080 Me«

136 1043 312 1092 ginaretur
330 1041 393 1078 sibi
419 1042 642 1079 concubitum
657 1071 668 1086 ,
703 1045 740 1078 δε
759 1040 907 1077 traderet
926 1040 1059 1076 incestis
1078 1053 1154 1077 ma-

138 1092 238 1129 nibus
257 1090 433 1129 sceleratas
451 1092 618 1132 libidines.
649 1096 725 1138 Jos.
746 1093 975 1129 Maxentius.
1008 1094 1094 1129 Not.
1111 1091 1154 1128 ad

136 1141 238 1193 Epist.
262 1156 290 1180 1.
321 1142 524 1180 Aristaeneti.

471 1227 507 1262 T
535 1237 559 1262 0
589 1234 612 1258 a
642 1235 668 1260 x
696 1233 717 1259 ε
747 1236 770 1261 u
803 1235 840 1262 τ.

190 1298 246 1334 29³.
274 1289 490 1338 Prostituit.]
526 1290 630 1327 Liber
646 1288 925 1338 opt.prostravit.

189 1341 336 1388 Inguina
353 1339 573 1388 invadam]
605 1343 684 1376 Hoc
708 1339 777 1382 est,
805 1338 898 1377 vultu
915 1336 1154 1375 contrestaret.

135 1386 183 1426 fic
200 1391 293 1427 enim
306 1418 318 1433 ,
345 1391 409 1427 hac
425 1389 468 1426 de
485 1403 522 1426 re
540 1390 706 1439 loquens,
726 1393 802 1426 Sex.
818 1389 982 1425 Aurelius.

189 1439 412 1487 Conficeretur
429 1452 452 1475 a
468 1438 694 1488 Doryphoro]
732 1438 896 1487 Conficere
915 1438 1062 1476 verbum
1082 1447 1155 1472 are-

136 1501 188 1525 nae
207 1490 384 1539 proprium
400 1493 438 1526 &
460 1489 782 1525 accommodatum.
841 1488 943 1524 Unde
960 1488 1153 1532 confhblores

122 1538 296 1582 ferarum.
355 1542 439 1576 Sunt
462 1540 519 1589 qui
547 1539 704 1576 obscoeni
729 1538 855 1587 aliquid
882 1536 1009 1575 subeffe
1035 1535 1151 1573 velint.

134 1588 242 1637 Qod
269 1599 385 1625 antem
413 1589 627 1639 Doryphoro
653 1592 837 1626 Neronem
863 1586 1050 1638 denupsiffe
1076 1587 1151 1629 ait,

133 1650 215 1673 cum
242 1638 295 1674 alii
321 1652 446 1675 omnes
466 1641 700 1689 Pythagoram
728 1642 799 1686 eius
824 1640 986 1675 maritum
1003 1637 1149 1680 faciant,

136 1687 196 1734 (ut
217 1688 330 1737 paullo
356 1701 436 1724 ante
462 1689 636 1735 diximus)
676 1703 735 1725 me
753 1687 915 1732 adducit,
950 1700 984 1725 ut
1009 1688 1148 1724 credam

134 1736 356 1774 binominem
373 1736 467 1774 fuisse
485 1740 551 1775 hoc
571 1739 675 1775 scelus
694 1740 863 1782 hominis,
892 1740 939 1775 uti
955 1738 997 1775 de
1008 1737 1149 1774 Callisto

134 1789 337 1824 monuimus
364 1788 484 1824 Claud.
514 1801 587 1837 cap.
607 1802 758 1827 xxviii.
807 1790 1031 1825 Binominem
1061 1788 1148 1831 dixi,

129 1834 188 1872 seu
225 1837 428 1887 Doryphori
456 1849 636 1886 agnomen
663 1840 693 1874 ei
727 1850 930 1888 quacunque
966 1837 1149 1875 occasione

131 1885 294 1924 inhaesiffe
322 1886 507 1924 malumus.
564 1892 617 1924 Ita
651 1890 800 1925 omnino
834 1890 999 1926 Suetonio
1035 1891 1149 1925 minus

129 1948 216 1974 noto
232 1941 270 1975 δε
287 1938 492 1988 principali,
532 1939 651 1975 ceteris
676 1941 734 1989 qui
761 1939 996 1988 Pythagoram
1021 1951 1149 1977 vocant

130 1988 257 2024 notiori
275 1988 420 2025 nomine
441 1987 483 2024 fit
504 1988 704 2039 appellatus.
739 2003 782 2025 ne
810 2003 850 2025 ue
870 1991 967 2026 enim
989 1989 1037 2027 est
1052 2018 1064 2033 ‚
1090 1991 1147 2040 qui

129 2037 186 2074 vel
203 2037 345 2089 suspicer
362 2036 528 2075 leviffime
549 2050 660 2076 errare
680 2002 821 2090 potuiiile
851 2042 886 2076 in
911 2051 986 2085 tam
1012 2039 1148 2090 publica

127 2088 321 2125 Neroniani
348 2088 561 2126 matrimonii
589 2087 733 2134 infamia
774 2090 977 2138 scriptorem
1013 2091 1147 2140 optima

126 2134 196 2174 fide
220 2167 232 2182 ‚
268 2143 306 2177 ὃς
324 2140 359 2175 in
387 2140 505 2188 primis
525 2138 740 2189 diligentem.
800 2139 981 2191 Valdeque
997 2169 1008 2184 ‚
1063 2142 1147 2177 mihi

126 2187 290 2235 quidem,
317 2188 500 2229 verisimile
517 2189 588 2234 est,
616 2190 719 2227 alium
741 2191 778 2227 in
795 2189 976 2240 potiffimis
995 2193 1147 2228 Neronis

127 2235 257 2276 libertis
277 2240 530 2290 Doryphorum
549 2238 643 2277 fuiffe
659 2268 672 2284 ‚
704 2242 763 2289 qui
780 2270 791 2284 ,
830 2242 971 2277 auctore
996 2242 1143 2286 Tacito,

1215 1089 1369 1125 nedemo
1381 1102 1391 1124 ι
1402 1087 1581 1136 Μειροικιέ
1592 1089 1928 1136 καταθρασυνομένε,
1951 1094 2027 1125 εἰπε
2042 1091 2100 1133 μὲν
2123 1093 2236 1129 rideri·

1215 1137 1329 1175 λοιςάνν
1350 1136 1386 1173 ἓὲ
1407 1136 1556 1186 κάρφος,
1583 1136 1769 1187 διέγραφεν
1788 1139 1833 1178 εἰς
1844 1138 2237 1189 τέδαφοςπερκιημένε

1216 1189 1355 1235 σχῆμα.
1395 1186 1454 1227 ἕως
1471 1188 1607 1235 όρόντον
1627 1189 1758 1225 πάντων
1775 1217 1787 1233 ‚
1821 1189 1909 1225 συνὲν
1934 1189 1969 1225 τὶ
1988 1191 2157 1238 μειράκιον
2181 1195 2238 1234 τῆν

1217 1237 1325 1286 b'G'pn,
1352 1237 1585 1284 ἀπηλλάχθη.
1620 1237 1714 1274 idern
1739 1240 1775 1274 in
1792 1237 1965 1276 Arcefilao
1992 1243 2029 1276 δ(
2051 1240 2137 1291 saepe
2166 1243 2234 1282 alii.

1216 1292 1303 1326 Non
1319 1289 1419 1338 igitur
1437 1287 1616 1324 audiamus
1635 1287 1873 1326 dostissimum
1892 1290 2026 1333 virum,
2079 1293 2111 1327 ui
2128 1293 2161 1329 in
2171 1306 2236 1332 no-

1216 1340 1267 1378 vis
1284 1337 1533 1381 Semestribus‚
1564 1337 1618 1376 vel
1637 1338 1874 1385 conficerentur
1894 1339 1993 1376 scribi
2013 1303 2140 1384 vociuit,
2176 1343 2233 1382 vel

1215 1389 1475 1426 conciderentur.
1497 1400 1642 1438 quarum
1660 1389 1952 1426 emendationum
1967 1389 2071 1426 altera
2085 1393 2232 1431 manifess

1215 1439 1266 1476 sto
1285 1438 1386 1476 falsa:
1412 1438 1517 1475 altera
1536 1451 1609 1475 non
1630 1436 1810 1475 neceffiria
1829 1443 1867 1476 δ(
1884 1452 1984 1478 vana.
2010 1452 2094 1477 nam
2108 1456 2230 1482 verum

1217 1489 1264 1526 est
1276 1518 1288 1533 ,
1308 1489 1459 1536 conficere
1475 1486 1541 1524 essie
1560 1487 1736 1538 περαίνειν.
1770 1489 1999 1541 Capitolinus,
2011 1498 2103 1539 potes
2120 1493 2230 1531 tricies

1211 1540 1387 1578 mulierem
1397 1538 1562 1588 perficere.

1553 1641 1861 1679 Van101z.

1268 1751 1323 1783 29·
1348 1738 1636 1789 anficerentur.]
1670 1739 1881 1790 Subintellig.
1903 1739 1949 1778 illi
1967 1740 2103 1793 deligati
2113 1744 2156 1782 ad
2166 1753 2228 1795 pa.

1208 1787 1280 1826 lum
1295 1789 1451 1826 bestiarii.
1474 1787 1521 1825 fic
1539 1791 1633 1826 enim
1652 1788 1887 1832 scribendum,
1909 1804 1982 1829 non
1993 1794 2224 1841 conficeretur,

1207 1850 1244 1875 ut
1263 1839 1368 1889 vulgo
1392 1839 1550 1889 scriptum
1570 1839 1629 1876 est.
1658 1842 1798 1884 GUJET.

1253 1893 1343 1926 Cum
1365 1890 1550 1926 admodum
1568 1889 1761 1938 defizviffiet,
1794 1890 2005 1938 conficeretur
2021 1895 2227 1944 aDorypho.

1206 1952 1242 1975 re
1259 1938 1413 1988 liberta]
1440 1942 1527 1977 Non
1547 1940 1704 1978 videntur
1720 1941 1914 1989 virimagni
1933 1940 2127 1980 intellexisse
2148 1947 2225 1986 vim

1178 2008 1180 2011 ·
1206 1988 1303 2026 verbi
1321 1991 1472 2037 conficere
1488 2018 1501 2033 ,
1530 2002 1605 2039 quae
1629 1989 1775 2027 honesto
1800 1989 1858 2026 usu
1873 2018 1884 2033 ‚
1919 2001 1955 2027 ut
1976 1991 2123 2037 bestiarii
2141 2008 2223 2034 con.

1207 2038 1311 2076 ficere
1328 2038 1418 2076 feras
1430 2068 1442 2083 ,
1468 2043 1506 2076 ὃ(
1525 2039 1603 2075 hinc
1623 2040 1815 2085 confec’iores
1833 2039 2053 2085 dicebantur,
2077 2045 2223 2094 turpiffi-

1206 2102 1307 2126 mam
1326 2103 1402 2126 rem
1418 2089 1564 2138 obtegit.
1591 2092 1663 2126 Pet.
1691 2089 1800 2126 Faber
1819 2090 2054 2136 conficerentur
2072 2095 2128 2131 vel
2146 2109 2221 2132 con-

1205 2141 1395 2176 riderentur
1417 2140 1568 2185 conjecit
1585 2138 1644 2177 lib.
1665 2153 1742 2178 ιιι,
1774 2140 1916 2177 Semest.
1936 2153 2012 2189 cap.
2026 2156 2080 2186 23.
2111 2146 2220 2193 Qod

1204 2190 1322 2235 rejecit
1339 2189 1585 2232 Casaubonus,
1612 2193 1650 2226 δε
1670 2189 1822 2239 conficere
1838 2189 2021 2228 voluiteffe
2040 2195 2218 2241 περαίνειν,

1203 2240 1400 2289 addiditque
1418 2253 1459 2276 ex
1480 2239 1703 2288 Capitolino:
1722 2248 1812 2287 potes
1830 2240 1941 2275 tricies
1960 2241 2135 2280 mulierem
2137 2253 2215 2293 per-

125 2286 222 2336 quasi
239 2289 431 2327 adver-stitus
452 2293 611 2340 Poppaeae
624 2292 769 2340 nuptiis,
800 2293 838 2328 P.
854 2292 985 2334 Mario,
1015 2297 1054 2331 L.
1071 2293 1144 2330 Afi-
1197 2290 1302 2335 ficere.
1331 2293 1464 2340 Magno
1481 2298 1620 2326 errore:
1638 2288 1734 2340 quast
1751 2289 1888 2339 propria
1910 2290 2066 2327 oratione
2086 2291 2131 2330 fic
2141 2307 2214 2332 con.

127 2338 186 2373 nio
209 2349 309 2376 coss,
330 2340 473 2376 creditus
497 2353 634 2377 veneno
654 2353 673 2376 a
694 2342 850 2390 Principe
866 2340 1035 2387 sublatus,
1065 2356 1141 2380 toto
1191 2340 1291 2387 ficere
1311 2352 1367 2376 aut
1380 2340 1534 2388 perficere
1553 2338 1727 2376 mulierem
1747 2339 1875 2375 dicatur
1895 2340 2028 2395 :quod
2046 2341 2215 2384 soloecum

124 2437 254 2475 eodem
274 2441 377 2483 teste,
405 2451 505 2476 coss.
526 2439 643 2477 habuit
660 2443 703 2478 C.
727 2442 918 2478 Lemnium
941 2469 952 2486 ,
982 2446 1030 2483 M.
1052 2446 1137 2481 Lici-

125 2501 234 2525 nium.

177 2538 320 2587 Profeffis
339 2539 620 2587 obftoenitatem.]
658 2537 746 2576 Tale
764 2540 890 2590 aliquid
908 2541 951 2578 de
966 2545 1140 2581 Domitia-

122 2599 171 2623 no
194 2592 333 2626 Sueton.
360 2603 502 2640 c.1p.x1.

177 2652 235 2683 30.
264 2646 301 2677 A
320 2640 449 2676 Tiberio
467 2639 599 2675 relic’tas
616 2637 720 2687 ope5.]
752 2639 860 2689 Calig.
876 2653 948 2691 cap.
960 2655 1046 2682 xxxv
1058 2656 1068 2679 ι
1082 2657 1109 2681 1.

124 2387 199 2436 plus
227 2390 342 2426 minus
370 2389 510 2425 biennio
549 2402 628 2427 anre
663 2391 752 2427 hunc
780 2390 972 2441 denuptum
992 2420 1004 2437 ,
1054 2395 1111 2441 qui
1131 2358 1168 2449 ‚i

427 2720 824 2757 CASAUBON.

181 2804 235 2835 29.
257 2790 531 2838 Qtatemaesfirae.
549 2787 563 2833 ]
599 2786 843 2833 Vitcrbiensis,
868 2801 931 2838 quo
939 2790 1038 2837 fera,
1054 2794 1139 2831 utin

103 2846 112 2849 ’
124 2840 219 2878 editis
240 2853 260 2876 a
278 2841 372 2878 Rob.
395 2840 510 2890 Steph.

179 2892 405 2938 Invaderet.]
444 2891 575 2928 Clarius
601 2893 683 2929 Dio.
724 2902 824 2940 atque
862 2891 995 2928 utinam
1022 2906 1140 2932 neuter

125 2951 197 2978 tam
215 2952 330 2991 aperte
356 2955 367 2978 z
410 2940 553 2979 mallem
577 2943 672 2978 enim
701 2937 935 2979 consuluissent
952 2944 1062 2982 ambo
1079 2958 1140 2996 pu-

122 2990 219 3035 dori,
244 3003 350 3043 quam
367 2991 550 3041 περιεργίᾳ
570 2991 770 3042 legentium.

175 3046 221 3078 Et
239 3054 314 3079 cum
328 3041 460 3092 affatim
471 3042 666 3092 desavtffit,
695 3043 1136 3094 conficereturaDoryphoro

1164 2452 1165 2455 ’
1195 2440 1306 2476 trzcies
1327 2454 1402 2477 cum
1420 2441 1560 2476 muliere
1578 2438 1742 2487 perficere.

1198 2389 1256 2427 est.
1315 2390 1414 2439 Apud
1434 2389 1669 2440 Capitolinum
1693 2389 1729 2424 in
1750 2389 1945 2426 Maximinis
1970 2389 2091 2440 leges:
2121 2402 2215 2442 potes

1799 2440 1964 2476 Suetonio
1990 2453 2108 2479 autem
2135 2458 2214 2495 pro-

1196 2491 1369 2527 nuntiatur
1394 2490 1475 2526 nihil
1519 2489 1609 2525 aliud
1638 2500 1744 2538 quam
1780 2490 1897 2525 astum
1932 2503 2012 2527 cum
2042 2494 2212 2540 Nerone,

1196 2553 1231 2577 ut
1258 2540 1389 2577 solebat
1417 2541 1471 2590 agi
1507 2553 1588 2575 cum
1619 2537 1722 2574 bestia
1741 2566 1753 2581 ,
1786 2551 1892 2588 quam
1921 2539 1976 2575 ille
2002 2540 2210 2590 simulabat,

1196 2603 1324 2639 nempe
1346 2590 1469 2627 caesum
1491 2601 1510 2625 a
1527 2588 1765 2638 Doryphoro,
1796 2600 1964 2638 tanquam
1987 2591 2215 2633 eonfectore2

1196 2639 1265 2676 telo
1290 2638 1403 2676 forsan
1419 2667 1431 2682 ,
1456 2652 1526 2688 quo
1545 2639 1653 2678 voluit
1670 2640 1684 2673 ὀ
1703 2638 1813 2681 πάνυ,
1843 2639 1897 2674 sed
1927 2639 1994 2676 hoc
2022 2641 2212 2693 intelligen-

1195 2689 1279 2726 dum
1300 2689 1457 2739 relinquit
1476 2690 1665 2726 Suetonius.
1723 2687 1901 2725 Posuimus
1918 2690 2071 2740 accipere
2091 2704 2211 2732 utcun-

1195 2753 1262 2788 que
1281 2740 1426 2776 mimico
1446 2738 1619 2777 venabulo
1636 2740 1680 2774 ita
1698 2749 1840 2787 parato,
1870 2750 1905 2775 ut
1921 2738 2050 2777 ferrum
2068 2744 2140 2787 ejus
2158 2758 2212 2782 re-

1196 2789 1308 2827 tusum
1324 2820 1335 2834 ,
1376 2803 1456 2827 cum
1481 2789 1651 2827 videretur
1679 2790 1802 2824 intrare
1823 2802 1948 2837 corpus
1974 2791 2048 2827 iecae
2076 2791 2209 2840 bestiae,

1197 2841 1424 2877 retrocederet
1453 2841 1487 2876 in
1515 2849 1676 2876 cavatum
1702 2839 1843 2882 hastile,
1889 2852 1959 2889 quo
1999 2839 2213 2883 simularetur

1196 2889 1402 2928 conse-stus:
1436 2888 1558 2926 deinde
1587 2889 1622 2925 iu
1645 2900 1816 2925 tacentem
1843 2891 2213 2945 conquiescentemque

1197 2940 1353 2979 insiluisse
1378 2939 1548 2978 infamem
1576 2939 1770 2976 ministrum
1800 2942 1837 2976 ὃ(
1878 2939 2041 2990 peregisse
2075 2956 2208 2984 caetera.

1197 2994 1441 3031 Gnouovxus.
1488 2992 1556 3030 Pro
1574 2990 1756 3028 invaderet
1776 2988 2005 3029 salmafianus
2023 2991 2109 3029 liber
2128 3007 2212 3031 eva-

1195 3043 1298 3081 deret.

1652 3092 1744 3131 Xxx
2053 3094 2139 3129 To
2170 3105 2215 3128 u-
