2504 3425
304 218 409 273 106
562 204 2161 286 G.J0AN.v0ss11nEH1sT01<1cisLAT1Nm

301 305 618 361 dos'tissimus
643 301 852 371 Pighius
892 315 994 348 non
1033 296 1219 347 veritus
1237 294 1292 347 sit
1314 296 1447 347 illam
1468 332 1482 356 ,
1520 295 1837 348 emblematis
1876 299 2021 354 instar
2037 341 2052 365 ,
2089 303 2354 356 annalibus

301 379 398 433 suis
413 378 634 431 inserere.
665 373 799 424 Pene
814 371 951 420 enim
965 367 1224 438 quicquid
1237 368 1385 430 dicit,
1402 368 1619 439 pertinet
1634 369 1700 421 ad
1712 368 2016 423 Suetonium
2032 375 2319 428 Paullinum
2334 405 2352 439 3

301 469 458 524 quem
484 463 601 499 cum
629 443 841 495 Mureto
870 439 994 493 falso
1020 440 1245 493 credidit
1265 440 1362 493 esse
1385 441 1615 494 Suetonii
1644 439 1789 509 hujus
1817 457 2028 514 patrem.
2072 448 2241 518 Atque
2267 461 2354 512 ut,

305 540 423 593 quae
436 518 653 571 Tacitus
668 515 727 566 de
744 514 992 566 Suetonio
1010 511 1159 565 refert
1175 550 1190 575 ,
1208 531 1470 584 perperam
1487 514 1847 567 accommodat
1862 514 2092 568 historici
2110 517 2252 588 hujus
2268 539 2356 591 pa-

298 592 430 647 renti
448 612 457 642 :
500 591 567 642 ita
580 593 630 642 ὃ(
652 585 777 640 falso
792 587 996 658 putavit
1010 622 1025 647 ,
1064 604 1182 638 eum
1198 585 1374 658 signari
1390 606 1416 637 a
1432 586 1605 639 Plinio
1622 587 1675 639 in
1690 586 1894 640 historia
1911 589 2123 642 naturali
2139 628 2154 653 ‚
2191 592 2279 643 ubi
2292 610 2359 645 ex

300 663 537 718 Paullino
551 659 788 731 quaedam
806 658 955 712 refert
967 658 1034 710 de
1048 657 1221 711 Africa
1237 700 1250 721 ‚
1292 659 1355 712 de
1372 659 1603 712 Canariis
1622 658 1809 712 insulis.
1852 662 2048 715 Similis
2063 680 2200 715 error
2213 700 2227 724 ‚
2243 681 2359 716 cum

302 737 458 790 libros
478 735 543 787 de
556 732 880 785 institutione
893 729 1188 784 officiorum
1206 774 1219 795 ‚
1261 731 1324 783 de
1339 731 1612 785 illustribus
1627 731 1953 803 scriptoribus
1968 772 1984 798 ,
2023 735 2194 805 deque
2207 734 2361 787 histo-

299 810 372 862 ria
391 807 588 860 ludicra
603 847 618 869 ‚
659 823 763 857 non
779 824 806 856 a
822 803 1137 874 Tranquillo
1153 803 1254 856 hoc
1270 842 1284 867 ,
1323 803 1406 856 sed
1421 824 1448 855 a
1462 820 1603 875 patre
1614 807 1720 875 ejus
1735 843 1750 867 ,
1789 806 1971 878 scripta
1997 806 2147 862 fuifl‘e
2159 808 2364 861 arbitra-

302 895 397 935 tur.
439 881 551 951 Qui
565 897 700 931 error
712 878 774 929 ab
788 877 973 930 eodem
990 875 1133 929 fonte
1149 914 1164 939 ‚
1203 877 1338 929 unde
1353 879 1543 947 priores
1561 916 1575 940 ‚
1614 878 1863 932 demanat.

374 953 635 1006 Dubitant
647 951 743 1005 viri
756 949 943 1003 eruditi
960 991 974 1012 ,
1005 967 1065 1000 an
1083 968 1184 1001 non
1199 949 1502 1019 Tranquilli
1516 968 1706 1002 nomen
1721 951 1901 1004 debeat
1916 953 2095 1023 reponi
2112 950 2253 1024 apud
2270 950 2369 1004 La-

300 1025 547 1080 &antium
560 1025 649 1077 lib.
674 1042 716 1075 1.
733 1041 845 1094 cap.
864 1042 915 1075 x.
930 1023 1021 1074 ubi
1035 1021 1195 1093 legas:
1238 1021 1588 1094 QAEfculapius
1605 1022 1669 1082 dy
1682 1023 1770 1096 ipfit
1783 1023 2172 1098 nonstneflagitio
2192 1021 2368 1097 Apolli-

302 1101 375 1153 m's
387 1110 528 1151 natus
541 1139 554 1157 ,
595 1094 712 1169 quid
717 1095 827 1166 fecit
840 1093 973 1147 aliud
983 1093 1161 1146 divinis
1177 1094 1424 1147 honoribus
1438 1093 1635 1165 dignum
1647 1137 1658 1155 ,
1700 1095 1793 1164 nisi
1799 1095 1926 1169 quod
1922 1096 2130 1169 fhnavit
2146 1094 2372 1172 Hippoly-

302 1182 410 1226 tum
436 1178 458 1224 ?
497 1182 693 1222 mortem
702 1168 823 1240 sane
849 1166 1015 1221 habuit
1037 1163 1279 1218 clariorem
1303 1208 1315 1225 ,
1358 1166 1484 1240 quod
1506 1185 1536 1218 a
1561 1167 1667 1220 Deo
1688 1173 1864 1220 meruit
1882 1167 2143 1239 fulminari.
2221 1171 2371 1225 Hunc

307 1243 585 1316 Tarquitius
599 1283 610 1300 ,
653 1238 707 1293 dc
729 1238 980 1312 illustribus
1001 1242 1127 1292 viris
1148 1237 1364 1311 diffirens
1378 1282 1389 1299 ‚
1431 1243 1501 1292 ait
1514 1281 1526 1299 ,
1567 1242 1755 1294 incertis
1762 1237 2036 1314 parentibus
2052 1256 2221 1297 natum
2232 1286 2243 1304 ‚
2288 1261 2371 1298 ex-

296 1315 519 1389 postium,
565 1312 669 1373 &a
684 1312 987 1366 venatoribus
999 1315 1251 1365 inventum
1267 1349 1281 1374 ‚
1319 1309 1616 1369 caninolaite
1630 1318 1872 1366 nutritum
1885 1355 1896 1373 ‚
1926 1314 2124 1368 Chironi
2137 1316 2374 1370 traditum

303 1385 506 1460 didicisse
527 1385 805 1440 medicinam
834 1408 849 1438 :
876 1383 1021 1459 fuiſje
1043 1395 1202 1437 autem
1232 1384 1512 1458 Mffnium
1524 1428 1535 1445 ,
1568 1384 1657 1457 sid
1683 1384 1922 1460 Epidauri
1934 1399 2189 1441 moratum.
2266 1390 2376 1442 Hic

304 1458 499 1532 Xystus
531 1459 790 1529 Betulejus
806 1496 821 1520 ‚
860 1460 913 1510 in
939 1458 1169 1510 editione
1199 1455 1280 1510 sua
1292 1495 1307 1519 ‚
1348 1477 1442 1530 pro
1457 1457 1772 1532 Tranquitius
1796 1459 2018 1531 reposuit
2032 1460 2330 1534 Tranquillus
2355 1482 2377 1522 ;

306 1532 453 1603 quod
467 1551 584 1585 eum
599 1532 664 1584 de
678 1530 951 1584 illustribus
966 1532 1087 1583 viris
1100 1529 1335 1602 scripslffe
1349 1530 1613 1584 constaret.
1679 1531 1780 1584 Sed
1794 1534 1902 1604 egit
1916 1533 2005 1586 ille
2018 1533 2082 1586 de
2098 1534 2375 1588 Romanis:

303 1622 437 1676 quos
453 1605 583 1658 inter
595 1600 763 1658 nullus
776 1602 847 1656 est
860 1601 1162 1674 AEsculapio
1177 1603 1536 1658 locus.Adhaec
1549 1623 1639 1658 cur
1651 1603 1989 1678 Tranquillum
2003 1607 2193 1661 regrum
2210 1606 2383 1659 videa-

306 1691 418 1741 tur,
458 1676 611 1740 facit,
646 1677 790 1747 quod
809 1695 912 1729 non
927 1690 1125 1729 tantum
1154 1676 1226 1728 ita
1240 1675 1368 1729 sitin
1383 1678 1538 1731 codd.
1580 1698 1624 1731 M
1647 1696 1666 1729 s
1687 1695 1707 1730 s
1723 1717 1738 1741 ‚
1777 1681 1896 1732 item
1916 1681 2145 1733 editione
2159 1679 2348 1733 Aldina
2364 1717 2385 1743 ,

306 1763 646 1821 eaque2quam
659 1750 894 1802 Michae'l
906 1747 1214 1802 Thomafius
1224 1749 1570 1804 recensuitzsed
1585 1751 1715 1803 illud
1729 1752 2109 1825 quoque,quod
2123 1752 2206 1805 hic
2221 1751 2383 1804 sermo

309 1820 366 1874 sit
380 1822 444 1874 de
459 1822 763 1894 AEsculapio
778 1821 995 1876 fulmine
1008 1819 1239 1893 percusso
1266 1843 1276 1874 :
1318 1827 1370 1875 ὃ(
1397 1824 1740 1894 Tranquitius
1754 1825 1818 1877 de
1834 1824 2096 1898 fulguritis
2111 1867 2121 1884 ,
2152 1830 2203 1877 δε
2233 1826 2380 1877 omni

309 1911 558 1966 augurum
582 1909 737 1965 atque
766 1893 1050 1966 aruspicum
1078 1893 1353 1964 disciplina
1377 1898 1536 1967 egerit
1565 1898 1619 1948 in
1644 1897 1786 1949 libris
1811 1896 1910 1950 suis
1936 1899 1999 1951 de
2012 1897 2157 1950 rebus
2169 1898 2380 1950 divinis,

312 1968 612 2020 Ammianus
630 1967 962 2020 Marcellinus
977 1967 1061 2020 lib.
1080 1985 1186 2021 xxv
1203 1987 1212 2019 :
1231 1967 1482 2040 Confestim
1494 1972 1654 2043 itaque
1666 1982 1777 2024 ante
1789 1968 1900 2023 lucis
1903 1974 2143 2043 primitias
2156 1969 2382 2038 Hetrusci

316 2040 540 2113 aruspices
565 2037 764 2108 arceffiti
784 2039 1001 2113 consulti,
1043 2038 1161 2112 quid
1182 2039 1297 2111 astri
1305 2036 1478 2114 species
1481 2040 1775 2116 portenderet
1789 2062 1941 2103 nova,
1986 2042 2256 2099 Vitandum
2269 2040 2352 2115 effi?
2366 2085 2381 2104 ,

312 2112 562 2184 cautissime
587 2110 915 2184 responderunt
929 2154 940 2171 ,
982 2131 1036 2165 ne
1054 2111 1169 2183 quid
1180 2124 1296 2165 tunc
1313 2125 1581 2167 tentaretur
1606 2138 1622 2167 .·
1660 2133 1720 2166 ex
1731 2117 2054 2188 Tarquitianis
2063 2114 2191 2169 libris
2209 2157 2219 2175 ‚
2259 2119 2309 2169 in
2323 2118 2382 2168 ti·

313 2184 409 2238 tulo
436 2185 492 2238 D
507 2185 558 2239 E
596 2188 641 2240 R
659 2184 711 2238 E
723 2185 768 2238 Β
783 2187 836 2239 U
843 2186 884 2238 S
903 2184 960 2238 D
975 2184 1011 2236 I
1016 2189 1075 2239 V
1075 2184 1108 2236 I
1118 2186 1185 2238 N
1191 2184 1224 2236 I
1233 2185 1272 2237 S
1283 2224 1293 2244 ,
1333 2184 1388 2239 id
1396 2184 1599 2238 relatum
1612 2185 1695 2257 effe
1708 2185 2070 2258 demonstrantes
2084 2230 2095 2249 ‚
2117 2187 2265 2261 quod,
2304 2186 2383 2258 fa-

313 2275 359 2310 ce
382 2261 433 2310 in
456 2255 564 2311 coelo
590 2257 727 2329 visa,
768 2260 995 2309 committi
1017 2254 1234 2329 pralium
1256 2255 1337 2309 vel
1343 2256 1498 2329 fimile
1526 2258 1788 2331 quidquam
1812 2278 1903 2312 noa
1927 2272 2149 2332 oporteat.
2206 2255 2384 2332 Atque

313 2329 438 2383 hinc
452 2330 603 2381 etiam
619 2329 785 2399 liquet
798 2370 808 2387 ,
853 2348 941 2382 cur
956 2328 1327 2400 Tranquitium
1344 2367 1358 2391 ‚
1398 2331 1526 2383 inter
1540 2348 1646 2390 e08‚
1663 2349 1690 2382 e
1707 2333 1894 2401 quibus
1909 2331 2149 2401 profecit,
2169 2346 2383 2405 reponat

314 2402 512 2455 Plinius
528 2403 579 2454 in
594 2402 765 2454 indice
778 2401 890 2454 libri
906 2400 1472 2472 secundi‚proximeque
1487 2403 1754 2475 subjungat
1765 2423 1882 2456 eum
1898 2404 2303 2476 Caecinae,quern
2318 2406 2386 2458 de

314 2472 563 2527 Hetrusca
577 2474 846 2546 disciplina
861 2472 1102 2545 scripfiffe
1116 2473 1265 2527 dicit.
1327 2475 1470 2529 Vide
1485 2481 1535 2529 ὃ(
1550 2496 1670 2547 quae
1682 2476 1747 2528 de
1769 2477 2051 2548 Traquitio
2066 2478 2169 2531 hoc
2185 2479 2385 2531 notavit

313 2547 491 2600 Petrus
508 2547 741 2599 Pithoeus
754 2546 1141 2601 Subsecivorum
1158 2546 1246 2599 lib.
1270 2566 1290 2599 1
1305 2589 1314 2599 .
1329 2566 1438 2619 cap.
1455 2566 1543 2602 xx.
1559 2550 1647 2602 ubi
1663 2549 1833 2613 docet,
1850 2569 1945 2622 pro
1959 2551 2257 2623 Tarquinio
2272 2550 2384 2603 Pri-

314 2618 398 2671 sco
416 2625 557 2669 ἁπλῶς
570 2623 875 2693 Tarquitium
903 2620 1007 2693 legi
1022 2618 1203 2671 debere
1216 2621 1354 2692 apud
1371 2620 1702 2674 Macrobium
1717 2622 1805 2675 lib.
1828 2641 1848 2675 1
1867 2642 1910 2676 1.
1928 2623 2124 2677 Saturn.
2143 2643 2254 2696 cap.
2273 2641 2381 2675 xvi.

315 2693 479 2760 Quod
504 2692 768 2764 Tarquitii
795 2711 984 2746 nomen
1013 2691 1244 2744 remansit
1259 2692 1344 2746 lib.
1365 2711 1442 2745 111.
1474 2694 1670 2748 Saturn.
1692 2713 1801 2766 cap.
1816 2714 1913 2749 vir.
1937 2696 2023 2749 etsi
2043 2698 2111 2750 ibi
2126 2699 2205 2752 vir
2217 2696 2381 2750 erudi-

318 2776 394 2813 tus
410 2801 425 2825 ,
451 2765 504 2817 in
524 2764 684 2817 Notis
699 2765 812 2827 suiS,
826 2783 890 2820 ex
904 2765 1059 2819 veteri
1075 2764 1205 2816 libro
1218 2764 1505 2840 Tarquinius
1516 2768 1680 2822 malit.
1734 2768 1835 2822 Sed
1848 2770 1977 2824 mihi
1989 2766 2263 2847 Tarquitius
2277 2784 2382 2820 ma-

320 2835 573 2906 gisplacet
587 2853 802 2911 propter
815 2858 870 2892 ea
888 2878 903 2900 ,
948 2855 1064 2911 quae
1080 2836 1329 2892 diximus.

2242 3051 2373 3107 SE-
