2504 3425
708 210 1686 270 INC.Su11ToN1UM.
2172 238 2239 290 91

179 301 412 378 pericula
435 299 685 355 subituros
698 339 715 365 ,
754 315 893 357 tanta
906 303 1131 357 adituros
1150 305 1448 364 certamina,
1492 302 1530 363 si
1546 302 1742 357 suarum
1769 304 2067 359 memoriam
2082 326 2246 362 rerum

176 382 327 452 juxta
340 376 509 429 secum
524 376 951 429 intermorituram
966 377 1229 449 putaffent.
1272 377 1492 431 Pulchre
1515 379 1688 448 itaque
1703 377 1938 433 Valerius
1952 378 2167 435 Flaccus
2180 381 2247 436 de

181 449 276 505 suo
291 464 442 525 agens
455 447 637 523 Jasone
650 448 716 502 ad
731 448 868 503 hunc
885 450 1101 503 modum
1116 452 1395 504 exclamat:

547 557 636 568 ----
676 520 749 577 Tu
758 520 864 596 styla
884 526 1090 582 animos,
1130 536 1417 596 mentemque
1437 526 1620 594 peruris

543 592 715 649 Gloria
740 605 785 648 te
806 593 1015 648 viridem
1040 594 1168 648 vidit
1183 638 1194 656 ,
1237 600 1578 666 immunemque
1584 595 1790 667 stneHae

543 665 767 736 Phastdis
793 669 844 719 in
869 671 981 740 ripis
990 666 1228 738 stantem,
1255 666 1549 742 jztvencssque
1567 680 1838 727 vocantem,

183 739 303 813 Ego
319 758 440 793 vero
452 740 605 792 etiam
617 739 846 792 conditas
872 757 899 791 a
927 740 1218 811 primordio
1239 740 1378 791 urbis
1390 777 1406 801 ,
1444 741 1596 791 etiam
1610 741 1772 811 posita
1794 739 2084 794 civitatibus
2104 741 2238 812 jura,

181 816 338 866 etiam
352 813 511 866 multa
525 814 576 866 in
588 812 730 865 usum
743 811 1017 864 hominum
1031 813 1233 866 inventa
1248 849 1263 872 ,
1303 824 1458 880 atque
1483 815 1774 883 excogitata
1788 813 1889 866 sola
1905 814 2080 885 gloriae
2095 815 2242 886 cupi-

177 885 347 939 ditate
362 885 666 938 crediderim
677 925 692 944 ,
736 901 891 952 quam
906 882 995 935 nisi
1007 883 1104 935 effe
1117 882 1318 936 civibus
1335 882 1651 935 necessariam
1668 899 1856 938 veteres
1871 887 2241 958 Rerumpubli-

174 976 352 1011 carum
366 958 722 1031 gubernatores
735 953 1098 1007 existimassent
1114 994 1129 1017 ,
1169 973 1429 1026 nunquam
1444 969 1580 1007 tanta
1594 960 1698 1024 ejus
1714 956 1943 1009 fomenta
1958 995 1971 1018 ,
2001 974 2080 1011 tot
2094 979 2239 1013 coro.

175 1049 266 1084 nas
285 1069 300 1093 ‚
338 1028 567 1100 trophaea
583 1065 598 1090 ,
639 1027 830 1098 palmas
845 1068 856 1086 ,
888 1040 969 1078 tot
984 1045 1124 1079 arcus
1145 1027 1262 1079 illos
1277 1069 1289 1087 ,
1332 1027 1734 1100 magnificosque
1749 1029 2036 1100 triumphos
2052 1031 2241 1101 posuis-

169 1102 295 1156 sent.
336 1101 519 1172 Itaque
542 1099 715 1153 videre
743 1098 814 1152 est
838 1097 1020 1152 nostris
1047 1100 1126 1153 his
1153 1099 1584 1153 calamitosiflimis
1609 1102 1924 1173 temporibus
1952 1105 2104 1154 etiam
2120 1122 2240 1158 cum

174 1175 378 1230 virtutis
394 1173 561 1228 frustu
577 1174 820 1225 virtutem
834 1190 998 1244 prope
1011 1172 1171 1245 ipsam
1184 1171 1508 1226 intercidisse:
1525 1193 1640 1227 nam
1653 1176 1770 1244 quis
1784 1193 1915 1237 eam,
1930 1174 2119 1244 quaesO,
2135 1195 2241 1229 am-

170 1250 455 1322 plestatur,
483 1245 812 1317 utJuvenalis
838 1245 1030 1316 inquit,
1071 1246 1278 1318 praemia
1302 1245 1338 1297 fi
1366 1245 1513 1298 tollas
1543 1256 1561 1300 ?
1599 1248 1875 1301 Praemium
1902 1261 2070 1301 autem
2085 1249 2240 1320 quid-

172 1340 291 1376 nam
316 1320 387 1376 est
418 1318 676 1373 honestius
698 1337 825 1372 verae
843 1319 1074 1383 virtutis,
1100 1337 1256 1389 quam
1272 1318 1374 1390 ipsa
1387 1320 1581 1390 gloria?
1621 1340 1736 1391 quae
1753 1335 1809 1372 ut
1826 1324 1876 1372 in
1894 1321 2102 1391 reliquis
2127 1341 2238 1374 mo-

169 1395 432 1448 numentis
445 1391 811 1464 temporalium
825 1390 1042 1462 aliquod
1057 1393 1238 1445 habere
1251 1391 1588 1446 diversorium
1605 1392 1771 1464 potest
1788 1432 1803 1456 ,
1832 1394 1902 1445 ita
1917 1394 1965 1445 in
1983 1395 2237 1446 excellen-

165 1470 301 1521 tium
316 1467 673 1519 historicorum
687 1464 829 1517 libris
844 1480 1148 1536 perpetuum
1164 1463 1254 1518 fibi
1267 1465 1597 1517 domicilium
1611 1464 1853 1518 fabricata
1866 1465 1953 1519 est.
1969 1466 2113 1519 Nam
2128 1487 2238 1520 ora-

164 1553 338 1593 torem
365 1539 579 1612 quidem
611 1536 763 1591 facile
786 1552 843 1590 ut
864 1539 1038 1590 omnia
1074 1538 1407 1590 extollentem
1435 1539 1485 1590 in
1512 1540 1669 1609 majus
1694 1539 1953 1600 averseriS‚
1996 1538 2201 1592 historia
2219 1580 2237 1605 ,

166 1611 206 1664 fi
234 1613 364 1685 quid
388 1613 469 1665 vel
496 1612 668 1684 gratiae
697 1610 777 1665 vel
799 1609 1004 1663 offensae
1031 1610 1230 1663 dederit
1256 1654 1268 1671 ‚
1312 1609 1456 1662 suum
1475 1613 1580 1680 jam
1608 1630 1796 1665 nomen
1833 1630 1933 1664 non
1976 1614 2234 1666 retinebit.

165 1687 348 1757 Qiam
373 1686 444 1737 ob
466 1703 596 1744 rem,
638 1697 696 1737 ut
722 1685 907 1737 certior
933 1684 1206 1755 veriorque
1232 1685 1287 1735 in
1313 1702 1402 1735 ore
1427 1684 1663 1736 muliebri
1689 1686 1939 1756 ingenuus
1966 1689 2015 1736 &
2033 1686 2235 1738 nativus

163 1759 347 1821 color,
386 1775 545 1827 quam
571 1757 652 1808 vel
677 1754 864 1809 cerussa
890 1756 973 1812 vel
1002 1754 1289 1828 purpurisso
1318 1756 1458 1809 illitae
1486 1757 1659 1809 buccae
1685 1778 1694 1809 :
1740 1759 1807 1810 ita
1833 1757 2053 1810 historiae
2080 1756 2243 1814 since-.

167 1849 282 1884 rum
311 1829 664 1883 testimonium
695 1827 882 1881 fucosis
911 1844 1169 1881 oratorum
1195 1829 1465 1900 praeconiis
1494 1830 1782 1882 diuturnius
1814 1867 1827 1891 ‚
1867 1829 2013 1900 quod
2039 1829 2234 1884 scilicet

167 1907 222 1956 ὃ(
237 1903 428 1956 Cicero
440 1901 548 1975 ipse
562 1901 849 1973 intelligens
862 1943 873 1960 ‚
891 1902 1024 1953 belle
1039 1902 1146 1973 agit
1162 1920 1280 1954 cum
1300 1902 1510 1969 Lucej0,
1526 1900 1598 1954 sui
1614 1916 1671 1953 ut
1688 1920 1911 1954 rumores
1932 1920 2232 1954 monumen-

160 1977 230 2029 tis
258 1976 399 2028 illius
423 1974 862 2029 commendentur.
904 1973 974 2026 Et
996 1974 1191 2026 Plinius
1218 1975 1400 2046 Junior
1427 1974 1587 2025 homo
1613 1988 1758 2026 aetate
1784 1973 1862 2025 sua
1892 1975 2023 2025 inter
2038 1975 2232 2045 primos

157 2048 411 2120 eloquens
437 2048 666 2107 habitus,
709 2060 859 2118 optat
875 2046 1110 2099 Cornelii
1128 2048 1304 2099 Taciti
1323 2045 1728 2110 inserihistoriiS,
1758 2047 1900 2118 quod
1921 2047 2231 2099 immortales

163 2119 357 2176 futuras
376 2139 462 2174 eas
476 2133 817 2194 auguraretur.
858 2118 959 2171 Sed
976 2137 1141 2190 neque
1155 2135 1323 2172 orator
1337 2119 1607 2190 quisquam
1622 2119 1702 2171 vel
1728 2119 1998 2172 mediocris
2029 2118 2128 2172 sine
2142 2138 2230 2172 ex-

165 2195 456 2265 emplorum
472 2195 709 2247 varietate
724 2210 952 2262 unquam
969 2190 1126 2244 fuerit
1142 2230 1156 2254 ,
1196 2193 1341 2263 quod
1360 2191 1459 2244 sine
1484 2191 1599 2262 ipsis
1638 2196 1658 2260 (
1675 2208 1731 2246 ut
1745 2195 1813 2244 ait
1828 2191 2060 2262 Cicero)
2102 2192 2230 2245 nihil

158 2265 296 2317 reste
309 2268 552 2327 docetur,
594 2283 760 2336 neque
774 2263 998 2316 historiae
1019 2283 1203 2318 munus
1221 2265 1433 2335 implere
1448 2265 1572 2316 alius
1588 2302 1604 2325 ‚
1644 2264 1732 2316 nisi
1761 2264 2196 2334 eloquentissimus
2210 2302 2226 2327 ,

165 2339 375 2409 poterit.
416 2337 1169 2407 Itaque&PliniusidemdieS‚
1213 2337 1489 2408 nostesque
1517 2337 1740 2407 cogitare
1756 2335 1801 2387 se
1819 2336 2021 2397 scribit,
2063 2334 2226 2405 quase

164 2427 380 2480 quoque
395 2411 587 2461 ratione
602 2408 755 2478 possit
774 2409 952 2461 tollere
967 2410 1127 2462 humo
1140 2453 1151 2470 ,
1197 2412 1249 2462 id
1265 2425 1433 2462 autem
1450 2408 1606 2460 solam
1626 2428 1786 2480 prope
1800 2408 2056 2459 historiam
2073 2409 2225 2478 polli-

159 2483 285 2544 ceri,
298 2479 476 2533 beatos
472 2499 574 2550 que
588 2494 734 2550 putat
748 2518 763 2542 ,
779 2482 967 2550 quibus
983 2483 1195 2534 deorum
1213 2501 1417 2535 munere
1430 2482 1602 2533 datum
1619 2480 1689 2532 est
1703 2522 1714 2541 ,
1734 2494 1819 2533 aut
1834 2480 1994 2533 facere
2008 2480 2225 2532 scriben-

159 2556 230 2609 da
243 2593 259 2617 ,
274 2568 358 2606 aut
375 2553 585 2606 scribere
600 2552 833 2621 legenda,
855 2553 1159 2606 beatissimos
1178 2594 1189 2615 ,
1208 2556 1395 2624 quibus
1409 2568 1711 2620 utrumque:
1755 2569 1907 2623 atque
1923 2555 2109 2604 utinam
2127 2553 2220 2605 Ci-

161 2627 339 2680 ceroni
353 2643 565 2697 quoque
579 2623 670 2693 ipsi
687 2642 856 2693 parere
869 2624 1150 2694 aliquando
1171 2626 1431 2678 historiam
1448 2625 1661 2677 licuisset
1680 2663 1694 2686 ,
1735 2644 1886 2695 quam
1905 2640 2026 2675 tunc
2043 2626 2224 2695 praeci-

160 2700 533 2773 pueegregium
566 2696 697 2749 illud
729 2696 991 2766 ingenium
1020 2698 1353 2767 parturiebat,
1393 2696 2043 2748 cumscelereinimicorum
2059 2700 2222 2750 caruit

159 2773 306 2826 rebus
322 2771 553 2824 humanis
570 2808 584 2831 ,
597 2768 752 2820 talem
762 2770 865 2835 jam
880 2767 1039 2827 illam,
1060 2784 1307 2838 quantum
1321 2789 1561 2840 auguror,
1581 2768 1872 2820 haberemus
1889 2815 1897 2827 ,
1916 2770 2119 2838 qualem
2132 2771 2219 2821 ad-

159 2845 265 2899 huc
292 2863 352 2897 ne
377 2843 613 2914 suspicari
629 2839 841 2911 quidem
870 2839 1146 2910 possumus
1191 2841 1335 2893 Nam
1363 2841 1396 2893 fi
1426 2843 1475 2892 in
1500 2842 1813 2893 orationibus
1840 2843 1941 2893 illis
1966 2841 2083 2902 suis,
2128 2842 2218 2895 ubi

157 2918 338 2971 omnia
362 2917 425 2968 ad
452 2913 800 2987 praescriptum
825 2911 1140 2981 dicerenfflrx,
1179 2914 1248 2965 ita
1273 2913 1385 2965 sunt
1401 2913 1636 2983 quaedam
1664 2914 1836 2967 breves
1855 2913 2040 2967 insertae
2056 2933 2217 2967 narra-

159 2992 323 3044 tiones
351 3008 441 3061 per
464 3004 639 3040 omnes
665 2985 833 3038 cluebat:
860 2984 1043 3045 sensuS,
1086 3000 1240 3056 atque
1266 2985 1475 3039 afl'e&us
1490 3023 1506 3048 ‚
1544 3000 1718 3038 utnon
1735 2987 1842 3039 dici
1871 3005 1944 3039 res
1970 2987 2090 3046 illae,
2133 2986 2216 3039 sed

162 3063 312 3135 plane
328 3064 462 3135 geri,
504 3075 662 3133 atque
675 3056 770 3112 effe
783 3058 948 3113 oculis
960 3057 1193 3185 subjeffiae
1206 3059 1497 3117 videantur,
1532 3073 1727 3128 quanto
1742 3060 1970 3114 uberiora
1985 3058 2213 3118 tandem,

1171 3149 1222 3184 m
1234 3150 1288 3185 m
1302 3150 1354 3185 m
1368 3149 1416 3186 m
1434 3149 1484 3187 m
1529 3149 1556 3184 2
2108 3148 2216 3183 am-
