2504 3425
161 155 261 208 190

517 135 1557 199 C⁴SUET.TRANQU1·LL1

1625 133 1715 186 L1
1746 152 1791 185 Β.
1834 132 1921 185 11.-

160 233 302 289 Atque
331 229 387 273 ita
409 225 526 290 post,
560 227 666 273 hanc
693 244 781 274 rem
803 227 1073 288 temperavit,
1108 239 1152 271 ut
1172 242 1260 270 non
1287 225 1494 269 minorem
1521 239 1724 272 aratorum
1747 243 1791 271 ac
1820 225 2128 287 negotiantium
2150 240 2283 287 quam

163 294 310 355 populi
332 293 535 339 tationem
562 293 795 338 deduceret.
863 291 1202 351 Spc&aculorum
1221 294 1265 334 &
1287 286 1513 335 assiduitate
1530 325 1542 344 ,
1562 294 1603 335 ‹Z‘c
1619 292 1809 336 varietate
1823 325 1836 346 ,
1870 304 1991 351 atque
2006 289 2282 351 magnificen-
2304 302 2362 351 43
2379 308 2383 310 ⁷

187 360 193 365 ’
746 352 899 400 Fecisse
926 353 1045 400 ludos
1069 352 1107 400 sc
1134 356 1189 400 ait
1217 352 1291 399 suo
1316 355 1490 398 nomine
1517 370 1662 417 quater
1697 372 1707 397 ι
1743 371 1818 416 pro
1841 355 1930 398 aliis
1955 352 2283 417 magistratibus,

165 374 219 402 tm
235 392 247 413 ‚
280 373 429 404 omnes
453 356 677 404 antecesfit.

504 495 692 529 Tottu

723 502 866 529 ENT.

227 592 343 640 Populi
363 594 528 628 rationem
545 590 759 640 deduceret.]

173 643 270 694 quod
285 645 483 693 interpretes
500 643 594 693 sequi
609 641 777 679 videntur.

230 709 286 738 4?-
319 698 380 728 Suo
399 706 488 730 nom.
516 690 672 742 quatem]
732 695 819 730 Non
850 695 1028 730 immerito
1053 694 1205 744 displicet

175 743 296 793 Lipfio
330 743 474 780 Elector.
504 758 514 780 1
530 758 556 780 1.
587 756 659 793 cap.
681 755 745 780 xvi
761 758 787 780 1.
825 744 890 780 boc
915 756 1052 781 tantum
1070 756 1204 795 quater.

173 793 358 844 quomodo
367 795 546 830 enimnon
557 793 694 843 saepius,
718 793 891 831 terdecies
910 795 1051 834 consul?
1067 800 1114 833 Ut
1132 797 1205 833 aliae

174 845 379 882 omittantur
394 843 596 881 occasiones
606 874 617 887 ‚
629 845 859 894 quibusmore
876 858 916 882 ac
927 846 1003 896 lege
1016 846 1112 884 ludos
1126 847 1207 884 dare

176 894 374 944 cogebatur.
409 899 530 946 Itaque
550 894 739 946 legendum
761 908 853 945 putat
871 908 993 946 quater
1011 895 1064 940 Εἴ
1082 899 1208 942 weles,

178 946 319 995 repetita
335 946 398 982 hac
417 946 569 983 difflone
589 960 629 982 ex
640 946 729 982 linea
740 946 923 996 sequente,
940 947 1113 986 veletiam
1126 961 1211 999 quu-

177 996 317 1043 dragies.
330 1001 407 1045 Ego
421 1011 494 1034 non
505 995 616 1034 ausim
629 1008 702 1032 tam
713 997 858 1034 liberalis
869 997 946 1035 eisc.
957 1012 1020 1035 nec
1032 999 1212 1050 quisquam

177 1047 306 1095 (puto)
327 1049 383 1097 qui
396 1047 533 1098 quae'de
544 1047 683 1096 Augusti
709 1047 938 1085 consulatibus
960 1049 1071 1086 scribit
1102 1053 1213 1087 Tran-

176 1097 266 1147 quill.
283 1110 466 1148 cap.x>(V1.
479 1099 622 1149 penitius
640 1098 960 1148 expenderit,quam
970 1102 1062 1138 varie
1079 1099 1213 1144 scilicet,

179 1160 379 1204 quantoque
396 1150 588 1192 intervallo,
601 1149 800 1199 plerumque
811 1149 943 1193 absens,
956 1164 1018 1188 nec
1029 1163 1105 1188 toto
1121 1164 1215 1188 anno

179 1212 242 1235 eos
259 1199 400 1250 gelierit.
431 1199 555 1243 Adde,
576 1199 670 1248 quod
697 1199 897 1237 ambitiosus
932 1214 1015 1238 cum
1035 1199 1137 1245 esset,
1164 1204 1215 1240 vi-

179 1248 252 1285 deri
278 1262 397 1288 tamen
414 1250 541 1294 noluit,
571 1250 689 1285 alienae
719 1261 882 1299 praetextu
909 1250 1025 1299 gloriae
1057 1264 1214 1303 quaerens

180 1312 221 1335 ac
240 1300 409 1337 stabiliens
424 1300 534 1337 suam.
565 1302 693 1350 Neque
712 1311 731 1334 a
759 1300 950 1338 consulibus
978 1315 1147 1346 munera,
1175 1315 1214 1340 ac

182 1350 251 1387 ludi
280 1350 541 1400 flagitabantur,
571 1349 628 1386 secl
657 1362 676 1384 a
709 1351 951 1399 quaestoribus,
982 1352 1210 1404 aedilibusque.

184 1403 231 1458 ᾼτ
247 1394 416 1460 Augustus
437 1415 457 1438 a
477 1400 652 1440 consulatu
676 1413 737 1451 per
760 1403 834 1439 vim
853 1416 951 1454 paene
979 1415 1099 1441 contra
1122 1404 1217 1455 leges

185 1463 320 1503 incepit.

793 591 899 628 Liber
915 606 1000 631 unus
1015 623 1024 637 ‚
1055 594 1203 631 duceret.

490 1575 897 1611 CASAUBON.

241 1687 361 1731 Atque
376 1681 428 1717 itu
439 1680 508 1730 post
525 1681 613 1719 hunc
625 1696 697 1720 rem
711 1682 947 1732 temperavit]
963 1684 1080 1721 Placet
1093 1684 1218 1733 magis,

188 1733 327 1783 quodin
345 1732 418 1769 aliis
430 1732 556 1777 exstat,
575 1746 610 1770 ut
629 1736 664 1771 in
683 1734 763 1771 edit.
778 1734 873 1771 Rob.
885 1734 1002 1784 Steph.
1032 1740 1151 1784 Atque
1165 1736 1218 1771 itu

180 1783 316 1833 posthac
330 1797 400 1820 rem
417 1785 632 1831 temperavit.

244 1840 285 1870 Ut
302 1847 368 1871 non
388 1846 551 1871 mznorem
574 1845 752 1872 aratorum
774 1848 815 1871 ac
844 1836 1092 1885 negotiantium
1109 1849 1218 1885 quam

179 1885 293 1933 populi
311 1885 478 1921 rationem
498 1886 711 1932 deduceret.]
773 1888 879 1923 Nove
915 1886 1067 1930 dietum,
1102 1886 1220 1923 utalia

189 1936 297 1972 multa
317 1937 353 1972 in
368 1938 457 1971 Suet.
486 1936 652 1972 rationem
676 1937 834 1971 deducere
852 1965 862 1979 ,
902 1950 964 1987 pro
985 1938 1132 1980 habere,
1162 1938 1222 1974 du-

190 2000 277 2024 cere.
338 1984 593 2036 Compositum
617 1985 697 2023 loco
717 1985 878 2036 simplicis
895 2016 906 2031 ,
934 2000 969 2024 ut
990 1988 1084 2038 apud
1116 1988 1222 2025 Colu-

191 2037 287 2074 mell.
318 2038 477 2084 deputare
504 2037 591 2072 vites
629 2051 691 2086 pro
720 2048 861 2086 putare,
901 2042 937 2074 ὃς
962 2039 1021 2076 lib.
1051 2039 1220 2090 superiore

192 2088 294 2124 rebus
313 2087 547 2123 decedentibus
564 2101 627 2138 pro
646 2087 858 2125 cedentibus.
895 2092 980 2126 Mox
1002 2103 1077 2125 erm
1097 2088 1223 2138 effrege-

193 2149 273 2181 rat,
303 2151 365 2188 pro
382 2135 553 2186 fregerat3
585 2138 679 2188 quod
696 2150 814 2175 tamen
838 2140 873 2176 in
892 2139 1107 2177 membranis
1125 2153 1223 2190 repe-

193 2191 241 2232 ri,
267 2203 341 2226 non
372 2187 620 2237 compositum.
683 2189 737 2226 hic
770 2204 907 2241 quoque
945 2192 1078 2228 duceret
1099 2220 1111 2235 ,
1150 2204 1223 2228 nou

193 2241 369 2276 deduceret
396 2238 538 2276 habetur
567 2242 602 2276 in
628 2240 831 2290 quibusdam
868 2240 961 2278 libris
998 2255 1072 2291 cap.
1093 2253 1222 2279 >cI-111.

194 2291 302 2339 tensas
319 2291 479 2327 deducere
499 2303 562 2340 pro
580 2291 716 2328 ducere.
747 2290 858 2328 sensus
876 2292 945 2336 est,
978 2292 1170 2342 Augustum
1190 2293 1224 2329 in

196 2339 368 2379 divisione
386 2338 550 2378 frumenti
567 2355 640 2378 non
659 2344 772 2379 minus
790 2354 966 2379 aratorum
987 2355 1027 2378 ac
1046 2344 1226 2392 negotian-

196 2393 283 2439 tium
301 2390 498 2428 commodis
520 2391 735 2436 consuluisse,
763 2406 869 2443 quam
887 2393 993 2442 plebis
1010 2394 1225 2443 otiosaffluae

196 2443 234 2478 in
270 2442 355 2479 urbe
390 2442 601 2479 morabatur.
661 2444 835 2493 Populum
863 2445 1009 2494 appellat
1025 2473 1037 2487 ,
1077 2456 1113 2481 ut
1137 2444 1225 2494 saepe

197 2493 298 2537 alibi,
330 2491 469 2544 plebem
483 2505 558 2541 quse
568 2497 695 2530 Romae
712 2493 890 2531 frumento
908 2495 1044 2546 publico
1059 2495 1222 2531 alebatur.

198 2544 274 2580 haec
299 2543 370 2580 fere
405 2542 596 2580 otiosorum
623 2545 807 2582 hominum
840 2544 899 2581 fuit
916 2575 927 2589 ,
953 2550 991 2582 ὅ(
1025 2558 1156 2595 magna
1182 2558 1226 2582 ex

199 2606 294 2645 parte
311 2594 523 2632 funum-tun·
538 2594 658 2631 militia
688 2609 698 2633 :
729 2596 819 2634 cives
838 2598 933 2633 enim
953 2598 1110 2634 Romani
1138 2609 1226 2633 artes

199 2645 374 2689 βαναύε-ες
412 2644 559 2695 plerique
594 2658 614 2682 a
644 2645 675 2682 se
704 2645 928 2696 spernebant,
956 2650 993 2685 ὃς
1020 2647 1098 2683 solis
1125 2647 1227 2685 servis

201 2695 322 2747 dignas
344 2694 562 2742 judicabant,
592 2695 657 2745 ipsi
682 2696 778 2733 bellis
804 2698 976 2737 vacabant
1004 2712 1013 2734 :
1042 2698 1132 2735 unde
1154 2711 1229 2747 per-

201 2748 286 2783 aCtis
303 2745 478 2796 stipendiis
490 2746 590 2796 egeni
609 2747 809 2798 plerumque
826 2748 920 2798 quod
940 2748 1111 2799 supererat
1127 2750 1225 2791 vitae,

202 2796 386 2846 degebant.
441 2796 549 2844 Qod
586 2809 633 2833 ut*
648 2810 784 2835 caveret
819 2799 1007 2848 Augustus,
1035 2799 1227 2836 commoda

203 2846 406 2884 missi0num
423 2850 460 2882 ὅ(
477 2846 604 2882 militiae
631 2859 790 2898 tempora
816 2849 968 2893 definiit,
994 2864 1036 2886 ne
1054 2860 1117 2886 aut
1137 2860 1229 2886 aettzte

201 2907 264 2934 unt
287 2898 397 2946 mepta
412 2896 478 2944 post
495 2895 671 2943 mtffionem
690 2899 866 2944 fhlllciturz
891 2901 938 2936 ad
964 2914 1014 2936 res
1040 2913 1146 2937 novas
1158 2899 1232 2948 post

198 2948 282 2995 fient.
316 2960 351 2985 ut
368 2946 416 2983 est
432 2944 518 2983 infra
536 2946 705 2996 scriptum.
764 2953 852 2986 Hazc
871 2951 927 2989 vel
950 2952 1117 3002 praecipua
1143 2951 1230 2987 olim

202 2996 313 3037 mulsa
326 2996 635 3047 excoginufflmwun
653 2998 772 3048 legum
785 3002 1007 3050 Agrariarum
1036 3017 1050 3038 :-
1077 3003 1122 3038 ita
1135 3003 1230 3038 enim

203 3049 461 3087 exhauriebatur
479 3046 637 3084 famelica
667 3049 725 3085 illa
753 3044 961 3096 multitudo,
1002 3065 1084 3090 vere
1104 3053 1233 3089 sentina

1243 2115 1251 2572 φ

2208 435 2284 482 qu

1259 487 1404 539 largitio,
1427 490 1493 527 Sed
1504 491 1703 541 praeclarum
1715 491 1781 527 lioc
1793 489 1979 527 institutum
1997 490 2107 529 secuta
2121 492 2195 529 sunt
2212 506 2286 529 non

1258 538 1347 577 levia
1358 542 1602 578 incommoda.
1621 542 1777 592 Plerique
1789 543 1884 577 enim
1897 541 1939 577 de
1953 541 2052 591 plebe
2068 544 2103 578 in
2113 556 2148 578 re
2158 541 2285 579 facien-

1259 588 1303 625 da
1320 589 1515 628 omiffiores
1527 593 1624 639 mapa}
1642 594 1727 629 τὲτο
1747 591 1933 634 fastisunt,
1959 593 2159 642 negleihun
2178 606 2286 642 nego-

1257 640 1364 676 tiandi
1379 640 1548 686 studium,
1577 642 1688 693 spreta
1707 656 1874 691 agrorum
1890 646 2017 680 cura&
2033 643 2134 682 servis
2154 642 2289 682 vinetis-

1259 704 1326 777 ?ue
1344 691 1537 730 commista.
1565 707 1611 730 ex
1626 708 1696 744 quo
1714 694 1768 730 illa
1787 694 1876 731 Livii
1905 695 2018 743 gravis
2033 694 2170 745 querela
2200 692 2289 731 libro

1275 753 1353 778 exto
1386 757 1396 780 ι
1425 743 1517 779 olim
1534 744 1791 781 multitudinem
1809 744 2093 781 innumerabilem
2109 744 2291 780 liberorum

1264 793 1414 841 capitum
1441 793 1478 829 in
1503 796 1546 830 ets
1567 795 1667 843 fuisse
1695 794 1793 838 locis,
1818 808 1886 843 quat
1911 807 1999 830 nunc
2025 795 2091 831 vix
2104 795 2290 844 seminario

1262 845 1378 892 exiguo
1397 844 1550 881 militum
1569 845 1681 882 relisi«)
1693 875 1704 889 ,
1721 845 1871 893 servitiu
1882 851 2037 881 Romana
2052 845 2095 881 ab
2104 844 2292 894 solitudine

1265 894 1461 932 vindicant.
1491 895 1569 931 vide
1587 898 1692 934 etiam
1705 897 1904 947 Appianum
1914 895 2002 932 libro
2039 897 2130 933 rimo
2139 895 2183 933 de
2193 896 2292 932 Bellis

1267 944 1429 982 civilibus.
1491 949 1578 982 Haec
1607 948 1692 983 ratio
1720 945 1767 982 est
1783 975 1795 990 ,
1827 959 1885 982 cur
1908 910 2077 997 Augugus
2094 946 2293 984 &tollendi

1267 996 1384 1044 primo
1402 1009 1552 1032 omnem
1568 995 1877 1034 stutuentationem
1895 999 2023 1047 ceperit
2036 1000 2209 1048 impetum
2225 1012 2233 1033 :
2254 1001 2293 1034 fx

1268 1058 1349 1081 cum
1363 1046 1479 1096 postea
1499 1060 1518 1083 e
1538 1060 1574 1083 re
1593 1061 1665 1084 non
1682 1048 1757 1084 fore
1777 1047 1811 1083 id
1831 1045 2022 1093 iudicasset,
2035 1047 2128 1083 notro}
2145 1047 2293 1097 δεύτερον

1268 1097 1383 1139 πλέν,
1410 1097 1504 1147 quod
1519 1100 1632 1145 ajunt,
1663 1110 1699 1135 nt
1716 1097 1808 1149 vulgi
1825 1097 2022 1135 socordiam
2040 1099 2224 1141 excitaret,
2249 1098 2295 1135 ad

1266 1144 1578 1185 frumentationem
1600 1162 1672 1186 non
1693 1151 1809 1186 minus
1838 1162 1899 1186 eos
1924 1148 2098 1186 admiserit
2114 1151 2171 1200 qui
2191 1161 2293 1199 agros

1270 1197 1477 1235 colerent&
1497 1201 1729 1238 mercimonia
1753 1211 2107 1250 exe1·cerent,rquam
2128 1213 2294 1252 pauperes

1268 1247 1344 1285 illos
1369 1248 1525 1293 urbicos,
1553 1253 1609 1301 qui
1644 1251 1727 1295 soli,
1753 1263 1790 1287 ut
1817 1251 1970 1294 videtur,
1998 1263 2079 1288 ante
2103 1251 2295 1302 Augustum

1268 1299 1407 1349 publico
1425 1299 1602 1338 frumento
1619 1302 1662 1338 ali
1684 1301 1778 1339 soliti.
1836 1302 2069 1351 Negotiantes
2093 1301 2188 1346 sunt,
2220 1316 2293 1340 non

1269 1363 1356 1400 quos
1376 1362 1467 1400 putat
1477 1354 1700 1398 Torrentius;
1725 1352 1783 1389 sed
1823 1353 1992 1401 uicunque
2009 1353 2162 1403 aliquam
2182 1366 2294 1402 nego-

1268 1402 1452 1438 tiationem
1472 1415 1688 1446 exercerent,
1718 1366 1909 1449 cujusinodi
1941 1414 2036 1439 erant
2071 1405 2291 1446 centonaria‚

1268 1450 1422 1501 sagaria,
1447 1452 1606 1502 lignaria,
1635 1453 1860 1496 carbonaria,
1888 1454 2136 1497 coenacularia,
2154 1453 2296 1491 &simi-

1269 1501 1318 1539 les
1336 1502 1387 1538 his
1406 1501 1478 1538 aliae
1494 1504 1529 1539 in
1549 1515 1706 1541 veterum
1719 1503 1811 1541 libris
1832 1507 1870 1539 ὂ(
1887 1503 2033 1552 antiquis
2048 1503 2216 1552 lapidibus
2232 1518 2298 1541 no·

1270 1553 1422 1590 minatae.
1450 1555 1497 1589 Hi
1514 1550 1589 1590 sunt
1608 1555 1667 1605 qui
1686 1552 1957 1605 Imperatoribus
1974 1554 2010 1590 in
2028 1553 2160 1591 Codice
2179 1554 2295 1591 dicun-

1270 1614 1322 1639 tur
1340 1604 1508 1652 negotium
1520 1618 1653 1652 gerere,
1684 1605 1742 1643 vel
1760 1606 1797 1641 in
1821 1604 1957 1654 negotiis
1965 1603 2150 1652 pecuniam
2166 1607 2293 1643 tratta-

1268 1667 1303 1690 νε
1316 1682 1327 1697 ,
1354 1666 1411 1690 aut
1427 1655 1647 1691 merczmonia
1663 1656 1806 1705 agitare.

1323 1719 1380 1749 43.
1410 1705 1525 1753 Fecisse
1541 1705 1636 1742 ludos
1647 1706 1685 1755 se
1702 1707 1764 1744 ait.
1778 1703 1791 1752 ]
1838 1708 1880 1742 In
1896 1703 2088 1749 breviario,
2119 1706 2157 1742 ni
2169 1702 2270 1743 fallor
2281 1735 2292 1751 ‚

1268 1768 1388 1791 rerum
1408 1753 1554 1794 suarum.

1321 1810 1384 1841 Suo
1402 1806 1535 1842 nomine
1555 1817 1686 1856 quater.
1705 1805 1722 1855 ]
1780 1807 1865 1846 Mihi
1887 1819 2025 1858 quoque
2050 1805 2218 1856 suspestus
2240 1806 2293 1844 hic

1268 1869 1431 1893 numerus
1440 1885 1452 1900 ,
1463 1855 1524 1892 etsi
1535 1859 1697 1894 omnium
1713 1858 1797 1896 libb.
1809 1858 1975 1896 consensu
1993 1856 2218 1895 confirmatus
2229 1873 2239 1895 t
2255 1862 2294 1895 ὃ(

1269 1907 1363 1957 quod
1383 1909 1497 1953 majus
1515 1907 1562 1944 est
1576 1937 1589 1951 ,
1621 1910 1707 1945 inter
1735 1910 1925 1961 legendum
1942 1910 2068 1945 Dionis
2092 1908 2267 1946 historiam
2280 1938 2292 1952 ,

1270 1959 1366 1995 ludos
1377 1958 1421 1994 ab
1437 1957 1590 2008 Augusto
1605 1957 1665 1996 suo
1675 1963 1820 1997 nomine
1839 1961 1948 1997 editos
1966 1972 2039 1997 non
2055 1959 2145 1997 adeo
2166 1959 2296 1997 multos

1269 2008 1455 2048 observare
1488 2008 1577 2046 visus
1594 2009 1681 2047 sum.
1708 2025 1794 2048 nam
1817 2012 1873 2048 alii
1902 2011 2013 2061 potius
2047 2012 2120 2057 ejus
2149 2011 2295 2046 nornine

1270 2060 1430 2097 edebant.
1490 2058 1557 2095 Sed
1577 2061 1688 2097 verius
1717 2062 1783 2105 est,
1815 2060 2041 2111 repetendum
2077 2073 2118 2096 ex
2144 2060 2297 2110 sequenti

1271 2111 1416 2161 periodo
1433 2108 1583 2149 verbum
1599 2111 1715 2147 vicies.
1748 2125 1823 2162 qua:
1844 2109 2080 2160 βραχυλογία
2090 2113 2218 2148 Graecis
2231 2114 2298 2147 La-

1269 2162 1410 2211 tinisque
1426 2159 1547 2197 usitata
1567 2160 1614 2196 est
1639 2175 1648 2196 :
1681 2174 1807 2200 verum
1840 2163 1886 2198 ita
1912 2160 2004 2205 fere,
2029 2172 2065 2197 ut
2094 2162 2208 2205 major
2236 2175 2297 2198 nu-

1270 2226 1387 2250 merus
1410 2213 1446 2248 in
1478 2211 1589 2262 priore
1618 2224 1797 2249 commate
1833 2211 1960 2262 positus
2001 2212 2109 2248 etiam
2146 2210 2297 2262 sequenti

1269 2263 1412 2306 serviat,
1439 2272 1559 2298 contra
1575 2273 1682 2312 quam
1700 2262 1754 2300 hic
1775 2261 1824 2300 fit.
1867 2263 1994 2300 Plinius
2019 2262 2076 2298 lib.
2099 2276 2228 2300 xv111.
2258 2269 2297 2298 ln

1273 2313 1519 2364 Transpadana
1537 2312 1646 2348 ltalia
1657 2313 1729 2360 fcto
1758 2314 1895 2350 vicenus
1945 2314 2045 2349 uinus
2072 2311 2298 2359 librasfarris

1272 2365 1396 2401 modios
1403 2363 1572 2413 pendere,
1603 2363 1692 2398 circu
1713 2363 1868 2413 Clustum
1886 2326 2061 2412 &2stan
2089 2366 2225 2413 Repete
2245 2377 2298 2399 v!-

1275 2428 1381 2452 cenas.
1426 2411 1620 2450 Aristoteles
1641 2414 1676 2450 in
1694 2413 1810 2452 libello
1828 2413 1872 2450 de
1883 2412 2054 2450 Miraculis
2070 2413 2188 2450 auditis
2217 2428 2226 2451 ε
2252 2413 2298 2450 Τῖο

1272 2465 1314 2511 d'L’
1335 2465 1362 2502 ἐν
1380 2465 1423 2513 τῇ
1443 2462 1586 2513 Λιπάρᾳ
1606 2463 1691 2500 ποτὲ
1722 2465 1779 2501 καὶ
1809 2463 1977 2501 ἐκλείπειν
2004 2463 2088 2511 φησὶ
2119 2463 2298 2510 Ξενοφάνης

1274 2516 1340 2552 ἔτει
1364 2513 1689 2561 ἔκκαιὲεκοὶτῳ,τῷ
1710 2517 1753 2562 di.
1776 2513 1913 2561 ἓςὸόμῳ
1936 2515 2297 2563 e'wuv524-9ei'v.ftptlmo

1270 2565 1305 2602 id
1324 2566 1372 2602 est
1384 2595 1396 2610 ,
1423 2565 1563 2602 decimo
1579 2565 1740 2614 septimo.
1771 2567 1846 2603 sive
1863 2567 1962 2616 igitur
1978 2576 2095 2616 quater
2114 2565 2172 2602 suo
2184 2566 2298 2601 nomi-

1273 2630 1318 2653 ne
1343 2616 1442 2654 ludos
1469 2615 1636 2666 Augustus
1665 2615 1769 2653 edidit
1785 2646 1797 2660 ,
1824 2614 1915 2658 five,
1943 2616 2037 2667 quod
2056 2617 2166 2667 potius
2194 2627 2297 2667 puto,

1275 2667 1417 2718 saepius‚
1446 2666 1530 2703 nibil
1545 2666 1599 2703 hic
1622 2667 1832 2704 mutandum
1851 2667 2041 2704 censemus.

1637 2773 1941 2809 VARIOR.

1336 2873 1535 2909 Deduceret.
1552 2869 1566 2920 ]
1627 2871 1735 2908 Miror
1744 2899 1755 2914 ,
1786 2883 1843 2906 cur
1853 2867 1862 2874 '
1873 2879 2020 2918 magnus
2043 2868 2206 2919 interpres
2233 2867 2301 2906 hoc

1281 2921 1441 2963 observet
1457 2935 1549 2962 nove
1562 2921 1703 2960 distum.
1736 2923 1836 2958 Nam
1846 2922 1883 2956 δε
1893 2930 1971 2956 ante
1982 2917 2028 2954 fic
2044 2920 2203 2957 Manilius
2213 2919 2302 2956 libro

1287 2986 1299 3009 1
1312 2987 1323 3009 1
1337 2987 1364 3011 1.

1397 3041 1448 3072 διε
1464 3035 1530 3072 erit
1541 3035 1772 3085 adsummum
1788 3034 1876 3070 ratio
1893 3032 2038 3068 dedum
2043 3030 2201 3078 priorem.

204 3099 304 3138 urbis.
317 3097 476 3138 Alterum
492 3097 576 3136 mali
592 3099 790 3139 remedium
807 3100 889 3147 fuit,
921 3101 1056 3154 publica
1070 3101 1238 3160 frumenti
1286 3107 1483 3158 Imperator
1507 3107 1542 3144 in
1570 3111 1601 3152 §.
1616 3119 1679 3149 xm
1692 3121 1703 3145 ι
1717 3120 1744 3146 1.
1773 3105 1815 3146 de
1835 3107 1971 3148 Astion.
2033 3114 2073 3146 In
2090 3121 2161 3160 qua
2180 3105 2309 3142 aeliane

2194 3167 2311 3194 eal‘ftin
