<?xml version="1.0" encoding="UTF-8"?>
<!DOCTYPE html PUBLIC "-//W3C//DTD XHTML 1.0 Transitional//EN"
    "http://www.w3.org/TR/xhtml1/DTD/xhtml1-transitional.dtd">
<html xmlns="http://www.w3.org/1999/xhtml" xml:lang="en" lang="en">
 <head>
  <title>
</title>
<meta http-equiv="Content-Type" content="text/html;charset=utf-8" />
  <meta name='ocr-system' content='tesseract 3.04.00' />
  <meta name='ocr-capabilities' content='ocr_page ocr_carea ocr_par ocr_line ocrx_word'/>
</head>
<body>
  <div class='ocr_page' id='page_1' title='image "./csuetoniustranqu00suet_0625.png"; bbox 0 0 2504 3425; ppageno 0'>
   <div class='ocr_carea' id='block_1_1' title="bbox 156 196 2258 283">
    <p class='ocr_par' dir='ltr' id='par_1_1' title="bbox 156 196 2258 283">
     <span class='ocr_line' id='line_1_1' title="bbox 156 196 2258 283; baseline 0.014 -42"><span class='ocrx_word' id='word_1_1' title='bbox 156 196 402 275; x_wconf 35' lang='lat' dir='ltr'>”geg-&#39;‘313‘’</span> <span class='ocrx_word' id='word_1_2' title='bbox 662 198 728 252; x_wconf 74' lang='lat' dir='ltr'>A.</span> <span class='ocrx_word' id='word_1_3' title='bbox 841 198 900 256; x_wconf 92' lang='lat' dir='ltr'>V</span> <span class='ocrx_word' id='word_1_4' title='bbox 976 219 998 256; x_wconf 90' lang='lat'>1</span> <span class='ocrx_word' id='word_1_5' title='bbox 1076 214 1116 254; x_wconf 81' lang='lat' dir='ltr'>‘r</span> <span class='ocrx_word' id='word_1_6' title='bbox 1194 218 1225 255; x_wconf 69' lang='lat' dir='ltr'>n</span> <span class='ocrx_word' id='word_1_7' title='bbox 1305 219 1339 255; x_wconf 76' lang='grc' dir='ltr'><strong>ι</strong></span> <span class='ocrx_word' id='word_1_8' title='bbox 1419 221 1452 257; x_wconf 78' lang='lat' dir='ltr'>L</span> <span class='ocrx_word' id='word_1_9' title='bbox 1534 224 1553 258; x_wconf 87' lang='lat'>1</span> <span class='ocrx_word' id='word_1_10' title='bbox 1635 223 1669 261; x_wconf 87' lang='lat' dir='ltr'>u</span> <span class='ocrx_word' id='word_1_11' title='bbox 1748 223 1790 260; x_wconf 87' lang='lat' dir='ltr'>s.</span> <span class='ocrx_word' id='word_1_12' title='bbox 2153 219 2258 283; x_wconf 74' lang='lat'>605</span> 
     </span>
    </p>
   </div>
   <div class='ocr_carea' id='block_1_2' title="bbox 104 289 2257 1303">
    <p class='ocr_par' dir='ltr' id='par_1_2' title="bbox 104 289 2257 1303">
     <span class='ocr_line' id='line_1_2' title="bbox 146 289 2257 361; baseline 0.006 -23"><span class='ocrx_word' id='word_1_13' title='bbox 146 291 390 346; x_wconf 57' lang='lat' dir='ltr'>addietum,</span> <span class='ocrx_word' id='word_1_14' title='bbox 422 302 478 333; x_wconf 85' lang='lat' dir='ltr'>ne</span> <span class='ocrx_word' id='word_1_15' title='bbox 496 302 578 352; x_wconf 83' lang='lat' dir='ltr'>qua</span> <span class='ocrx_word' id='word_1_16' title='bbox 602 304 692 335; x_wconf 89' lang='lat' dir='ltr'>non</span> <span class='ocrx_word' id='word_1_17' title='bbox 708 301 791 336; x_wconf 85' lang='lat' dir='ltr'>arte</span> <span class='ocrx_word' id='word_1_18' title='bbox 813 289 1116 348; x_wconf 85' lang='lat' dir='ltr'>demereretur,</span> <span class='ocrx_word' id='word_1_19' title='bbox 1150 307 1226 353; x_wconf 88' lang='lat' dir='ltr'>pro</span> <span class='ocrx_word' id='word_1_20' title='bbox 1251 295 1434 340; x_wconf 84' lang='lat' dir='ltr'>maximo</span> <span class='ocrx_word' id='word_1_21' title='bbox 1458 312 1629 344; x_wconf 86' lang='lat' dir='ltr'>munere</span> <span class='ocrx_word' id='word_1_22' title='bbox 1651 314 1673 343; x_wconf 91' lang='lat' dir='ltr'>a</span> <span class='ocrx_word' id='word_1_23' title='bbox 1690 297 1917 345; x_wconf 78' lang='lat' dir='ltr'>Meffallina</span> <span class='ocrx_word' id='word_1_24' title='bbox 1940 302 2084 361; x_wconf 83' lang='lat' dir='ltr'>petiit,</span> <span class='ocrx_word' id='word_1_25' title='bbox 2120 307 2257 356; x_wconf 73' lang='lat' dir='ltr'>utsxbi‘</span> 
     </span>
     <span class='ocr_line' id='line_1_3' title="bbox 153 352 2252 432; baseline 0.007 -34"><span class='ocrx_word' id='word_1_26' title='bbox 153 353 280 416; x_wconf 81' lang='lat' dir='ltr'>pedes</span> <span class='ocrx_word' id='word_1_27' title='bbox 297 352 500 416; x_wconf 78' lang='lat' dir='ltr'>praeberet</span> <span class='ocrx_word' id='word_1_28' title='bbox 522 353 816 400; x_wconf 81' lang='lat' dir='ltr'>excalceandos</span> <span class='ocrx_word' id='word_1_29' title='bbox 836 373 848 400; x_wconf 73' lang='grc' dir='ltr'><strong>ι</strong></span> <span class='ocrx_word' id='word_1_30' title='bbox 884 356 1195 417; x_wconf 70' lang='lat' dir='ltr'>detra&amp;umque</span> <span class='ocrx_word' id='word_1_31' title='bbox 1220 355 1430 403; x_wconf 88' lang='lat' dir='ltr'>socculum</span> <span class='ocrx_word' id='word_1_32' title='bbox 1455 360 1674 417; x_wconf 83' lang='lat' dir='ltr'>dextrum,</span> <span class='ocrx_word' id='word_1_33' title='bbox 1707 362 1815 408; x_wconf 85' lang='lat' dir='ltr'>inter</span> <span class='ocrx_word' id='word_1_34' title='bbox 1847 376 1989 425; x_wconf 85' lang='lat' dir='ltr'>togam</span> <span class='ocrx_word' id='word_1_35' title='bbox 2009 368 2252 432; x_wconf 72' lang='lat' dir='ltr'>tunicasque</span> 
     </span>
     <span class='ocr_line' id='line_1_4' title="bbox 152 414 2257 487; baseline 0.008 -26"><span class='ocrx_word' id='word_1_36' title='bbox 152 414 328 480; x_wconf 84' lang='lat' dir='ltr'>gestavit</span> <span class='ocrx_word' id='word_1_37' title='bbox 351 415 504 462; x_wconf 83' lang='lat' dir='ltr'>assidue</span> <span class='ocrx_word' id='word_1_38' title='bbox 524 451 539 474; x_wconf 88' lang='lat'>‚</span> <span class='ocrx_word' id='word_1_39' title='bbox 572 433 661 462; x_wconf 86' lang='lat' dir='ltr'>non</span> <span class='ocrx_word' id='word_1_40' title='bbox 687 433 918 481; x_wconf 84' lang='lat' dir='ltr'>numquam</span> <span class='ocrx_word' id='word_1_41' title='bbox 939 419 1256 465; x_wconf 76' lang='lat' dir='ltr'>osculabunduS.</span> <span class='ocrx_word' id='word_1_42' title='bbox 1320 422 1499 467; x_wconf 75' lang='lat' dir='ltr'>Narciffi</span> <span class='ocrx_word' id='word_1_43' title='bbox 1528 441 1700 487; x_wconf 86' lang='lat' dir='ltr'>quoque</span> <span class='ocrx_word' id='word_1_44' title='bbox 1739 429 1782 470; x_wconf 86' lang='lat'>&amp;</span> <span class='ocrx_word' id='word_1_45' title='bbox 1822 429 2016 474; x_wconf 76' lang='lat' dir='ltr'>Pallantis</span> <span class='ocrx_word' id='word_1_46' title='bbox 2051 432 2257 482; x_wconf 64' lang='lat' dir='ltr'>imagines</span> 
     </span>
     <span class='ocr_line' id='line_1_5' title="bbox 153 481 2256 551; baseline 0.009 -26"><span class='ocrx_word' id='word_1_47' title='bbox 153 496 293 526; x_wconf 77' lang='lat' dir='ltr'>aureas</span> <span class='ocrx_word' id='word_1_48' title='bbox 313 482 422 527; x_wconf 88' lang='lat' dir='ltr'>inter</span> <span class='ocrx_word' id='word_1_49' title='bbox 439 483 564 527; x_wconf 89' lang='lat' dir='ltr'><strong>Lares</strong></span> <span class='ocrx_word' id='word_1_50' title='bbox 584 481 727 527; x_wconf 89' lang='lat' dir='ltr'>coluit.</span> <span class='ocrx_word' id='word_1_51' title='bbox 794 485 936 541; x_wconf 86' lang='lat' dir='ltr'>Hujus</span> <span class='ocrx_word' id='word_1_52' title='bbox 958 487 1002 528; x_wconf 88' lang='lat'>&amp;</span> <span class='ocrx_word' id='word_1_53' title='bbox 1028 484 1096 528; x_wconf 86' lang='lat' dir='ltr'>illa</span> <span class='ocrx_word' id='word_1_54' title='bbox 1118 496 1200 528; x_wconf 79' lang='lat' dir='ltr'>vox</span> <span class='ocrx_word' id='word_1_55' title='bbox 1212 482 1291 540; x_wconf 89' lang='lat' dir='ltr'>est,</span> <span class='ocrx_word' id='word_1_56' title='bbox 1327 488 1430 551; x_wconf 81' lang='lat' dir='ltr'>Saepe</span> <span class='ocrx_word' id='word_1_57' title='bbox 1440 488 1602 548; x_wconf 77' lang='lat' dir='ltr'>facias:</span> <span class='ocrx_word' id='word_1_58' title='bbox 1636 504 1734 534; x_wconf 87' lang='lat' dir='ltr'>cum</span> <span class='ocrx_word' id='word_1_59' title='bbox 1757 488 1960 536; x_wconf 78' lang='lat' dir='ltr'>saecularcs</span> <span class='ocrx_word' id='word_1_60' title='bbox 1977 493 2096 538; x_wconf 87' lang='lat' dir='ltr'>ludos</span> <span class='ocrx_word' id='word_1_61' title='bbox 2115 483 2256 545; x_wconf 66' lang='lat' dir='ltr'>edenti</span> 
     </span>
     <span class='ocr_line' id='line_1_6' title="bbox 104 543 2255 614; baseline 0.008 -25"><span class='ocrx_word' id='word_1_62' title='bbox 104 550 128 603; x_wconf 70' lang='lat'>3</span> <span class='ocrx_word' id='word_1_63' title='bbox 154 543 339 591; x_wconf 82' lang='lat' dir='ltr'>Claudio</span> <span class='ocrx_word' id='word_1_64' title='bbox 371 546 654 607; x_wconf 85' lang='lat' dir='ltr'>gratularetur.</span> <span class='ocrx_word' id='word_1_65' title='bbox 720 545 908 591; x_wconf 83' lang='lat' dir='ltr'>Decessit</span> <span class='ocrx_word' id='word_1_66' title='bbox 941 545 1106 608; x_wconf 76' lang='lat' dir='ltr'>paralysi</span> <span class='ocrx_word' id='word_1_67' title='bbox 1143 547 1273 591; x_wconf 89' lang='lat' dir='ltr'>altero</span> <span class='ocrx_word' id='word_1_68' title='bbox 1305 547 1372 592; x_wconf 90' lang='lat' dir='ltr'>die</span> <span class='ocrx_word' id='word_1_69' title='bbox 1409 566 1533 610; x_wconf 80' lang='lat' dir='ltr'>quam</span> <span class='ocrx_word' id='word_1_70' title='bbox 1579 566 1789 614; x_wconf 85' lang='lat' dir='ltr'>correptus</span> <span class='ocrx_word' id='word_1_71' title='bbox 1821 552 1881 598; x_wconf 89' lang='lat' dir='ltr'>est</span> <span class='ocrx_word' id='word_1_72' title='bbox 1903 589 1915 609; x_wconf 91' lang='lat'>,</span> <span class='ocrx_word' id='word_1_73' title='bbox 1959 555 2126 602; x_wconf 86' lang='lat' dir='ltr'>duobus</span> <span class='ocrx_word' id='word_1_74' title='bbox 2157 559 2255 606; x_wconf 83' lang='lat' dir='ltr'>filiis</span> 
     </span>
     <span class='ocr_line' id='line_1_7' title="bbox 147 605 2246 680; baseline 0.008 -27"><span class='ocrx_word' id='word_1_75' title='bbox 147 605 461 669; x_wconf 85' lang='lat' dir='ltr'>superstitibus,</span> <span class='ocrx_word' id='word_1_76' title='bbox 493 624 603 670; x_wconf 87' lang='lat' dir='ltr'>quos</span> <span class='ocrx_word' id='word_1_77' title='bbox 625 625 676 654; x_wconf 88' lang='lat' dir='ltr'>cx</span> <span class='ocrx_word' id='word_1_78' title='bbox 699 610 866 654; x_wconf 84' lang='lat' dir='ltr'>Sextilia</span> <span class='ocrx_word' id='word_1_79' title='bbox 890 607 1168 671; x_wconf 72' lang='lat' dir='ltr'>probatissima</span> <span class='ocrx_word' id='word_1_80' title='bbox 1184 643 1197 663; x_wconf 92' lang='lat'>‚</span> <span class='ocrx_word' id='word_1_81' title='bbox 1231 627 1308 657; x_wconf 86' lang='lat' dir='ltr'>nec</span> <span class='ocrx_word' id='word_1_82' title='bbox 1328 612 1509 672; x_wconf 83' lang='lat' dir='ltr'>ignobili</span> <span class='ocrx_word' id='word_1_83' title='bbox 1533 612 1694 660; x_wconf 81' lang='lat' dir='ltr'>femina</span> <span class='ocrx_word' id='word_1_84' title='bbox 1719 616 1853 663; x_wconf 89' lang='lat' dir='ltr'>editos</span> <span class='ocrx_word' id='word_1_85' title='bbox 1881 618 2092 665; x_wconf 79' lang='lat' dir='ltr'>Consules</span> <span class='ocrx_word' id='word_1_86' title='bbox 2116 623 2246 680; x_wconf 70' lang='lat' dir='ltr'>vidit,</span> 
     </span>
     <span class='ocr_line' id='line_1_8' title="bbox 149 670 2249 734; baseline 0.008 -19"><span class='ocrx_word' id='word_1_87' title='bbox 149 673 196 716; x_wconf 74' lang='grc' dir='ltr'>δε</span> <span class='ocrx_word' id='word_1_88' title='bbox 250 671 394 718; x_wconf 88' lang='lat' dir='ltr'>uidem</span> <span class='ocrx_word' id='word_1_89' title='bbox 418 671 577 717; x_wconf 83' lang='lat' dir='ltr'>eodem</span> <span class='ocrx_word' id='word_1_90' title='bbox 610 670 757 718; x_wconf 83' lang='lat' dir='ltr'>ambos</span> <span class='ocrx_word' id='word_1_91' title='bbox 790 685 968 734; x_wconf 88' lang='lat' dir='ltr'>totoque</span> <span class='ocrx_word' id='word_1_92' title='bbox 1003 688 1134 727; x_wconf 77' lang='lat' dir='ltr'>ann0‚</span> <span class='ocrx_word' id='word_1_93' title='bbox 1167 687 1263 717; x_wconf 89' lang='lat' dir='ltr'>cum</span> <span class='ocrx_word' id='word_1_94' title='bbox 1300 676 1449 731; x_wconf 82' lang='lat' dir='ltr'>majori</span> <span class='ocrx_word' id='word_1_95' title='bbox 1482 678 1625 722; x_wconf 89' lang='lat' dir='ltr'>minor</span> <span class='ocrx_word' id='word_1_96' title='bbox 1644 679 1687 723; x_wconf 89' lang='lat' dir='ltr'>in</span> <span class='ocrx_word' id='word_1_97' title='bbox 1707 694 1780 724; x_wconf 84' lang='lat' dir='ltr'>vt.</span> <span class='ocrx_word' id='word_1_98' title='bbox 1819 683 1977 728; x_wconf 84' lang='lat' dir='ltr'>menses</span> <span class='ocrx_word' id='word_1_99' title='bbox 1996 681 2249 734; x_wconf 75' lang='lat' dir='ltr'>succeffiffet.</span> 
     </span>
     <span class='ocr_line' id='line_1_9' title="bbox 147 688 2249 800; baseline 0.008 -20"><span class='ocrx_word' id='word_1_100' title='bbox 147 688 419 781; x_wconf 58' lang='lat' dir='ltr'>Decflunfium</span> <span class='ocrx_word' id='word_1_101' title='bbox 443 738 615 781; x_wconf 87' lang='lat' dir='ltr'>Senatus</span> <span class='ocrx_word' id='word_1_102' title='bbox 639 735 810 797; x_wconf 86' lang='lat' dir='ltr'>publico</span> <span class='ocrx_word' id='word_1_103' title='bbox 834 733 983 780; x_wconf 83' lang='lat' dir='ltr'>funere</span> <span class='ocrx_word' id='word_1_104' title='bbox 1007 733 1258 781; x_wconf 81' lang='lat' dir='ltr'>hon01·avit·.</span> <span class='ocrx_word' id='word_1_105' title='bbox 1292 737 1397 782; x_wconf 89' lang='lat' dir='ltr'>item</span> <span class='ocrx_word' id='word_1_106' title='bbox 1420 735 1547 783; x_wconf 75' lang='lat' dir='ltr'>statua</span> <span class='ocrx_word' id='word_1_107' title='bbox 1568 755 1644 800; x_wconf 85' lang='lat' dir='ltr'>pro</span> <span class='ocrx_word' id='word_1_108' title='bbox 1665 742 1854 800; x_wconf 82' lang='lat' dir='ltr'>Rostris,</span> <span class='ocrx_word' id='word_1_109' title='bbox 1892 762 1989 792; x_wconf 88' lang='lat' dir='ltr'>cum</span> <span class='ocrx_word' id='word_1_110' title='bbox 2008 745 2082 793; x_wconf 82' lang='lat' dir='ltr'>hac</span> <span class='ocrx_word' id='word_1_111' title='bbox 2107 748 2249 797; x_wconf 84' lang='lat' dir='ltr'>inscri-</span> 
     </span>
     <span class='ocr_line' id='line_1_10' title="bbox 146 797 2253 872; baseline 0.008 -29"><span class='ocrx_word' id='word_1_112' title='bbox 146 799 320 860; x_wconf 72' lang='lat' dir='ltr'>Ptione,</span> <span class='ocrx_word' id='word_1_113' title='bbox 353 799 647 845; x_wconf 83' lang='lat' dir='ltr'>PIETATts</span> <span class='ocrx_word' id='word_1_114' title='bbox 679 797 911 843; x_wconf 85' lang='lat' dir='ltr'>immobilis</span> <span class='ocrx_word' id='word_1_115' title='bbox 941 814 1038 860; x_wconf 82' lang='lat' dir='ltr'>erga</span> <span class='ocrx_word' id='word_1_116' title='bbox 1069 799 1323 858; x_wconf 82' lang='lat' dir='ltr'>Principem.</span> <span class='ocrx_word' id='word_1_117' title='bbox 1392 800 1528 845; x_wconf 88' lang='lat' dir='ltr'>Aulus</span> <span class='ocrx_word' id='word_1_118' title='bbox 1561 803 1760 849; x_wconf 81' lang='lat' dir='ltr'>Vitellius</span> <span class='ocrx_word' id='word_1_119' title='bbox 1791 809 1839 851; x_wconf 90' lang='lat' dir='ltr'>L.</span> <span class='ocrx_word' id='word_1_120' title='bbox 1860 807 1970 854; x_wconf 84' lang='lat' dir='ltr'>filius</span> <span class='ocrx_word' id='word_1_121' title='bbox 2002 800 2119 872; x_wconf 50' lang='lat' dir='ltr'>Imp..</span> <span class='ocrx_word' id='word_1_122' title='bbox 2132 829 2253 862; x_wconf 85' lang='lat' dir='ltr'>natus</span> 
     </span>
     <span class='ocr_line' id='line_1_11' title="bbox 145 858 2245 935; baseline 0.008 -28"><span class='ocrx_word' id='word_1_123' title='bbox 145 858 208 907; x_wconf 85' lang='lat' dir='ltr'>est</span> <span class='ocrx_word' id='word_1_124' title='bbox 231 879 367 909; x_wconf 81' lang='lat' dir='ltr'>vxu.</span> <span class='ocrx_word' id='word_1_125' title='bbox 398 862 581 908; x_wconf 84' lang='lat' dir='ltr'>Kalend.</span> <span class='ocrx_word' id='word_1_126' title='bbox 612 858 840 914; x_wconf 65' lang='lat' dir='ltr'>Ofiobris,</span> <span class='ocrx_word' id='word_1_127' title='bbox 873 861 966 915; x_wconf 90' lang='lat' dir='ltr'>vel,</span> <span class='ocrx_word' id='word_1_128' title='bbox 1000 873 1047 904; x_wconf 89' lang='lat' dir='ltr'>ut</span> <span class='ocrx_word' id='word_1_129' title='bbox 1064 860 1263 921; x_wconf 85' lang='lat' dir='ltr'>quidam,</span> <span class='ocrx_word' id='word_1_130' title='bbox 1297 877 1401 908; x_wconf 92' lang='lat' dir='ltr'><strong>v11.</strong></span> <span class='ocrx_word' id='word_1_131' title='bbox 1438 863 1535 909; x_wconf 83' lang='lat' dir='ltr'>Idus</span> <span class='ocrx_word' id='word_1_132' title='bbox 1557 867 1810 925; x_wconf 84' lang='lat' dir='ltr'>Septembris</span> <span class='ocrx_word' id='word_1_133' title='bbox 1831 903 1844 924; x_wconf 92' lang='lat'>,</span> <span class='ocrx_word' id='word_1_134' title='bbox 1880 873 2021 917; x_wconf 87' lang='lat' dir='ltr'>Druso</span> <span class='ocrx_word' id='word_1_135' title='bbox 2055 876 2245 935; x_wconf 78' lang='lat' dir='ltr'>Caesare,</span> 
     </span>
     <span class='ocr_line' id='line_1_12' title="bbox 146 923 2247 994; baseline 0.007 -22"><span class='ocrx_word' id='word_1_136' title='bbox 146 925 361 972; x_wconf 76' lang='lat' dir='ltr'>Norbano</span> <span class='ocrx_word' id='word_1_137' title='bbox 377 926 526 971; x_wconf 70' lang='lat' dir='ltr'>flacco</span> <span class='ocrx_word' id='word_1_138' title='bbox 547 924 713 969; x_wconf 83' lang='lat' dir='ltr'><strong>COSS.</strong></span> <span class='ocrx_word' id='word_1_139' title='bbox 738 923 993 968; x_wconf 88' lang='lat' dir='ltr'>Genituram</span> <span class='ocrx_word' id='word_1_140' title='bbox 1015 927 1102 982; x_wconf 84' lang='lat' dir='ltr'>ejus</span> <span class='ocrx_word' id='word_1_141' title='bbox 1126 924 1358 985; x_wconf 78' lang='lat' dir='ltr'>praedic0cam</span> <span class='ocrx_word' id='word_1_142' title='bbox 1386 943 1408 972; x_wconf 85' lang='lat' dir='ltr'>a</span> <span class='ocrx_word' id='word_1_143' title='bbox 1433 926 1761 985; x_wconf 74' lang='lat' dir='ltr'>mathematiciS,</span> <span class='ocrx_word' id='word_1_144' title='bbox 1795 933 1850 976; x_wconf 84' lang='lat' dir='ltr'>ita</span> <span class='ocrx_word' id='word_1_145' title='bbox 1872 948 2062 994; x_wconf 81' lang='lat' dir='ltr'>parentes</span> <span class='ocrx_word' id='word_1_146' title='bbox 2095 940 2247 987; x_wconf 76' lang='lat' dir='ltr'>exhor-</span> 
     </span>
     <span class='ocr_line' id='line_1_13' title="bbox 145 985 2246 1053; baseline 0.003 -19"><span class='ocrx_word' id='word_1_147' title='bbox 145 1003 317 1034; x_wconf 81' lang='lat' dir='ltr'>ruerunt</span> <span class='ocrx_word' id='word_1_148' title='bbox 338 1024 354 1046; x_wconf 92' lang='lat'>,</span> <span class='ocrx_word' id='word_1_149' title='bbox 375 1001 432 1033; x_wconf 73' lang='lat' dir='ltr'>2ut</span> <span class='ocrx_word' id='word_1_150' title='bbox 452 1001 565 1051; x_wconf 82' lang='lat' dir='ltr'>pater</span> <span class='ocrx_word' id='word_1_151' title='bbox 586 1002 840 1048; x_wconf 81' lang='lat' dir='ltr'>magnopere</span> <span class='ocrx_word' id='word_1_152' title='bbox 871 985 1031 1048; x_wconf 82' lang='lat' dir='ltr'><strong>semper</strong></span> <span class='ocrx_word' id='word_1_153' title='bbox 1051 987 1313 1035; x_wconf 88' lang='lat' dir='ltr'>contenderit</span> <span class='ocrx_word' id='word_1_154' title='bbox 1337 1024 1350 1044; x_wconf 86' lang='lat'>,</span> <span class='ocrx_word' id='word_1_155' title='bbox 1384 1007 1438 1035; x_wconf 88' lang='lat' dir='ltr'>ne</span> <span class='ocrx_word' id='word_1_156' title='bbox 1466 1007 1548 1053; x_wconf 88' lang='lat' dir='ltr'>qua</span> <span class='ocrx_word' id='word_1_157' title='bbox 1570 992 1609 1036; x_wconf 87' lang='lat' dir='ltr'>ei</span> <span class='ocrx_word' id='word_1_158' title='bbox 1637 995 1852 1053; x_wconf 82' lang='lat' dir='ltr'>provincia</span> <span class='ocrx_word' id='word_1_159' title='bbox 1872 997 1971 1041; x_wconf 87' lang='lat' dir='ltr'>vivo</span> <span class='ocrx_word' id='word_1_160' title='bbox 1992 996 2030 1042; x_wconf 89' lang='lat' dir='ltr'>se</span> <span class='ocrx_word' id='word_1_161' title='bbox 2052 1005 2246 1049; x_wconf 65' lang='lat' dir='ltr'>commit..</span> 
     </span>
     <span class='ocr_line' id='line_1_14' title="bbox 146 1048 2247 1119; baseline 0.007 -23"><span class='ocrx_word' id='word_1_162' title='bbox 146 1064 333 1105; x_wconf 80' lang='lat' dir='ltr'>teretur:</span> <span class='ocrx_word' id='word_1_163' title='bbox 370 1065 502 1097; x_wconf 81' lang='lat' dir='ltr'>mater</span> <span class='ocrx_word' id='word_1_164' title='bbox 532 1055 576 1096; x_wconf 74' lang='grc' dir='ltr'>δι</span> <span class='ocrx_word' id='word_1_165' title='bbox 599 1048 764 1095; x_wconf 77' lang='lat' dir='ltr'>missum</span> <span class='ocrx_word' id='word_1_166' title='bbox 799 1049 849 1095; x_wconf 86' lang='lat' dir='ltr'>ad</span> <span class='ocrx_word' id='word_1_167' title='bbox 884 1051 1100 1114; x_wconf 75' lang='lat' dir='ltr'>legioneS,</span> <span class='ocrx_word' id='word_1_168' title='bbox 1134 1056 1179 1096; x_wconf 89' lang='lat'>&amp;</span> <span class='ocrx_word' id='word_1_169' title='bbox 1205 1053 1456 1114; x_wconf 81' lang='lat' dir='ltr'>appellatum</span> <span class='ocrx_word' id='word_1_170' title='bbox 1489 1058 1787 1116; x_wconf 81' lang='lat' dir='ltr'>Imperatorem</span> <span class='ocrx_word' id='word_1_171' title='bbox 1821 1074 1897 1119; x_wconf 88' lang='lat' dir='ltr'>pro</span> <span class='ocrx_word' id='word_1_172' title='bbox 1931 1059 2086 1106; x_wconf 63' lang='lat' dir='ltr'>afflieto</span> <span class='ocrx_word' id='word_1_173' title='bbox 2112 1062 2247 1112; x_wconf 82' lang='lat' dir='ltr'>statim</span> 
     </span>
     <span class='ocr_line' id='line_1_15' title="bbox 143 1113 2248 1186; baseline 0.007 -27"><span class='ocrx_word' id='word_1_174' title='bbox 143 1115 362 1160; x_wconf 81' lang='lat' dir='ltr'>lamentata</span> <span class='ocrx_word' id='word_1_175' title='bbox 383 1114 445 1160; x_wconf 80' lang='lat' dir='ltr'>sit.</span> <span class='ocrx_word' id='word_1_176' title='bbox 513 1115 743 1161; x_wconf 83' lang='lat' dir='ltr'>Pueritiam</span> <span class='ocrx_word' id='word_1_177' title='bbox 764 1115 1026 1176; x_wconf 87' lang='lat' dir='ltr'>primamque</span> <span class='ocrx_word' id='word_1_178' title='bbox 1046 1113 1364 1161; x_wconf 80' lang='lat' dir='ltr'>adolescentiam</span> <span class='ocrx_word' id='word_1_179' title='bbox 1396 1118 1574 1180; x_wconf 86' lang='lat' dir='ltr'>Capreis</span> <span class='ocrx_word' id='word_1_180' title='bbox 1605 1121 1694 1181; x_wconf 87' lang='lat' dir='ltr'>egit</span> <span class='ocrx_word' id='word_1_181' title='bbox 1716 1122 1823 1168; x_wconf 87' lang='lat' dir='ltr'>inter</span> <span class='ocrx_word' id='word_1_182' title='bbox 1844 1122 2074 1171; x_wconf 80' lang='lat' dir='ltr'>Tiberiana</span> <span class='ocrx_word' id='word_1_183' title='bbox 2092 1124 2220 1174; x_wconf 86' lang='lat' dir='ltr'>scorta</span> <span class='ocrx_word' id='word_1_184' title='bbox 2234 1166 2248 1186; x_wconf 92' lang='lat'>,</span> 
     </span>
     <span class='ocr_line' id='line_1_16' title="bbox 141 1176 2250 1250; baseline 0.007 -27"><span class='ocrx_word' id='word_1_185' title='bbox 141 1180 188 1223; x_wconf 75' lang='grc' dir='ltr'>δι</span> <span class='ocrx_word' id='word_1_186' title='bbox 221 1176 309 1243; x_wconf 84' lang='lat' dir='ltr'>ipse</span> <span class='ocrx_word' id='word_1_187' title='bbox 341 1191 547 1244; x_wconf 84' lang='lat' dir='ltr'>perpetuo</span> <span class='ocrx_word' id='word_1_188' title='bbox 580 1179 759 1242; x_wconf 82' lang='lat' dir='ltr'>spintriae</span> <span class='ocrx_word' id='word_1_189' title='bbox 780 1179 1040 1242; x_wconf 86' lang='lat' dir='ltr'>cognomine</span> <span class='ocrx_word' id='word_1_190' title='bbox 1066 1191 1261 1226; x_wconf 80' lang='lat' dir='ltr'>notatus:</span> <span class='ocrx_word' id='word_1_191' title='bbox 1295 1178 1629 1247; x_wconf 85' lang='lat' dir='ltr'>existimatusque</span> <span class='ocrx_word' id='word_1_192' title='bbox 1653 1186 1838 1248; x_wconf 86' lang='lat' dir='ltr'>corporis</span> <span class='ocrx_word' id='word_1_193' title='bbox 1863 1188 1992 1250; x_wconf 83' lang='lat' dir='ltr'>gratia</span> <span class='ocrx_word' id='word_1_194' title='bbox 2018 1190 2188 1238; x_wconf 85' lang='lat' dir='ltr'>initium</span> <span class='ocrx_word' id='word_1_195' title='bbox 2205 1198 2250 1238; x_wconf 76' lang='grc' dir='ltr'>δε</span> 
     </span>
     <span class='ocr_line' id='line_1_17' title="bbox 2015 1253 2244 1303; baseline 0.026 -6"><span class='ocrx_word' id='word_1_196' title='bbox 2015 1253 2020 1259; x_wconf 85' lang='grc'><strong>’</strong></span> <span class='ocrx_word' id='word_1_197' title='bbox 2114 1255 2244 1303; x_wconf 79' lang='lat' dir='ltr'>caussa</span> 
     </span>
    </p>
   </div>
   <div class='ocr_carea' id='block_1_3' title="bbox 1212 1315 2248 1618">
    <p class='ocr_par' dir='ltr' id='par_1_3' title="bbox 1212 1315 2248 1618">
     <span class='ocr_line' id='line_1_18' title="bbox 1226 1315 2248 1375; baseline 0.01 -22"><span class='ocrx_word' id='word_1_198' title='bbox 1226 1315 1334 1354; x_wconf 86' lang='lat' dir='ltr'>soccis</span> <span class='ocrx_word' id='word_1_199' title='bbox 1351 1320 1459 1356; x_wconf 83' lang='lat' dir='ltr'>aureis</span> <span class='ocrx_word' id='word_1_200' title='bbox 1478 1322 1513 1356; x_wconf 74' lang='grc' dir='ltr'>ὅ(</span> <span class='ocrx_word' id='word_1_201' title='bbox 1536 1322 1594 1370; x_wconf 91' lang='lat' dir='ltr'>qui</span> <span class='ocrx_word' id='word_1_202' title='bbox 1611 1321 1716 1360; x_wconf 82' lang='lat' dir='ltr'>etiam</span> <span class='ocrx_word' id='word_1_203' title='bbox 1737 1321 1855 1372; x_wconf 83' lang='lat' dir='ltr'>lapillis</span> <span class='ocrx_word' id='word_1_204' title='bbox 1873 1322 2068 1375; x_wconf 82' lang='lat' dir='ltr'>fulgerent,</span> <span class='ocrx_word' id='word_1_205' title='bbox 2095 1326 2172 1365; x_wconf 88' lang='lat' dir='ltr'>usos</span> <span class='ocrx_word' id='word_1_206' title='bbox 2186 1342 2248 1367; x_wconf 87' lang='lat' dir='ltr'>ve.</span> 
     </span>
     <span class='ocr_line' id='line_1_19' title="bbox 1225 1368 2246 1427; baseline 0.014 -24"><span class='ocrx_word' id='word_1_207' title='bbox 1225 1378 1335 1411; x_wconf 86' lang='lat' dir='ltr'>teres,</span> <span class='ocrx_word' id='word_1_208' title='bbox 1363 1382 1431 1419; x_wconf 84' lang='lat' dir='ltr'>qua</span> <span class='ocrx_word' id='word_1_209' title='bbox 1447 1368 1632 1415; x_wconf 75' lang='lat' dir='ltr'>foeminas,</span> <span class='ocrx_word' id='word_1_210' title='bbox 1663 1372 2036 1424; x_wconf 67' lang='lat' dir='ltr'>quavirosoZCpo-te&#39;p84.</span> <span class='ocrx_word' id='word_1_211' title='bbox 2066 1388 2246 1427; x_wconf 77' lang='lat' dir='ltr'>propterea</span> 
     </span>
     <span class='ocr_line' id='line_1_20' title="bbox 1225 1422 2247 1475; baseline 0.014 -21"><span class='ocrx_word' id='word_1_212' title='bbox 1225 1431 1297 1455; x_wconf 91' lang='lat' dir='ltr'>non</span> <span class='ocrx_word' id='word_1_213' title='bbox 1326 1432 1407 1456; x_wconf 87' lang='lat' dir='ltr'>cum</span> <span class='ocrx_word' id='word_1_214' title='bbox 1434 1423 1561 1458; x_wconf 85' lang='lat' dir='ltr'>caeteris</span> <span class='ocrx_word' id='word_1_215' title='bbox 1589 1422 1832 1461; x_wconf 73' lang='lat' dir='ltr'>calceamentis</span> <span class='ocrx_word' id='word_1_216' title='bbox 1857 1424 2051 1475; x_wconf 86' lang='lat' dir='ltr'>promiscue</span> <span class='ocrx_word' id='word_1_217' title='bbox 2071 1427 2247 1467; x_wconf 77' lang='lat' dir='ltr'>habeban-</span> 
     </span>
     <span class='ocr_line' id='line_1_21' title="bbox 1224 1468 2244 1525; baseline 0.01 -21"><span class='ocrx_word' id='word_1_218' title='bbox 1224 1479 1297 1511; x_wconf 87' lang='lat' dir='ltr'>tur,</span> <span class='ocrx_word' id='word_1_219' title='bbox 1320 1468 1376 1505; x_wconf 89' lang='lat' dir='ltr'>sed</span> <span class='ocrx_word' id='word_1_220' title='bbox 1403 1471 1438 1508; x_wconf 81' lang='lat' dir='ltr'>in</span> <span class='ocrx_word' id='word_1_221' title='bbox 1456 1471 1564 1509; x_wconf 88' lang='lat' dir='ltr'>thecis</span> <span class='ocrx_word' id='word_1_222' title='bbox 1591 1472 1832 1518; x_wconf 75' lang='lat' dir='ltr'>servabantur,</span> <span class='ocrx_word' id='word_1_223' title='bbox 1867 1485 1953 1525; x_wconf 84' lang='lat' dir='ltr'>quas</span> <span class='ocrx_word' id='word_1_224' title='bbox 1983 1475 2244 1519; x_wconf 61' lang='grc' dir='ltr'>σανδαλοθῆκως</span> 
     </span>
     <span class='ocr_line' id='line_1_22' title="bbox 1222 1519 2243 1576; baseline 0.014 -22"><span class='ocrx_word' id='word_1_225' title='bbox 1222 1519 1417 1556; x_wconf 79' lang='lat' dir='ltr'>Menander</span> <span class='ocrx_word' id='word_1_226' title='bbox 1444 1521 1636 1572; x_wconf 78' lang='lat' dir='ltr'>appellavit.</span> <span class='ocrx_word' id='word_1_227' title='bbox 1696 1524 1787 1562; x_wconf 80' lang='lat' dir='ltr'>Noti</span> <span class='ocrx_word' id='word_1_228' title='bbox 1804 1526 1912 1563; x_wconf 83' lang='lat' dir='ltr'>etiam</span> <span class='ocrx_word' id='word_1_229' title='bbox 1929 1524 2177 1576; x_wconf 74' lang='lat' dir='ltr'>sandah&#39;geruli</span> <span class='ocrx_word' id='word_1_230' title='bbox 2204 1534 2243 1567; x_wconf 83' lang='lat'>&amp;</span> 
     </span>
     <span class='ocr_line' id='line_1_23' title="bbox 1212 1568 1743 1618; baseline 0.017 -15"><span class='ocrx_word' id='word_1_231' title='bbox 1212 1568 1468 1618; x_wconf 59' lang='lat' dir='ltr'>sandahgerulae</span> <span class='ocrx_word' id='word_1_232' title='bbox 1488 1585 1529 1609; x_wconf 85' lang='lat' dir='ltr'>ex</span> <span class='ocrx_word' id='word_1_233' title='bbox 1544 1573 1743 1612; x_wconf 87' lang='lat' dir='ltr'>comoediis.</span> 
     </span>
    </p>
   </div>
   <div class='ocr_carea' id='block_1_4' title="bbox 461 1317 835 1354">
    <p class='ocr_par' dir='ltr' id='par_1_4' title="bbox 461 1317 835 1354">
     <span class='ocr_line' id='line_1_24' title="bbox 461 1317 835 1354; baseline -0.008 0"><span class='ocrx_word' id='word_1_234' title='bbox 461 1317 835 1354; x_wconf 59' lang='lat' dir='ltr'>’ronanam</span> 
     </span>
    </p>
   </div>
   <div class='ocr_carea' id='block_1_5' title="bbox 135 1380 1170 1883">
    <p class='ocr_par' dir='ltr' id='par_1_5' title="bbox 138 1380 1170 1619">
     <span class='ocr_line' id='line_1_25' title="bbox 197 1380 1170 1435; baseline 0 -16"><span class='ocrx_word' id='word_1_235' title='bbox 197 1384 470 1435; x_wconf 64' lang='lat' dir='ltr'>Detracfamque</span> <span class='ocrx_word' id='word_1_236' title='bbox 485 1382 693 1433; x_wconf 68' lang='lat' dir='ltr'>speculum]</span> <span class='ocrx_word' id='word_1_237' title='bbox 739 1385 798 1419; x_wconf 84' lang='lat' dir='ltr'>De</span> <span class='ocrx_word' id='word_1_238' title='bbox 817 1380 1002 1419; x_wconf 79' lang='lat' dir='ltr'>mulierum</span> <span class='ocrx_word' id='word_1_239' title='bbox 1030 1380 1170 1419; x_wconf 68' lang='lat' dir='ltr'>ferculis</span> 
     </span>
     <span class='ocr_line' id='line_1_26' title="bbox 140 1429 1166 1484; baseline 0.001 -17"><span class='ocrx_word' id='word_1_240' title='bbox 140 1429 228 1469; x_wconf 80' lang='lat' dir='ltr'>Plin.</span> <span class='ocrx_word' id='word_1_241' title='bbox 251 1432 309 1470; x_wconf 90' lang='lat' dir='ltr'>lib.</span> <span class='ocrx_word' id='word_1_242' title='bbox 336 1447 387 1472; x_wconf 83' lang='lat' dir='ltr'>tx.</span> <span class='ocrx_word' id='word_1_243' title='bbox 435 1447 510 1484; x_wconf 82' lang='lat' dir='ltr'>cap.</span> <span class='ocrx_word' id='word_1_244' title='bbox 541 1447 644 1472; x_wconf 85' lang='lat' dir='ltr'>xxxv.</span> <span class='ocrx_word' id='word_1_245' title='bbox 683 1434 830 1484; x_wconf 86' lang='lat' dir='ltr'>loquens</span> <span class='ocrx_word' id='word_1_246' title='bbox 869 1433 914 1469; x_wconf 89' lang='lat' dir='ltr'>de</span> <span class='ocrx_word' id='word_1_247' title='bbox 945 1433 1166 1481; x_wconf 75' lang='lat' dir='ltr'>margaritis,</span> 
     </span>
     <span class='ocr_line' id='line_1_27' title="bbox 139 1482 1165 1534; baseline 0 -17"><span class='ocrx_word' id='word_1_248' title='bbox 139 1483 238 1529; x_wconf 71' lang='lat' dir='ltr'>Qin</span> <span class='ocrx_word' id='word_1_249' title='bbox 255 1482 308 1524; x_wconf 62' lang='grc' dir='ltr'>’ἶς’</span> <span class='ocrx_word' id='word_1_250' title='bbox 319 1482 458 1530; x_wconf 71' lang='lat' dir='ltr'>pedibus</span> <span class='ocrx_word' id='word_1_251' title='bbox 473 1513 485 1528; x_wconf 90' lang='lat'>,</span> <span class='ocrx_word' id='word_1_252' title='bbox 526 1483 678 1534; x_wconf 86' lang='lat' dir='ltr'>(inquit)</span> <span class='ocrx_word' id='word_1_253' title='bbox 718 1496 776 1519; x_wconf 79' lang='lat' dir='ltr'>nec</span> <span class='ocrx_word' id='word_1_254' title='bbox 799 1483 1009 1530; x_wconf 76' lang='lat' dir='ltr'>crepidarum</span> <span class='ocrx_word' id='word_1_255' title='bbox 1024 1492 1165 1518; x_wconf 83' lang='lat' dir='ltr'>tantum</span> 
     </span>
     <span class='ocr_line' id='line_1_28' title="bbox 138 1531 1162 1583; baseline 0.003 -18"><span class='ocrx_word' id='word_1_256' title='bbox 138 1531 351 1581; x_wconf 81' lang='lat' dir='ltr'>obstragulis,</span> <span class='ocrx_word' id='word_1_257' title='bbox 371 1534 436 1582; x_wconf 68' lang='lat' dir='ltr'>fied</span> <span class='ocrx_word' id='word_1_258' title='bbox 463 1535 541 1571; x_wconf 87' lang='lat' dir='ltr'>totis</span> <span class='ocrx_word' id='word_1_259' title='bbox 560 1534 701 1582; x_wconf 68' lang='lat' dir='ltr'>speculis</span> <span class='ocrx_word' id='word_1_260' title='bbox 725 1534 872 1570; x_wconf 79' lang='lat' dir='ltr'>addunt.</span> <span class='ocrx_word' id='word_1_261' title='bbox 932 1531 1025 1571; x_wconf 89' lang='lat' dir='ltr'>Vide</span> <span class='ocrx_word' id='word_1_262' title='bbox 1051 1531 1162 1583; x_wconf 84' lang='lat' dir='ltr'>Calig.</span> 
     </span>
     <span class='ocr_line' id='line_1_29' title="bbox 140 1591 316 1619; baseline 0.011 -2"><span class='ocrx_word' id='word_1_263' title='bbox 140 1591 181 1617; x_wconf 83' lang='lat' dir='ltr'>ca</span> <span class='ocrx_word' id='word_1_264' title='bbox 211 1594 316 1619; x_wconf 81' lang='grc' dir='ltr'><em>.ι.ιι.</em></span> 
     </span>
    </p>

    <p class='ocr_par' dir='ltr' id='par_1_6' title="bbox 135 1593 1166 1883">
     <span class='ocr_line' id='line_1_30' title="bbox 183 1593 1166 1680; baseline 0.003 -14"><span class='ocrx_word' id='word_1_265' title='bbox 183 1593 248 1666; x_wconf 47' lang='lat' dir='ltr'>{fx</span> <span class='ocrx_word' id='word_1_266' title='bbox 263 1631 448 1680; x_wconf 61' lang='lat' dir='ltr'>Sextilia]</span> <span class='ocrx_word' id='word_1_267' title='bbox 489 1634 602 1670; x_wconf 86' lang='lat' dir='ltr'>Tacit.</span> <span class='ocrx_word' id='word_1_268' title='bbox 613 1632 669 1671; x_wconf 90' lang='lat' dir='ltr'>lib.</span> <span class='ocrx_word' id='word_1_269' title='bbox 688 1646 740 1670; x_wconf 85' lang='lat' dir='ltr'>tt.</span> <span class='ocrx_word' id='word_1_270' title='bbox 770 1631 899 1670; x_wconf 89' lang='lat' dir='ltr'>Histor.</span> <span class='ocrx_word' id='word_1_271' title='bbox 927 1636 1045 1669; x_wconf 84' lang='lat' dir='ltr'>Mater</span> <span class='ocrx_word' id='word_1_272' title='bbox 1062 1633 1166 1670; x_wconf 79' lang='lat' dir='ltr'>Vitel-</span> 
     </span>
     <span class='ocr_line' id='line_1_31' title="bbox 135 1677 1162 1732; baseline 0.004 -17"><span class='ocrx_word' id='word_1_273' title='bbox 135 1677 260 1717; x_wconf 81' lang='lat' dir='ltr'>liorum</span> <span class='ocrx_word' id='word_1_274' title='bbox 283 1682 427 1718; x_wconf 82' lang='lat' dir='ltr'>Sextilia</span> <span class='ocrx_word' id='word_1_275' title='bbox 445 1685 584 1732; x_wconf 76' lang='lat' dir='ltr'>antiqui</span> <span class='ocrx_word' id='word_1_276' title='bbox 600 1683 711 1721; x_wconf 82' lang='lat' dir='ltr'>moris.</span> <span class='ocrx_word' id='word_1_277' title='bbox 770 1682 867 1720; x_wconf 89' lang='lat' dir='ltr'>Libri</span> <span class='ocrx_word' id='word_1_278' title='bbox 893 1693 1027 1720; x_wconf 87' lang='lat' dir='ltr'>veteres</span> <span class='ocrx_word' id='word_1_279' title='bbox 1056 1682 1162 1720; x_wconf 79' lang='lat' dir='ltr'>etiarn</span> 
     </span>
     <span class='ocr_line' id='line_1_32' title="bbox 135 1730 1164 1783; baseline 0.006 -19"><span class='ocrx_word' id='word_1_280' title='bbox 135 1730 265 1776; x_wconf 68' lang='lat' dir='ltr'>Sestilia</span> <span class='ocrx_word' id='word_1_281' title='bbox 285 1731 424 1770; x_wconf 77' lang='lat' dir='ltr'>habent.</span> <span class='ocrx_word' id='word_1_282' title='bbox 482 1737 525 1770; x_wconf 90' lang='lat' dir='ltr'>Et</span> <span class='ocrx_word' id='word_1_283' title='bbox 549 1734 571 1770; x_wconf 88' lang='lat' dir='ltr'>s</span> <span class='ocrx_word' id='word_1_284' title='bbox 565 1745 628 1770; x_wconf 83' lang='lat' dir='ltr'>ane</span> <span class='ocrx_word' id='word_1_285' title='bbox 644 1745 788 1783; x_wconf 85' lang='lat' dir='ltr'>utroque</span> <span class='ocrx_word' id='word_1_286' title='bbox 803 1731 915 1769; x_wconf 88' lang='lat' dir='ltr'>modo</span> <span class='ocrx_word' id='word_1_287' title='bbox 933 1733 969 1770; x_wconf 88' lang='lat' dir='ltr'>in</span> <span class='ocrx_word' id='word_1_288' title='bbox 977 1734 1164 1770; x_wconf 87' lang='lat' dir='ltr'>marmori-</span> 
     </span>
     <span class='ocr_line' id='line_1_33' title="bbox 135 1779 1162 1833; baseline 0.002 -17"><span class='ocrx_word' id='word_1_289' title='bbox 135 1779 200 1816; x_wconf 86' lang='lat' dir='ltr'>bus</span> <span class='ocrx_word' id='word_1_290' title='bbox 224 1780 385 1832; x_wconf 86' lang='lat' dir='ltr'>scriptum</span> <span class='ocrx_word' id='word_1_291' title='bbox 403 1780 583 1823; x_wconf 80' lang='lat' dir='ltr'>observavi</span> <span class='ocrx_word' id='word_1_292' title='bbox 600 1811 612 1828; x_wconf 94' lang='lat'><em>‚</em></span> <span class='ocrx_word' id='word_1_293' title='bbox 638 1783 756 1833; x_wconf 84' lang='lat' dir='ltr'>saepius</span> <span class='ocrx_word' id='word_1_294' title='bbox 774 1794 893 1820; x_wconf 82' lang='lat' dir='ltr'>tamen</span> <span class='ocrx_word' id='word_1_295' title='bbox 909 1782 1061 1820; x_wconf 85' lang='lat' dir='ltr'>Sextilius</span> <span class='ocrx_word' id='word_1_296' title='bbox 1075 1811 1088 1826; x_wconf 88' lang='lat'>,</span> <span class='ocrx_word' id='word_1_297' title='bbox 1115 1783 1162 1821; x_wconf 84' lang='lat' dir='ltr'>uti</span> 
     </span>
     <span class='ocr_line' id='line_1_34' title="bbox 135 1832 516 1883; baseline 0.003 -14"><span class='ocrx_word' id='word_1_298' title='bbox 135 1833 176 1869; x_wconf 72' lang='grc' dir='ltr'>δι</span> <span class='ocrx_word' id='word_1_299' title='bbox 191 1832 341 1876; x_wconf 80' lang='lat' dir='ltr'>Sextius,</span> <span class='ocrx_word' id='word_1_300' title='bbox 367 1833 516 1883; x_wconf 86' lang='lat' dir='ltr'>repperi.</span> 
     </span>
    </p>
   </div>
   <div class='ocr_carea' id='block_1_6' title="bbox 1568 1653 1880 1689">
    <p class='ocr_par' dir='ltr' id='par_1_7' title="bbox 1568 1653 1880 1689">
     <span class='ocr_line' id='line_1_35' title="bbox 1568 1653 1880 1689; baseline 0 0"><span class='ocrx_word' id='word_1_301' title='bbox 1568 1653 1880 1689; x_wconf 64' lang='lat' dir='ltr'>VAR‘1on.</span> 
     </span>
    </p>
   </div>
   <div class='ocr_carea' id='block_1_7' title="bbox 1216 1717 2244 2069">
    <p class='ocr_par' dir='ltr' id='par_1_8' title="bbox 1218 1717 2244 1868">
     <span class='ocr_line' id='line_1_36' title="bbox 1272 1717 2244 1767; baseline 0.009 -18"><span class='ocrx_word' id='word_1_302' title='bbox 1272 1719 1339 1750; x_wconf 87' lang='lat' dir='ltr'>Pro</span> <span class='ocrx_word' id='word_1_303' title='bbox 1353 1717 1506 1754; x_wconf 78' lang='lat' dir='ltr'>maximo</span> <span class='ocrx_word' id='word_1_304' title='bbox 1523 1720 1700 1765; x_wconf 57' lang='lat' dir='ltr'>munera]</span> <span class='ocrx_word' id='word_1_305' title='bbox 1735 1719 1828 1757; x_wconf 89' lang='lat' dir='ltr'>Cod.</span> <span class='ocrx_word' id='word_1_306' title='bbox 1840 1718 1980 1758; x_wconf 75' lang='lat' dir='ltr'>Salmas.</span> <span class='ocrx_word' id='word_1_307' title='bbox 1996 1720 2149 1767; x_wconf 78' lang='lat' dir='ltr'>proximo</span> <span class='ocrx_word' id='word_1_308' title='bbox 2167 1733 2244 1758; x_wconf 77' lang='lat' dir='ltr'>mu—</span> 
     </span>
     <span class='ocr_line' id='line_1_37' title="bbox 1218 1766 2242 1822; baseline 0.008 -22"><span class='ocrx_word' id='word_1_309' title='bbox 1218 1776 1306 1802; x_wconf 82' lang='lat' dir='ltr'>nere.</span> <span class='ocrx_word' id='word_1_310' title='bbox 1334 1766 1428 1815; x_wconf 86' lang='lat' dir='ltr'>quod</span> <span class='ocrx_word' id='word_1_311' title='bbox 1448 1779 1551 1818; x_wconf 74' lang='lat' dir='ltr'>auget</span> <span class='ocrx_word' id='word_1_312' title='bbox 1571 1769 1812 1818; x_wconf 73' lang='lat' dir='ltr'>indignitatem</span> <span class='ocrx_word' id='word_1_313' title='bbox 1825 1798 1836 1814; x_wconf 90' lang='lat'>,</span> <span class='ocrx_word' id='word_1_314' title='bbox 1863 1769 1900 1811; x_wconf 68' lang='lat' dir='ltr'>,fi</span> <span class='ocrx_word' id='word_1_315' title='bbox 1921 1769 1956 1806; x_wconf 80' lang='lat' dir='ltr'>id</span> <span class='ocrx_word' id='word_1_316' title='bbox 1983 1770 2112 1819; x_wconf 83' lang='lat' dir='ltr'>populo</span> <span class='ocrx_word' id='word_1_317' title='bbox 2132 1771 2242 1822; x_wconf 84' lang='lat' dir='ltr'>inspe-</span> 
     </span>
     <span class='ocr_line' id='line_1_38' title="bbox 1219 1815 1999 1868; baseline 0.01 -18"><span class='ocrx_word' id='word_1_318' title='bbox 1219 1815 1334 1852; x_wconf 68' lang='lat' dir='ltr'>stante</span> <span class='ocrx_word' id='word_1_319' title='bbox 1352 1816 1482 1854; x_wconf 69' lang='lat' dir='ltr'>fastum</span> <span class='ocrx_word' id='word_1_320' title='bbox 1503 1818 1677 1868; x_wconf 79' lang='lat' dir='ltr'>intelligas.</span> <span class='ocrx_word' id='word_1_321' title='bbox 1996 1850 1999 1852; x_wconf 91' lang='lat'>-</span> 
     </span>
    </p>

    <p class='ocr_par' dir='ltr' id='par_1_9' title="bbox 1216 1868 2241 2015">
     <span class='ocr_line' id='line_1_39' title="bbox 1276 1868 2241 1915; baseline 0.005 -15"><span class='ocrx_word' id='word_1_322' title='bbox 1276 1879 1306 1908; x_wconf 82' lang='lat'>3.</span> <span class='ocrx_word' id='word_1_323' title='bbox 1327 1871 1380 1901; x_wconf 87' lang='lat' dir='ltr'>Ex</span> <span class='ocrx_word' id='word_1_324' title='bbox 1399 1869 1541 1904; x_wconf 71' lang='lat' dir='ltr'>Sextilia</span> <span class='ocrx_word' id='word_1_325' title='bbox 1567 1869 1581 1915; x_wconf 90' lang='lat'>]</span> <span class='ocrx_word' id='word_1_326' title='bbox 1632 1868 1757 1905; x_wconf 87' lang='lat' dir='ltr'>Codex</span> <span class='ocrx_word' id='word_1_327' title='bbox 1782 1868 1890 1906; x_wconf 80' lang='lat' dir='ltr'>Salm.</span> <span class='ocrx_word' id='word_1_328' title='bbox 1920 1870 1973 1904; x_wconf 78' lang='lat' dir='ltr'>Ex</span> <span class='ocrx_word' id='word_1_329' title='bbox 1992 1868 2131 1914; x_wconf 83' lang='lat' dir='ltr'>Sestilia.</span> <span class='ocrx_word' id='word_1_330' title='bbox 2189 1871 2241 1906; x_wconf 81' lang='lat' dir='ltr'>Sic</span> 
     </span>
     <span class='ocr_line' id='line_1_40' title="bbox 1216 1915 2239 1969; baseline 0.006 -19"><span class='ocrx_word' id='word_1_331' title='bbox 1216 1915 1332 1960; x_wconf 59' lang='lat' dir='ltr'>Sestius</span> <span class='ocrx_word' id='word_1_332' title='bbox 1351 1916 1441 1967; x_wconf 79' lang='lat' dir='ltr'>apud</span> <span class='ocrx_word' id='word_1_333' title='bbox 1459 1919 1532 1955; x_wconf 85' lang='lat' dir='ltr'>Cic.</span> <span class='ocrx_word' id='word_1_334' title='bbox 1563 1932 1604 1955; x_wconf 81' lang='lat' dir='ltr'>ex</span> <span class='ocrx_word' id='word_1_335' title='bbox 1625 1920 1771 1969; x_wconf 81' lang='lat' dir='ltr'>antiquis</span> <span class='ocrx_word' id='word_1_336' title='bbox 1790 1918 1966 1956; x_wconf 82' lang='lat' dir='ltr'>codicibus</span> <span class='ocrx_word' id='word_1_337' title='bbox 1985 1919 2172 1956; x_wconf 83' lang='lat' dir='ltr'>restitutum</span> <span class='ocrx_word' id='word_1_338' title='bbox 2191 1919 2239 1956; x_wconf 73' lang='lat' dir='ltr'>est·</span> 
     </span>
     <span class='ocr_line' id='line_1_41' title="bbox 1217 1965 1708 2015; baseline 0.01 -16"><span class='ocrx_word' id='word_1_339' title='bbox 1217 1975 1237 1999; x_wconf 84' lang='lat' dir='ltr'>a</span> <span class='ocrx_word' id='word_1_340' title='bbox 1255 1965 1334 2003; x_wconf 78' lang='lat' dir='ltr'>viris</span> <span class='ocrx_word' id='word_1_341' title='bbox 1352 1967 1462 2005; x_wconf 65' lang='lat' dir='ltr'>doctis</span> <span class='ocrx_word' id='word_1_342' title='bbox 1481 1980 1545 2015; x_wconf 87' lang='lat' dir='ltr'>pro</span> <span class='ocrx_word' id='word_1_343' title='bbox 1561 1970 1708 2004; x_wconf 73' lang='lat' dir='ltr'>Sextius.</span> 
     </span>
    </p>

    <p class='ocr_par' dir='ltr' id='par_1_10' title="bbox 1269 2015 2240 2069">
     <span class='ocr_line' id='line_1_42' title="bbox 1269 2015 2240 2069; baseline 0.007 -20"><span class='ocrx_word' id='word_1_344' title='bbox 1269 2015 1576 2066; x_wconf 76' lang='lat' dir='ltr'>Publicofunere.]</span> <span class='ocrx_word' id='word_1_345' title='bbox 1622 2018 1780 2055; x_wconf 87' lang='lat' dir='ltr'>Arbitror</span> <span class='ocrx_word' id='word_1_346' title='bbox 1803 2017 1906 2055; x_wconf 86' lang='lat' dir='ltr'>funus</span> <span class='ocrx_word' id='word_1_347' title='bbox 1933 2018 2107 2069; x_wconf 88' lang='lat' dir='ltr'>publicum</span> <span class='ocrx_word' id='word_1_348' title='bbox 2135 2023 2171 2055; x_wconf 75' lang='grc' dir='ltr'>δε</span> <span class='ocrx_word' id='word_1_349' title='bbox 2191 2022 2240 2056; x_wconf 90' lang='lat' dir='ltr'>in·</span> 
     </span>
    </p>
   </div>
   <div class='ocr_carea' id='block_1_8' title="bbox 481 1881 1164 2080">
    <p class='ocr_par' dir='ltr' id='par_1_11' title="bbox 481 1881 1164 2080">
     <span class='ocr_line' id='line_1_43' title="bbox 639 1881 1164 1934; baseline 0.004 -16"><span class='ocrx_word' id='word_1_350' title='bbox 639 1883 764 1919; x_wconf 84' lang='lat' dir='ltr'>Eodem</span> <span class='ocrx_word' id='word_1_351' title='bbox 788 1881 902 1919; x_wconf 77' lang='lat' dir='ltr'>ambos</span> <span class='ocrx_word' id='word_1_352' title='bbox 936 1892 1068 1934; x_wconf 74' lang='lat' dir='ltr'>totoque</span> <span class='ocrx_word' id='word_1_353' title='bbox 1103 1897 1164 1920; x_wconf 83' lang='lat' dir='ltr'>an-</span> 
     </span>
     <span class='ocr_line' id='line_1_44' title="bbox 481 1931 1163 1983; baseline 0.007 -18"><span class='ocrx_word' id='word_1_354' title='bbox 481 1974 489 1983; x_wconf 44' lang='lat'>·</span> <span class='ocrx_word' id='word_1_355' title='bbox 586 1931 664 1979; x_wconf 65' lang='grc' dir='ltr'>κω]</span> <span class='ocrx_word' id='word_1_356' title='bbox 705 1935 790 1980; x_wconf 76' lang='lat' dir='ltr'>Quo</span> <span class='ocrx_word' id='word_1_357' title='bbox 818 1944 913 1983; x_wconf 84' lang='lat' dir='ltr'>pater</span> <span class='ocrx_word' id='word_1_358' title='bbox 934 1933 1005 1983; x_wconf 86' lang='lat' dir='ltr'>ipse</span> <span class='ocrx_word' id='word_1_359' title='bbox 1031 1937 1073 1971; x_wconf 90' lang='lat' dir='ltr'>L.</span> <span class='ocrx_word' id='word_1_360' title='bbox 1100 1935 1163 1972; x_wconf 90' lang='lat' dir='ltr'>Vi-</span> 
     </span>
     <span class='ocr_line' id='line_1_45' title="bbox 502 1981 1162 2023; baseline 0.008 -7"><span class='ocrx_word' id='word_1_361' title='bbox 502 1998 519 2023; x_wconf 83' lang='lat'>·‚</span> <span class='ocrx_word' id='word_1_362' title='bbox 585 1981 694 2020; x_wconf 81' lang='lat' dir='ltr'>tellius</span> <span class='ocrx_word' id='word_1_363' title='bbox 723 1994 774 2019; x_wconf 88' lang='lat' dir='ltr'>ter</span> <span class='ocrx_word' id='word_1_364' title='bbox 801 1994 883 2021; x_wconf 76' lang='grc' dir='ltr'><em>εοε.</em></span> <span class='ocrx_word' id='word_1_365' title='bbox 900 1997 994 2021; x_wconf 58' lang='lat' dir='ltr'>vcum</span> <span class='ocrx_word' id='word_1_366' title='bbox 1013 1984 1162 2022; x_wconf 81' lang='lat' dir='ltr'>Claudio</span> 
     </span>
     <span class='ocr_line' id='line_1_46' title="bbox 516 2026 1160 2080; baseline 0.006 -12"><span class='ocrx_word' id='word_1_367' title='bbox 516 2026 537 2068; x_wconf 60' lang='grc' dir='ltr'>ἰ</span> <span class='ocrx_word' id='word_1_368' title='bbox 583 2034 807 2080; x_wconf 81' lang='lat' dir='ltr'>Imperatore</span> <span class='ocrx_word' id='word_1_369' title='bbox 827 2034 932 2070; x_wconf 79' lang='lat' dir='ltr'>etiam</span> <span class='ocrx_word' id='word_1_370' title='bbox 955 2033 1075 2072; x_wconf 88' lang='lat' dir='ltr'>censor</span> <span class='ocrx_word' id='word_1_371' title='bbox 1096 2033 1160 2072; x_wconf 87' lang='lat' dir='ltr'>fuit</span> 
     </span>
    </p>
   </div>
   <div class='ocr_carea' id='block_1_9' title="bbox 133 2082 1162 2436">
    <p class='ocr_par' dir='ltr' id='par_1_12' title="bbox 133 2073 1162 2378">
     <span class='ocr_line' id='line_1_47' title="bbox 512 2082 1162 2122; baseline 0.005 -3"><span class='ocrx_word' id='word_1_372' title='bbox 512 2106 519 2119; x_wconf 64' lang='grc'><strong><em>«</em></strong></span> <span class='ocrx_word' id='word_1_373' title='bbox 583 2082 626 2119; x_wconf 90' lang='lat' dir='ltr'>A.</span> <span class='ocrx_word' id='word_1_374' title='bbox 644 2086 688 2121; x_wconf 93' lang='lat' dir='ltr'>U.</span> <span class='ocrx_word' id='word_1_375' title='bbox 709 2086 753 2121; x_wconf 92' lang='lat' dir='ltr'>C.</span> <span class='ocrx_word' id='word_1_376' title='bbox 793 2095 829 2120; x_wconf 86' lang='lat' dir='ltr'>ut</span> <span class='ocrx_word' id='word_1_377' title='bbox 856 2082 1025 2121; x_wconf 85' lang='lat' dir='ltr'>Onufrius</span> <span class='ocrx_word' id='word_1_378' title='bbox 1062 2097 1162 2122; x_wconf 87' lang='lat' dir='ltr'>com-</span> 
     </span>
     <span class='ocr_line' id='line_1_48' title="bbox 515 2133 1161 2182; baseline 0.006 -13"><span class='ocrx_word' id='word_1_379' title='bbox 515 2135 535 2174; x_wconf 84' lang='grc'>,··</span> <span class='ocrx_word' id='word_1_380' title='bbox 582 2144 697 2182; x_wconf 76' lang='lat' dir='ltr'>putat,</span> <span class='ocrx_word' id='word_1_381' title='bbox 728 2145 873 2171; x_wconf 75' lang='lat' dir='ltr'>necet.</span> <span class='ocrx_word' id='word_1_382' title='bbox 899 2133 1036 2171; x_wconf 85' lang='lat' dir='ltr'>Exstant</span> <span class='ocrx_word' id='word_1_383' title='bbox 1056 2137 1161 2174; x_wconf 80' lang='lat' dir='ltr'>etiam</span> 
     </span>
     <span class='ocr_line' id='line_1_49' title="bbox 476 2177 1161 2235; baseline 0.007 -18"><span class='ocrx_word' id='word_1_384' title='bbox 476 2177 522 2231; x_wconf 44' lang='lat'>:⁹</span> <span class='ocrx_word' id='word_1_385' title='bbox 582 2184 722 2221; x_wconf 85' lang='lat' dir='ltr'>nummi</span> <span class='ocrx_word' id='word_1_386' title='bbox 746 2185 789 2222; x_wconf 88' lang='lat' dir='ltr'>A.</span> <span class='ocrx_word' id='word_1_387' title='bbox 815 2184 944 2221; x_wconf 86' lang='lat' dir='ltr'>Vitellii</span> <span class='ocrx_word' id='word_1_388' title='bbox 973 2185 1161 2235; x_wconf 87' lang='lat' dir='ltr'>Principis,</span> 
     </span>
     <span class='ocr_line' id='line_1_50' title="bbox 581 2234 1160 2285; baseline 0.005 -15"><span class='ocrx_word' id='word_1_389' title='bbox 581 2234 617 2271; x_wconf 87' lang='lat' dir='ltr'>in</span> <span class='ocrx_word' id='word_1_390' title='bbox 645 2246 795 2285; x_wconf 82' lang='lat' dir='ltr'>quorum</span> <span class='ocrx_word' id='word_1_391' title='bbox 811 2234 915 2271; x_wconf 78' lang='lat' dir='ltr'>altera</span> <span class='ocrx_word' id='word_1_392' title='bbox 941 2234 1046 2285; x_wconf 72' lang='lat' dir='ltr'>parte*</span> <span class='ocrx_word' id='word_1_393' title='bbox 1056 2238 1160 2285; x_wconf 86' lang='lat' dir='ltr'>patris</span> 
     </span>
     <span class='ocr_line' id='line_1_51' title="bbox 581 2283 1156 2336; baseline 0.007 -16"><span class='ocrx_word' id='word_1_394' title='bbox 581 2283 718 2335; x_wconf 81' lang='lat' dir='ltr'>effigies</span> <span class='ocrx_word' id='word_1_395' title='bbox 741 2296 822 2322; x_wconf 86' lang='lat' dir='ltr'>cum</span> <span class='ocrx_word' id='word_1_396' title='bbox 839 2285 903 2321; x_wconf 81' lang='lat' dir='ltr'>hac</span> <span class='ocrx_word' id='word_1_397' title='bbox 919 2285 1156 2336; x_wconf 76' lang='lat' dir='ltr'>inscriptione,</span> 
     </span>
     <span class='ocr_line' id='line_1_52' title="bbox 133 2344 799 2378; baseline 0.006 -6"><span class='ocrx_word' id='word_1_398' title='bbox 133 2344 169 2375; x_wconf 71' lang='grc' dir='ltr'>ι.</span> <span class='ocrx_word' id='word_1_399' title='bbox 190 2346 400 2376; x_wconf 62' lang='lat' dir='ltr'>mutuus.</span> <span class='ocrx_word' id='word_1_400' title='bbox 421 2350 503 2378; x_wconf 74' lang='lat' dir='ltr'>coS.</span> <span class='ocrx_word' id='word_1_401' title='bbox 525 2346 617 2375; x_wconf 68' lang='lat' dir='ltr'><strong>TER·</strong></span> <span class='ocrx_word' id='word_1_402' title='bbox 637 2347 799 2372; x_wconf 77' lang='lat' dir='ltr'><strong>CENSOR·</strong></span> 
     </span>
    </p>

    <p class='ocr_par' dir='ltr' id='par_1_13' title="bbox 194 2383 1155 2436">
     <span class='ocr_line' id='line_1_53' title="bbox 194 2383 1155 2436; baseline 0.003 -15"><span class='ocrx_word' id='word_1_403' title='bbox 194 2401 225 2430; x_wconf 84' lang='lat'>3-</span> <span class='ocrx_word' id='word_1_404' title='bbox 243 2390 310 2421; x_wconf 86' lang='lat' dir='ltr'>Pro</span> <span class='ocrx_word' id='word_1_405' title='bbox 325 2387 449 2436; x_wconf 63' lang='lat' dir='ltr'>affliflo</span> <span class='ocrx_word' id='word_1_406' title='bbox 464 2384 695 2434; x_wconf 56' lang='lat' dir='ltr'>lamentata]</span> <span class='ocrx_word' id='word_1_407' title='bbox 732 2386 786 2423; x_wconf 88' lang='lat' dir='ltr'>Sic</span> <span class='ocrx_word' id='word_1_408' title='bbox 819 2383 930 2434; x_wconf 81' lang='lat' dir='ltr'>Calig.</span> <span class='ocrx_word' id='word_1_409' title='bbox 954 2397 1028 2435; x_wconf 79' lang='lat' dir='ltr'>cap.</span> <span class='ocrx_word' id='word_1_410' title='bbox 1049 2399 1089 2424; x_wconf 77' lang='lat' dir='ltr'>xi</span> <span class='ocrx_word' id='word_1_411' title='bbox 1102 2400 1114 2423; x_wconf 74' lang='grc' dir='ltr'><strong><em>ι</em></strong></span> <span class='ocrx_word' id='word_1_412' title='bbox 1126 2400 1155 2424; x_wconf 82' lang='grc' dir='ltr'>ι.</span> 
     </span>
    </p>
   </div>
   <div class='ocr_carea' id='block_1_10' title="bbox 129 2435 1158 2534">
    <p class='ocr_par' dir='ltr' id='par_1_14' title="bbox 129 2435 1158 2534">
     <span class='ocr_line' id='line_1_54' title="bbox 129 2435 519 2484; baseline 0.013 -14"><span class='ocrx_word' id='word_1_413' title='bbox 129 2443 230 2484; x_wconf 82' lang='lat' dir='ltr'>prope</span> <span class='ocrx_word' id='word_1_414' title='bbox 245 2435 374 2484; x_wconf 69' lang='lat' dir='ltr'>afflic‘la</span> <span class='ocrx_word' id='word_1_415' title='bbox 390 2438 519 2476; x_wconf 78' lang='lat' dir='ltr'>domus.</span> 
     </span>
     <span class='ocr_line' id='line_1_55' title="bbox 190 2485 1158 2534; baseline 0.007 -17"><span class='ocrx_word' id='word_1_416' title='bbox 190 2485 375 2521; x_wconf 72' lang='lat' dir='ltr'>Tiberiana</span> <span class='ocrx_word' id='word_1_417' title='bbox 395 2485 545 2532; x_wconf 51' lang='lat' dir='ltr'>[corna]</span> <span class='ocrx_word' id='word_1_418' title='bbox 595 2488 709 2520; x_wconf 76' lang='lat' dir='ltr'>scorta</span> <span class='ocrx_word' id='word_1_419' title='bbox 742 2497 827 2534; x_wconf 81' lang='lat' dir='ltr'>ergo</span> <span class='ocrx_word' id='word_1_420' title='bbox 855 2496 1023 2522; x_wconf 75' lang='lat' dir='ltr'>vocantur</span> <span class='ocrx_word' id='word_1_421' title='bbox 1052 2488 1158 2524; x_wconf 77' lang='lat' dir='ltr'>etiam</span> 
     </span>
    </p>
   </div>
   <div class='ocr_carea' id='block_1_11' title="bbox 131 2532 1159 2937">
    <p class='ocr_par' dir='ltr' id='par_1_15' title="bbox 131 2532 1159 2937">
     <span class='ocr_line' id='line_1_56' title="bbox 134 2532 1159 2585; baseline -0.003 -15"><span class='ocrx_word' id='word_1_422' title='bbox 134 2536 228 2585; x_wconf 85' lang='lat' dir='ltr'>pueri</span> <span class='ocrx_word' id='word_1_423' title='bbox 259 2537 436 2573; x_wconf 87' lang='lat' dir='ltr'>meritorii.</span> <span class='ocrx_word' id='word_1_424' title='bbox 477 2536 594 2574; x_wconf 83' lang='lat' dir='ltr'>Livius</span> <span class='ocrx_word' id='word_1_425' title='bbox 621 2532 680 2568; x_wconf 88' lang='lat' dir='ltr'>lib.</span> <span class='ocrx_word' id='word_1_426' title='bbox 699 2547 820 2570; x_wconf 74' lang='lat' dir='ltr'>xxxix.</span> <span class='ocrx_word' id='word_1_427' title='bbox 866 2533 1058 2581; x_wconf 78' lang='lat' dir='ltr'>Philippum</span> <span class='ocrx_word' id='word_1_428' title='bbox 1085 2543 1159 2572; x_wconf 84' lang='lat' dir='ltr'>Poe-</span> 
     </span>
     <span class='ocr_line' id='line_1_57' title="bbox 131 2582 1156 2630; baseline -0.001 -8"><span class='ocrx_word' id='word_1_429' title='bbox 131 2598 238 2629; x_wconf 79' lang='lat' dir='ltr'>num,</span> <span class='ocrx_word' id='word_1_430' title='bbox 267 2597 383 2621; x_wconf 71' lang='lat' dir='ltr'>carum</span> <span class='ocrx_word' id='word_1_431' title='bbox 399 2615 410 2630; x_wconf 90' lang='lat'><em>‚</em></span> <span class='ocrx_word' id='word_1_432' title='bbox 437 2598 478 2622; x_wconf 79' lang='lat' dir='ltr'>ac</span> <span class='ocrx_word' id='word_1_433' title='bbox 497 2582 774 2630; x_wconf 82' lang='lat' dir='ltr'>nobilescortum.</span> <span class='ocrx_word' id='word_1_434' title='bbox 803 2586 879 2620; x_wconf 85' lang='lat' dir='ltr'>Sex.</span> <span class='ocrx_word' id='word_1_435' title='bbox 937 2584 1090 2620; x_wconf 83' lang='lat' dir='ltr'>Aurelius</span> <span class='ocrx_word' id='word_1_436' title='bbox 1113 2585 1156 2621; x_wconf 91' lang='lat' dir='ltr'>de</span> 
     </span>
     <span class='ocr_line' id='line_1_58' title="bbox 131 2631 1154 2685; baseline -0.002 -14"><span class='ocrx_word' id='word_1_437' title='bbox 131 2635 365 2672; x_wconf 78' lang='lat' dir='ltr'>Domitiano:</span> <span class='ocrx_word' id='word_1_438' title='bbox 383 2635 513 2685; x_wconf 83' lang='lat' dir='ltr'>Injuria</span> <span class='ocrx_word' id='word_1_439' title='bbox 522 2634 721 2674; x_wconf 77' lang='lat' dir='ltr'>verborum,</span> <span class='ocrx_word' id='word_1_440' title='bbox 739 2633 855 2681; x_wconf 77' lang='lat' dir='ltr'>quase</span> <span class='ocrx_word' id='word_1_441' title='bbox 868 2631 1017 2678; x_wconf 80' lang='lat' dir='ltr'>scortum</span> <span class='ocrx_word' id='word_1_442' title='bbox 1037 2635 1154 2669; x_wconf 77' lang='lat' dir='ltr'>vocari</span> 
     </span>
     <span class='ocr_line' id='line_1_59' title="bbox 134 2681 1153 2733; baseline 0.001 -13"><span class='ocrx_word' id='word_1_443' title='bbox 134 2684 266 2721; x_wconf 69' lang='lat' dir='ltr'>dolebat</span> <span class='ocrx_word' id='word_1_444' title='bbox 278 2714 290 2729; x_wconf 90' lang='lat'>,</span> <span class='ocrx_word' id='word_1_445' title='bbox 307 2686 458 2733; x_wconf 79' lang='lat' dir='ltr'>accensus</span> <span class='ocrx_word' id='word_1_446' title='bbox 475 2684 662 2723; x_wconf 82' lang='lat' dir='ltr'>Antonius.</span> <span class='ocrx_word' id='word_1_447' title='bbox 686 2685 815 2719; x_wconf 88' lang='lat' dir='ltr'>Sueton</span> <span class='ocrx_word' id='word_1_448' title='bbox 846 2681 928 2717; x_wconf 84' lang='lat' dir='ltr'>Tib.</span> <span class='ocrx_word' id='word_1_449' title='bbox 940 2695 1014 2732; x_wconf 85' lang='lat' dir='ltr'>cap.</span> <span class='ocrx_word' id='word_1_450' title='bbox 1025 2695 1086 2719; x_wconf 77' lang='lat' dir='ltr'>xL1</span> <span class='ocrx_word' id='word_1_451' title='bbox 1101 2698 1111 2720; x_wconf 92' lang='lat'>1</span> <span class='ocrx_word' id='word_1_452' title='bbox 1126 2698 1153 2721; x_wconf 87' lang='lat'>1.</span> 
     </span>
     <span class='ocr_line' id='line_1_60' title="bbox 132 2731 1155 2787; baseline -0.001 -16"><span class='ocrx_word' id='word_1_453' title='bbox 132 2735 191 2771; x_wconf 85' lang='lat' dir='ltr'>ubi</span> <span class='ocrx_word' id='word_1_454' title='bbox 218 2735 260 2772; x_wconf 71' lang='lat' dir='ltr'>de</span> <span class='ocrx_word' id='word_1_455' title='bbox 281 2736 434 2787; x_wconf 82' lang='lat' dir='ltr'>spintriis.</span> <span class='ocrx_word' id='word_1_456' title='bbox 493 2740 541 2772; x_wconf 86' lang='lat' dir='ltr'>Ex</span> <span class='ocrx_word' id='word_1_457' title='bbox 559 2732 681 2783; x_wconf 84' lang='lat' dir='ltr'>quibus</span> <span class='ocrx_word' id='word_1_458' title='bbox 697 2732 861 2768; x_wconf 85' lang='lat' dir='ltr'>omnibus</span> <span class='ocrx_word' id='word_1_459' title='bbox 881 2731 965 2769; x_wconf 87' lang='lat' dir='ltr'>locis</span> <span class='ocrx_word' id='word_1_460' title='bbox 982 2760 995 2774; x_wconf 93' lang='lat'>,</span> <span class='ocrx_word' id='word_1_461' title='bbox 1035 2732 1155 2771; x_wconf 75' lang='lat' dir='ltr'>adver—</span> 
     </span>
     <span class='ocr_line' id='line_1_61' title="bbox 134 2782 1155 2831; baseline 0.001 -11"><span class='ocrx_word' id='word_1_462' title='bbox 134 2783 188 2823; x_wconf 87' lang='lat' dir='ltr'>sus</span> <span class='ocrx_word' id='word_1_463' title='bbox 207 2786 381 2823; x_wconf 77' lang='lat' dir='ltr'>Laurentii</span> <span class='ocrx_word' id='word_1_464' title='bbox 400 2785 510 2824; x_wconf 82' lang='lat' dir='ltr'>Vallae</span> <span class='ocrx_word' id='word_1_465' title='bbox 535 2784 737 2825; x_wconf 86' lang='lat' dir='ltr'>discrimen,</span> <span class='ocrx_word' id='word_1_466' title='bbox 759 2782 872 2830; x_wconf 81' lang='lat' dir='ltr'>scorta</span> <span class='ocrx_word' id='word_1_467' title='bbox 895 2783 1011 2818; x_wconf 83' lang='lat' dir='ltr'>vocari</span> <span class='ocrx_word' id='word_1_468' title='bbox 1030 2795 1155 2831; x_wconf 81' lang='lat' dir='ltr'>pueros</span> 
     </span>
     <span class='ocr_line' id='line_1_62' title="bbox 133 2830 1154 2883; baseline -0.001 -12"><span class='ocrx_word' id='word_1_469' title='bbox 133 2847 207 2872; x_wconf 87' lang='lat' dir='ltr'>non</span> <span class='ocrx_word' id='word_1_470' title='bbox 227 2837 423 2873; x_wconf 86' lang='lat' dir='ltr'>meritorios</span> <span class='ocrx_word' id='word_1_471' title='bbox 439 2847 597 2877; x_wconf 77' lang='lat' dir='ltr'>tantum,</span> <span class='ocrx_word' id='word_1_472' title='bbox 625 2834 681 2883; x_wconf 87' lang='lat' dir='ltr'>qui</span> <span class='ocrx_word' id='word_1_473' title='bbox 699 2831 860 2868; x_wconf 84' lang='lat' dir='ltr'>mercede</span> <span class='ocrx_word' id='word_1_474' title='bbox 880 2830 911 2867; x_wconf 82' lang='lat' dir='ltr'>se</span> <span class='ocrx_word' id='word_1_475' title='bbox 934 2833 1154 2881; x_wconf 76' lang='lat' dir='ltr'>prostituant,</span> 
     </span>
     <span class='ocr_line' id='line_1_63' title="bbox 133 2882 1154 2937; baseline -0.008 -14"><span class='ocrx_word' id='word_1_476' title='bbox 133 2897 257 2923; x_wconf 80' lang='lat' dir='ltr'>verum</span> <span class='ocrx_word' id='word_1_477' title='bbox 284 2888 389 2923; x_wconf 72' lang='lat' dir='ltr'>etiam</span> <span class='ocrx_word' id='word_1_478' title='bbox 407 2900 469 2924; x_wconf 89' lang='lat' dir='ltr'>eos</span> <span class='ocrx_word' id='word_1_479' title='bbox 489 2899 576 2937; x_wconf 88' lang='lat' dir='ltr'>quos</span> <span class='ocrx_word' id='word_1_480' title='bbox 599 2885 780 2920; x_wconf 76' lang='lat' dir='ltr'>catamitos</span> <span class='ocrx_word' id='word_1_481' title='bbox 797 2895 837 2918; x_wconf 77' lang='lat' dir='ltr'>ac</span> <span class='ocrx_word' id='word_1_482' title='bbox 859 2882 1072 2921; x_wconf 81' lang='lat' dir='ltr'>concubinos</span> <span class='ocrx_word' id='word_1_483' title='bbox 1091 2884 1154 2922; x_wconf 81' lang='lat' dir='ltr'>ho-</span> 
     </span>
    </p>
   </div>
   <div class='ocr_carea' id='block_1_12' title="bbox 133 2932 847 2988">
    <p class='ocr_par' dir='ltr' id='par_1_16' title="bbox 133 2932 847 2988">
     <span class='ocr_line' id='line_1_64' title="bbox 133 2932 847 2988; baseline -0.006 -16"><span class='ocrx_word' id='word_1_484' title='bbox 133 2935 256 2975; x_wconf 73' lang='lat' dir='ltr'>uestitss</span> <span class='ocrx_word' id='word_1_485' title='bbox 273 2936 512 2988; x_wconf 79' lang='lat' dir='ltr'>appellabant,</span> <span class='ocrx_word' id='word_1_486' title='bbox 541 2933 765 2973; x_wconf 78' lang='lat' dir='ltr'>manifestum</span> <span class='ocrx_word' id='word_1_487' title='bbox 789 2932 847 2970; x_wconf 87' lang='lat' dir='ltr'>est.</span> 
     </span>
    </p>
   </div>
   <div class='ocr_carea' id='block_1_13' title="bbox 188 3011 1152 3126">
    <p class='ocr_par' dir='ltr' id='par_1_17' title="bbox 188 3011 1152 3126">
     <span class='ocr_line' id='line_1_65' title="bbox 437 3011 836 3046; baseline -0.003 -1"><span class='ocrx_word' id='word_1_488' title='bbox 437 3011 471 3045; x_wconf 90' lang='lat' dir='ltr'>C</span> <span class='ocrx_word' id='word_1_489' title='bbox 498 3022 521 3046; x_wconf 72' lang='grc' dir='ltr'><strong>Α</strong></span> <span class='ocrx_word' id='word_1_490' title='bbox 551 3021 568 3044; x_wconf 87' lang='lat' dir='ltr'>s</span> <span class='ocrx_word' id='word_1_491' title='bbox 597 3020 619 3044; x_wconf 78' lang='lat' dir='ltr'><strong>A</strong></span> <span class='ocrx_word' id='word_1_492' title='bbox 647 3019 674 3044; x_wconf 84' lang='lat' dir='ltr'>u</span> <span class='ocrx_word' id='word_1_493' title='bbox 703 3020 723 3046; x_wconf 79' lang='lat' dir='ltr'><em>B</em></span> <span class='ocrx_word' id='word_1_494' title='bbox 753 3020 778 3044; x_wconf 94' lang='lat' dir='ltr'>o</span> <span class='ocrx_word' id='word_1_495' title='bbox 800 3020 836 3044; x_wconf 80' lang='lat' dir='ltr'>N.</span> 
     </span>
     <span class='ocr_line' id='line_1_66' title="bbox 188 3066 1152 3126; baseline 0.005 -26"><span class='ocrx_word' id='word_1_496' title='bbox 188 3067 358 3104; x_wconf 76' lang='lat' dir='ltr'>socculum</span> <span class='ocrx_word' id='word_1_497' title='bbox 384 3068 545 3105; x_wconf 79' lang='lat' dir='ltr'>dextrum</span> <span class='ocrx_word' id='word_1_498' title='bbox 565 3069 654 3102; x_wconf 81' lang='lat' dir='ltr'>inter</span> <span class='ocrx_word' id='word_1_499' title='bbox 669 3077 784 3126; x_wconf 57' lang='lat' dir='ltr'>fogqm</span> <span class='ocrx_word' id='word_1_500' title='bbox 809 3069 1027 3117; x_wconf 72' lang='lat' dir='ltr'>tunicamque</span> <span class='ocrx_word' id='word_1_501' title='bbox 1049 3066 1152 3116; x_wconf 71' lang='lat' dir='ltr'>gesta-</span> 
     </span>
    </p>
   </div>
   <div class='ocr_carea' id='block_1_14' title="bbox 146 1895 565 2306">
    <p class='ocr_par' dir='ltr' id='par_1_18' title="bbox 146 1895 565 2306">
     <span class='ocr_line' id='line_1_67' title="bbox 146 1895 565 2306; baseline 0 1119"><span class='ocrx_word' id='word_1_502' title='bbox 146 1895 565 2306; x_wconf 95' lang='lat' dir='ltr'> </span> 
     </span>
    </p>
   </div>
   <div class='ocr_carea' id='block_1_15' title="bbox 1204 2063 2239 3020">
    <p class='ocr_par' dir='ltr' id='par_1_19' title="bbox 1205 2063 2239 2804">
     <span class='ocr_line' id='line_1_68' title="bbox 1216 2063 2239 2118; baseline 0.007 -19"><span class='ocrx_word' id='word_1_503' title='bbox 1216 2063 1382 2104; x_wconf 61' lang='lat' dir='ltr'>dietivum</span> <span class='ocrx_word' id='word_1_504' title='bbox 1401 2066 1546 2104; x_wconf 81' lang='lat' dir='ltr'>eadem:</span> <span class='ocrx_word' id='word_1_505' title='bbox 1581 2081 1645 2104; x_wconf 90' lang='lat' dir='ltr'>nec</span> <span class='ocrx_word' id='word_1_506' title='bbox 1664 2068 1754 2104; x_wconf 79' lang='lat' dir='ltr'>aliud</span> <span class='ocrx_word' id='word_1_507' title='bbox 1777 2068 1841 2105; x_wconf 80' lang='lat' dir='ltr'>effe</span> <span class='ocrx_word' id='word_1_508' title='bbox 1858 2097 1870 2112; x_wconf 88' lang='lat'>,</span> <span class='ocrx_word' id='word_1_509' title='bbox 1902 2082 2009 2118; x_wconf 77' lang='lat' dir='ltr'>quam</span> <span class='ocrx_word' id='word_1_510' title='bbox 2036 2083 2115 2106; x_wconf 87' lang='lat' dir='ltr'>cum</span> <span class='ocrx_word' id='word_1_511' title='bbox 2149 2070 2239 2115; x_wconf 83' lang='lat' dir='ltr'>justi-</span> 
     </span>
     <span class='ocr_line' id='line_1_69' title="bbox 1215 2116 2236 2168; baseline 0.006 -18"><span class='ocrx_word' id='word_1_512' title='bbox 1215 2116 1301 2151; x_wconf 85' lang='lat' dir='ltr'>tium</span> <span class='ocrx_word' id='word_1_513' title='bbox 1318 2116 1475 2154; x_wconf 81' lang='lat' dir='ltr'>indicitur</span> <span class='ocrx_word' id='word_1_514' title='bbox 1492 2144 1504 2159; x_wconf 90' lang='lat'>‚</span> <span class='ocrx_word' id='word_1_515' title='bbox 1534 2120 1572 2155; x_wconf 73' lang='grc' dir='ltr'>ὁ(</span> <span class='ocrx_word' id='word_1_516' title='bbox 1593 2117 1746 2168; x_wconf 85' lang='lat' dir='ltr'>publicus</span> <span class='ocrx_word' id='word_1_517' title='bbox 1766 2118 1888 2156; x_wconf 76' lang='lat' dir='ltr'>luc&#39;tus.</span> <span class='ocrx_word' id='word_1_518' title='bbox 1916 2120 2120 2157; x_wconf 86' lang='lat' dir='ltr'>Censorium</span> <span class='ocrx_word' id='word_1_519' title='bbox 2139 2148 2151 2162; x_wconf 93' lang='lat'>,</span> <span class='ocrx_word' id='word_1_520' title='bbox 2180 2134 2236 2156; x_wconf 91' lang='lat' dir='ltr'>cu-</span> 
     </span>
     <span class='ocr_line' id='line_1_70' title="bbox 1216 2166 2233 2218; baseline 0.005 -18"><span class='ocrx_word' id='word_1_521' title='bbox 1216 2166 1266 2210; x_wconf 81' lang='lat' dir='ltr'>jus</span> <span class='ocrx_word' id='word_1_522' title='bbox 1282 2167 1422 2203; x_wconf 80' lang='lat' dir='ltr'>Tacitus</span> <span class='ocrx_word' id='word_1_523' title='bbox 1440 2167 1532 2203; x_wconf 90' lang='lat' dir='ltr'>Ann.</span> <span class='ocrx_word' id='word_1_524' title='bbox 1551 2181 1603 2204; x_wconf 81' lang='lat' dir='ltr'>xv.</span> <span class='ocrx_word' id='word_1_525' title='bbox 1631 2169 1815 2211; x_wconf 84' lang='lat' dir='ltr'>meminit,</span> <span class='ocrx_word' id='word_1_526' title='bbox 1845 2181 1976 2218; x_wconf 78' lang='lat' dir='ltr'>partem</span> <span class='ocrx_word' id='word_1_527' title='bbox 1998 2172 2069 2215; x_wconf 78' lang='lat' dir='ltr'>ejus</span> <span class='ocrx_word' id='word_1_528' title='bbox 2088 2169 2152 2206; x_wconf 71' lang='lat' dir='ltr'>esse</span> <span class='ocrx_word' id='word_1_529' title='bbox 2166 2183 2179 2207; x_wconf 67' lang='grc' dir='ltr'>ι</span> <span class='ocrx_word' id='word_1_530' title='bbox 2201 2171 2233 2206; x_wconf 90' lang='lat' dir='ltr'>id</span> 
     </span>
     <span class='ocr_line' id='line_1_71' title="bbox 1214 2214 2232 2268; baseline 0.004 -17"><span class='ocrx_word' id='word_1_531' title='bbox 1214 2214 1262 2251; x_wconf 87' lang='lat' dir='ltr'>est</span> <span class='ocrx_word' id='word_1_532' title='bbox 1277 2243 1289 2258; x_wconf 91' lang='lat'>‚</span> <span class='ocrx_word' id='word_1_533' title='bbox 1328 2229 1365 2253; x_wconf 88' lang='lat' dir='ltr'>ut</span> <span class='ocrx_word' id='word_1_534' title='bbox 1382 2229 1491 2253; x_wconf 89' lang='lat' dir='ltr'>omne</span> <span class='ocrx_word' id='word_1_535' title='bbox 1514 2217 1708 2255; x_wconf 85' lang='lat' dir='ltr'>censorium</span> <span class='ocrx_word' id='word_1_536' title='bbox 1727 2218 1828 2255; x_wconf 86' lang='lat' dir='ltr'>funus</span> <span class='ocrx_word' id='word_1_537' title='bbox 1849 2219 2023 2267; x_wconf 85' lang='lat' dir='ltr'>publicum</span> <span class='ocrx_word' id='word_1_538' title='bbox 2052 2218 2095 2255; x_wconf 79' lang='lat' dir='ltr'>sit</span> <span class='ocrx_word' id='word_1_539' title='bbox 2152 2218 2232 2268; x_wconf 75' lang='lat' dir='ltr'>(qni</span> 
     </span>
     <span class='ocr_line' id='line_1_72' title="bbox 1213 2266 2229 2317; baseline 0.006 -18"><span class='ocrx_word' id='word_1_540' title='bbox 1213 2266 1307 2301; x_wconf 85' lang='lat' dir='ltr'>enim</span> <span class='ocrx_word' id='word_1_541' title='bbox 1328 2267 1422 2303; x_wconf 80' lang='lat' dir='ltr'>aliter</span> <span class='ocrx_word' id='word_1_542' title='bbox 1441 2267 1549 2317; x_wconf 88' lang='lat' dir='ltr'>potest</span> <span class='ocrx_word' id='word_1_543' title='bbox 1565 2267 1598 2314; x_wconf 72' lang='grc' dir='ltr'>ἒ)</span> <span class='ocrx_word' id='word_1_544' title='bbox 1631 2279 1664 2303; x_wconf 81' lang='lat' dir='ltr'>at</span> <span class='ocrx_word' id='word_1_545' title='bbox 1683 2282 1754 2304; x_wconf 89' lang='lat' dir='ltr'>non</span> <span class='ocrx_word' id='word_1_546' title='bbox 1775 2281 1883 2305; x_wconf 87' lang='lat' dir='ltr'>omne</span> <span class='ocrx_word' id='word_1_547' title='bbox 1903 2269 2079 2317; x_wconf 69' lang='lat' dir='ltr'>publitum</span> <span class='ocrx_word' id='word_1_548' title='bbox 2100 2298 2112 2311; x_wconf 91' lang='lat'>,</span> <span class='ocrx_word' id='word_1_549' title='bbox 2151 2282 2229 2305; x_wconf 86' lang='lat' dir='ltr'>cen-</span> 
     </span>
     <span class='ocr_line' id='line_1_73' title="bbox 1211 2314 2232 2366; baseline 0.006 -16"><span class='ocrx_word' id='word_1_550' title='bbox 1211 2314 1351 2355; x_wconf 53' lang='lat' dir='ltr'>sorium.</span> <span class='ocrx_word' id='word_1_551' title='bbox 1408 2320 1456 2353; x_wconf 86' lang='lat' dir='ltr'>Ut</span> <span class='ocrx_word' id='word_1_552' title='bbox 1482 2318 1569 2354; x_wconf 85' lang='lat' dir='ltr'>inter</span> <span class='ocrx_word' id='word_1_553' title='bbox 1588 2318 1803 2366; x_wconf 68' lang='lat' dir='ltr'>magistratus</span> <span class='ocrx_word' id='word_1_554' title='bbox 1821 2347 1832 2360; x_wconf 92' lang='lat'><em>‚</em></span> <span class='ocrx_word' id='word_1_555' title='bbox 1868 2318 2122 2357; x_wconf 70' lang='lat' dir='ltr'>honoratissimi</span> <span class='ocrx_word' id='word_1_556' title='bbox 2152 2333 2232 2356; x_wconf 83' lang='lat' dir='ltr'>cen-</span> 
     </span>
     <span class='ocr_line' id='line_1_74' title="bbox 1211 2364 2229 2418; baseline 0.004 -17"><span class='ocrx_word' id='word_1_557' title='bbox 1211 2364 1303 2402; x_wconf 88' lang='lat' dir='ltr'>sores</span> <span class='ocrx_word' id='word_1_558' title='bbox 1320 2395 1331 2408; x_wconf 95' lang='lat'>,</span> <span class='ocrx_word' id='word_1_559' title='bbox 1364 2367 1455 2416; x_wconf 86' lang='lat' dir='ltr'>isque</span> <span class='ocrx_word' id='word_1_560' title='bbox 1475 2367 1628 2404; x_wconf 86' lang='lat' dir='ltr'>cumulus</span> <span class='ocrx_word' id='word_1_561' title='bbox 1652 2366 1744 2417; x_wconf 77' lang='lat' dir='ltr'>qnasi</span> <span class='ocrx_word' id='word_1_562' title='bbox 1767 2367 1973 2418; x_wconf 76' lang='lat' dir='ltr'>reliquarum</span> <span class='ocrx_word' id='word_1_563' title='bbox 2002 2369 2229 2418; x_wconf 66' lang='lat' dir='ltr'>dignitatum,</span> 
     </span>
     <span class='ocr_line' id='line_1_75' title="bbox 1212 2413 2229 2466; baseline 0.004 -14"><span class='ocrx_word' id='word_1_564' title='bbox 1212 2413 1259 2452; x_wconf 85' lang='lat' dir='ltr'>fic</span> <span class='ocrx_word' id='word_1_565' title='bbox 1280 2417 1367 2453; x_wconf 88' lang='lat' dir='ltr'>inter</span> <span class='ocrx_word' id='word_1_566' title='bbox 1386 2418 1505 2454; x_wconf 79' lang='lat' dir='ltr'>funem</span> <span class='ocrx_word' id='word_1_567' title='bbox 1518 2418 1595 2454; x_wconf 75' lang='lat' dir='ltr'>illud</span> <span class='ocrx_word' id='word_1_568' title='bbox 1616 2419 1730 2466; x_wconf 80' lang='lat' dir='ltr'>primo</span> <span class='ocrx_word' id='word_1_569' title='bbox 1747 2417 1837 2457; x_wconf 84' lang='lat' dir='ltr'>loco.</span> <span class='ocrx_word' id='word_1_570' title='bbox 1884 2419 2027 2456; x_wconf 87' lang='lat' dir='ltr'>Publico</span> <span class='ocrx_word' id='word_1_571' title='bbox 2045 2432 2160 2455; x_wconf 79' lang='lat' dir='ltr'>autem</span> <span class='ocrx_word' id='word_1_572' title='bbox 2179 2418 2229 2456; x_wconf 87' lang='lat' dir='ltr'>fu-</span> 
     </span>
     <span class='ocr_line' id='line_1_76' title="bbox 1209 2467 2227 2519; baseline 0.004 -18"><span class='ocrx_word' id='word_1_573' title='bbox 1209 2467 1281 2502; x_wconf 83' lang='lat' dir='ltr'>neri</span> <span class='ocrx_word' id='word_1_574' title='bbox 1306 2469 1492 2517; x_wconf 84' lang='lat' dir='ltr'>opponitur</span> <span class='ocrx_word' id='word_1_575' title='bbox 1516 2470 1659 2503; x_wconf 69' lang='lat' dir='ltr'>tacitum</span> <span class='ocrx_word' id='word_1_576' title='bbox 1675 2494 1686 2508; x_wconf 77' lang='lat'>,</span> <span class='ocrx_word' id='word_1_577' title='bbox 1716 2467 1749 2503; x_wconf 82' lang='lat' dir='ltr'>id</span> <span class='ocrx_word' id='word_1_578' title='bbox 1770 2467 1816 2503; x_wconf 89' lang='lat' dir='ltr'>est</span> <span class='ocrx_word' id='word_1_579' title='bbox 1835 2496 1847 2511; x_wconf 90' lang='lat'>,</span> <span class='ocrx_word' id='word_1_580' title='bbox 1877 2467 1948 2506; x_wconf 80' lang='lat' dir='ltr'>fine</span> <span class='ocrx_word' id='word_1_581' title='bbox 1969 2482 2124 2519; x_wconf 81' lang='lat' dir='ltr'>pompa,</span> <span class='ocrx_word' id='word_1_582' title='bbox 2155 2467 2227 2505; x_wconf 79' lang='lat' dir='ltr'>fine</span> 
     </span>
     <span class='ocr_line' id='line_1_77' title="bbox 1209 2514 2227 2567; baseline 0.005 -16"><span class='ocrx_word' id='word_1_583' title='bbox 1209 2514 1428 2566; x_wconf 77' lang='lat' dir='ltr'>designatore</span> <span class='ocrx_word' id='word_1_584' title='bbox 1447 2547 1457 2558; x_wconf 92' lang='lat'>,</span> <span class='ocrx_word' id='word_1_585' title='bbox 1486 2516 1556 2553; x_wconf 79' lang='lat' dir='ltr'>sine</span> <span class='ocrx_word' id='word_1_586' title='bbox 1575 2518 1656 2554; x_wconf 66' lang='lat' dir='ltr'>ludis</span> <span class='ocrx_word' id='word_1_587' title='bbox 1677 2545 1688 2559; x_wconf 94' lang='lat'>,</span> <span class='ocrx_word' id='word_1_588' title='bbox 1718 2531 1877 2567; x_wconf 76' lang='lat' dir='ltr'>praecone</span> <span class='ocrx_word' id='word_1_589' title='bbox 1895 2548 1906 2562; x_wconf 87' lang='lat'><em>‚</em></span> <span class='ocrx_word' id='word_1_590' title='bbox 1935 2520 2142 2561; x_wconf 55' lang='lat' dir='ltr'>indictione,</span> <span class='ocrx_word' id='word_1_591' title='bbox 2185 2518 2227 2556; x_wconf 76' lang='lat' dir='ltr'>ss-</span> 
     </span>
     <span class='ocr_line' id='line_1_78' title="bbox 1207 2565 2224 2618; baseline 0.002 -16"><span class='ocrx_word' id='word_1_592' title='bbox 1207 2565 1280 2602; x_wconf 85' lang='lat' dir='ltr'>lens</span> <span class='ocrx_word' id='word_1_593' title='bbox 1317 2571 1353 2603; x_wconf 87' lang='lat'>&amp;</span> <span class='ocrx_word' id='word_1_594' title='bbox 1387 2570 1552 2616; x_wconf 76' lang='lat' dir='ltr'>quietum.</span> <span class='ocrx_word' id='word_1_595' title='bbox 1610 2572 1736 2604; x_wconf 70' lang='lat' dir='ltr'>Seneca</span> <span class='ocrx_word' id='word_1_596' title='bbox 1763 2567 1805 2602; x_wconf 86' lang='lat' dir='ltr'>de</span> <span class='ocrx_word' id='word_1_597' title='bbox 1833 2569 2092 2618; x_wconf 70' lang='lat' dir='ltr'>Tranquillitate</span> <span class='ocrx_word' id='word_1_598' title='bbox 2121 2569 2177 2604; x_wconf 90' lang='lat' dir='ltr'>lib.</span> <span class='ocrx_word' id='word_1_599' title='bbox 2197 2583 2224 2608; x_wconf 84' lang='lat' dir='ltr'>t.</span> 
     </span>
     <span class='ocr_line' id='line_1_79' title="bbox 1207 2617 2226 2667; baseline 0.007 -17"><span class='ocrx_word' id='word_1_600' title='bbox 1207 2628 1280 2664; x_wconf 74' lang='lat' dir='ltr'>cap.</span> <span class='ocrx_word' id='word_1_601' title='bbox 1308 2630 1334 2653; x_wconf 82' lang='lat' dir='ltr'>t.</span> <span class='ocrx_word' id='word_1_602' title='bbox 1393 2620 1490 2664; x_wconf 42' lang='lat' dir='ltr'>Quiri</span> <span class='ocrx_word' id='word_1_603' title='bbox 1518 2626 1592 2664; x_wconf 66' lang='lat' dir='ltr'>opus</span> <span class='ocrx_word' id='word_1_604' title='bbox 1617 2617 1658 2662; x_wconf 73' lang='lat' dir='ltr'>est</span> <span class='ocrx_word' id='word_1_605' title='bbox 1678 2617 1797 2663; x_wconf 66' lang='lat' dir='ltr'>fiendis</span> <span class='ocrx_word' id='word_1_606' title='bbox 1820 2619 1992 2654; x_wconf 66' lang='lat' dir='ltr'>duratum</span> <span class='ocrx_word' id='word_1_607' title='bbox 2017 2627 2226 2667; x_wconf 77' lang='lat' dir='ltr'>componere?</span> 
     </span>
     <span class='ocr_line' id='line_1_80' title="bbox 1208 2665 2222 2714; baseline 0.006 -15"><span class='ocrx_word' id='word_1_608' title='bbox 1208 2665 1261 2700; x_wconf 82' lang='lat' dir='ltr'>Vis</span> <span class='ocrx_word' id='word_1_609' title='bbox 1276 2674 1316 2700; x_wconf 81' lang='lat' dir='ltr'>tu</span> <span class='ocrx_word' id='word_1_610' title='bbox 1336 2678 1424 2701; x_wconf 76' lang='lat' dir='ltr'>nunc</span> <span class='ocrx_word' id='word_1_611' title='bbox 1441 2668 1479 2702; x_wconf 74' lang='lat' dir='ltr'>iel</span> <span class='ocrx_word' id='word_1_612' title='bbox 1495 2679 1610 2714; x_wconf 79' lang='lat' dir='ltr'>agere,</span> <span class='ocrx_word' id='word_1_613' title='bbox 1639 2679 1678 2701; x_wconf 76' lang='lat' dir='ltr'>ne</span> <span class='ocrx_word' id='word_1_614' title='bbox 1704 2678 1734 2701; x_wconf 80' lang='lat' dir='ltr'>te</span> <span class='ocrx_word' id='word_1_615' title='bbox 1757 2667 1875 2714; x_wconf 72' lang='lat' dir='ltr'>posteri</span> <span class='ocrx_word' id='word_1_616' title='bbox 1903 2678 2039 2704; x_wconf 66' lang='lat' dir='ltr'>merant</span> <span class='ocrx_word' id='word_1_617' title='bbox 2058 2679 2073 2706; x_wconf 59' lang='grc' dir='ltr'>,Ρ</span> <span class='ocrx_word' id='word_1_618' title='bbox 2111 2672 2222 2705; x_wconf 80' lang='lat' dir='ltr'>Morti</span> 
     </span>
     <span class='ocr_line' id='line_1_81' title="bbox 1205 2717 2223 2765; baseline 0.006 -15"><span class='ocrx_word' id='word_1_619' title='bbox 1205 2724 1310 2750; x_wconf 73' lang='lat' dir='ltr'>natus</span> <span class='ocrx_word' id='word_1_620' title='bbox 1337 2727 1379 2753; x_wconf 64' lang='grc' dir='ltr'>εκ.</span> <span class='ocrx_word' id='word_1_621' title='bbox 1409 2717 1521 2752; x_wconf 73' lang='lat' dir='ltr'>minus</span> <span class='ocrx_word' id='word_1_622' title='bbox 1547 2717 1773 2761; x_wconf 72' lang='lat' dir='ltr'>molestiarum</span> <span class='ocrx_word' id='word_1_623' title='bbox 1802 2717 1903 2754; x_wconf 75' lang='lat' dir='ltr'>habet</span> <span class='ocrx_word' id='word_1_624' title='bbox 1929 2718 2039 2765; x_wconf 72' lang='lat' dir='ltr'>sumes</span> <span class='ocrx_word' id='word_1_625' title='bbox 2063 2720 2223 2757; x_wconf 76' lang='lat' dir='ltr'>tacitum.</span> 
     </span>
     <span class='ocr_line' id='line_1_82' title="bbox 1206 2768 1364 2804; baseline 0.013 -3"><span class='ocrx_word' id='word_1_626' title='bbox 1206 2768 1364 2804; x_wconf 72' lang='lat' dir='ltr'>Lipsius.</span> 
     </span>
    </p>

    <p class='ocr_par' dir='ltr' id='par_1_20' title="bbox 1204 2816 2226 3020">
     <span class='ocr_line' id='line_1_83' title="bbox 1260 2816 2224 2869; baseline 0.006 -19"><span class='ocrx_word' id='word_1_627' title='bbox 1260 2820 1305 2850; x_wconf 81' lang='lat' dir='ltr'>Et</span> <span class='ocrx_word' id='word_1_628' title='bbox 1321 2816 1384 2864; x_wconf 73' lang='lat' dir='ltr'>ipſse</span> <span class='ocrx_word' id='word_1_629' title='bbox 1397 2824 1550 2865; x_wconf 81' lang='lat' dir='ltr'>perpetuo</span> <span class='ocrx_word' id='word_1_630' title='bbox 1561 2816 1707 2865; x_wconf 61' lang='lat' dir='ltr'>spintriae</span> <span class='ocrx_word' id='word_1_631' title='bbox 1725 2819 1911 2866; x_wconf 76' lang='lat' dir='ltr'>cognomine</span> <span class='ocrx_word' id='word_1_632' title='bbox 1929 2818 2104 2865; x_wconf 45' lang='lat' dir='ltr'>notatum]</span> <span class='ocrx_word' id='word_1_633' title='bbox 2147 2823 2224 2869; x_wconf 73' lang='lat' dir='ltr'>Ego</span> 
     </span>
     <span class='ocr_line' id='line_1_84' title="bbox 1205 2864 2222 2925; baseline 0.006 -25"><span class='ocrx_word' id='word_1_634' title='bbox 1205 2864 1378 2913; x_wconf 78' lang='lat' dir='ltr'>spintriam</span> <span class='ocrx_word' id='word_1_635' title='bbox 1398 2880 1480 2903; x_wconf 85' lang='lat' dir='ltr'>eum</span> <span class='ocrx_word' id='word_1_636' title='bbox 1500 2869 1651 2917; x_wconf 77' lang='lat' dir='ltr'>accipio,</span> <span class='ocrx_word' id='word_1_637' title='bbox 1672 2869 1729 2917; x_wconf 87' lang='lat' dir='ltr'>qui</span> <span class='ocrx_word' id='word_1_638' title='bbox 1748 2868 1928 2905; x_wconf 61' lang='lat' dir='ltr'>muliebria</span> <span class='ocrx_word' id='word_1_639' title='bbox 1947 2871 2068 2925; x_wconf 71' lang='lat' dir='ltr'>patitur</span> <span class='ocrx_word' id='word_1_640' title='bbox 2081 2898 2092 2912; x_wconf 92' lang='lat'>,</span> <span class='ocrx_word' id='word_1_641' title='bbox 2122 2869 2222 2919; x_wconf 87' lang='lat' dir='ltr'>seque</span> 
     </span>
     <span class='ocr_line' id='line_1_85' title="bbox 1204 2915 2226 2969; baseline 0.006 -18"><span class='ocrx_word' id='word_1_642' title='bbox 1204 2915 1277 2953; x_wconf 81' lang='lat' dir='ltr'>aliis</span> <span class='ocrx_word' id='word_1_643' title='bbox 1305 2916 1519 2953; x_wconf 81' lang='lat' dir='ltr'>abutendum</span> <span class='ocrx_word' id='word_1_644' title='bbox 1549 2919 1706 2968; x_wconf 75' lang='lat' dir='ltr'>prcebet:</span> <span class='ocrx_word' id='word_1_645' title='bbox 1743 2930 1832 2954; x_wconf 80' lang='lat' dir='ltr'>certe</span> <span class='ocrx_word' id='word_1_646' title='bbox 1853 2932 1916 2969; x_wconf 87' lang='lat' dir='ltr'>pro</span> <span class='ocrx_word' id='word_1_647' title='bbox 1939 2921 2072 2968; x_wconf 77' lang='lat' dir='ltr'>spintria</span> <span class='ocrx_word' id='word_1_648' title='bbox 2100 2921 2226 2957; x_wconf 84' lang='lat' dir='ltr'>Dionis</span> 
     </span>
     <span class='ocr_line' id='line_1_86' title="bbox 1206 2967 2223 3020; baseline 0.005 -19"><span class='ocrx_word' id='word_1_649' title='bbox 1206 2967 1452 3016; x_wconf 72' lang='lat' dir='ltr'>compendium</span> <span class='ocrx_word' id='word_1_650' title='bbox 1473 2968 1728 3016; x_wconf 65' lang='grc' dir='ltr'>πεπορνευκότα,</span> <span class='ocrx_word' id='word_1_651' title='bbox 1756 2968 1862 3012; x_wconf 80' lang='lat' dir='ltr'>dicit,</span> <span class='ocrx_word' id='word_1_652' title='bbox 1905 2968 1938 3005; x_wconf 81' lang='lat' dir='ltr'>id</span> <span class='ocrx_word' id='word_1_653' title='bbox 1957 2969 2004 3005; x_wconf 87' lang='lat' dir='ltr'>est</span> <span class='ocrx_word' id='word_1_654' title='bbox 2020 2999 2031 3013; x_wconf 95' lang='lat'><em>‚</em></span> <span class='ocrx_word' id='word_1_655' title='bbox 2068 2969 2223 3020; x_wconf 84' lang='lat' dir='ltr'>prostitu-</span> 
     </span>
    </p>
   </div>
   <div class='ocr_carea' id='block_1_16' title="bbox 1181 3016 2221 3070">
    <p class='ocr_par' dir='ltr' id='par_1_21' title="bbox 1181 3016 2221 3070">
     <span class='ocr_line' id='line_1_87' title="bbox 1181 3016 2221 3070; baseline 0.003 -18"><span class='ocrx_word' id='word_1_656' title='bbox 1181 3048 1184 3060; x_wconf 37' lang='lat'><em>⁴</em></span> <span class='ocrx_word' id='word_1_657' title='bbox 1205 3027 1279 3052; x_wconf 86' lang='lat' dir='ltr'>tum</span> <span class='ocrx_word' id='word_1_658' title='bbox 1298 3020 1333 3053; x_wconf 71' lang='grc' dir='ltr'>ὃ(</span> <span class='ocrx_word' id='word_1_659' title='bbox 1352 3016 1505 3066; x_wconf 82' lang='lat' dir='ltr'>stuprum</span> <span class='ocrx_word' id='word_1_660' title='bbox 1532 3016 1659 3067; x_wconf 72' lang='lat' dir='ltr'>passum</span> <span class='ocrx_word' id='word_1_661' title='bbox 1682 3033 1691 3055; x_wconf 90' lang='lat'>:</span> <span class='ocrx_word' id='word_1_662' title='bbox 1721 3018 1775 3055; x_wconf 85' lang='lat' dir='ltr'>sed</span> <span class='ocrx_word' id='word_1_663' title='bbox 1796 3023 1832 3056; x_wconf 75' lang='grc' dir='ltr'>δ(</span> <span class='ocrx_word' id='word_1_664' title='bbox 1853 3019 2005 3069; x_wconf 72' lang='lat' dir='ltr'>spintrias</span> <span class='ocrx_word' id='word_1_665' title='bbox 2023 3033 2042 3055; x_wconf 82' lang='lat' dir='ltr'>a</span> <span class='ocrx_word' id='word_1_666' title='bbox 2063 3021 2221 3070; x_wconf 70' lang='lat' dir='ltr'>patientia</span> 
     </span>
    </p>
   </div>
   <div class='ocr_carea' id='block_1_17' title="bbox 1204 3068 2223 3114">
    <p class='ocr_par' dir='ltr' id='par_1_22' title="bbox 1204 3068 2223 3114">
     <span class='ocr_line' id='line_1_88' title="bbox 1204 3068 2223 3114; baseline 0.002 -12"><span class='ocrx_word' id='word_1_667' title='bbox 1204 3069 1405 3105; x_wconf 74' lang='lat' dir='ltr'>nominatos</span> <span class='ocrx_word' id='word_1_668' title='bbox 1419 3069 1560 3105; x_wconf 80' lang='lat' dir='ltr'>Tacitus</span> <span class='ocrx_word' id='word_1_669' title='bbox 1574 3068 1732 3106; x_wconf 83' lang='lat' dir='ltr'>ostendit.</span> <span class='ocrx_word' id='word_1_670' title='bbox 1789 3072 1886 3106; x_wconf 77' lang='lat' dir='ltr'>Nam</span> <span class='ocrx_word' id='word_1_671' title='bbox 1898 3083 1932 3105; x_wconf 85' lang='lat' dir='ltr'>tn</span> <span class='ocrx_word' id='word_1_672' title='bbox 1944 3072 2014 3114; x_wconf 73' lang='lat' dir='ltr'>eius</span> <span class='ocrx_word' id='word_1_673' title='bbox 2031 3070 2144 3109; x_wconf 83' lang='lat' dir='ltr'>verbis</span> <span class='ocrx_word' id='word_1_674' title='bbox 2163 3069 2223 3104; x_wconf 70' lang='lat' dir='ltr'>loci</span> 
     </span>
    </p>
   </div>
   <div class='ocr_carea' id='block_1_18' title="bbox 136 3114 2225 3173">
    <p class='ocr_par' dir='ltr' id='par_1_23' title="bbox 136 3114 2225 3173">
     <span class='ocr_line' id='line_1_89' title="bbox 136 3114 2225 3173; baseline -0.001 -19"><span class='ocrx_word' id='word_1_675' title='bbox 136 3114 232 3164; x_wconf 59' lang='lat' dir='ltr'>vin]</span> <span class='ocrx_word' id='word_1_676' title='bbox 287 3118 401 3156; x_wconf 74' lang='lat' dir='ltr'>Minus</span> <span class='ocrx_word' id='word_1_677' title='bbox 425 3119 489 3156; x_wconf 75' lang='lat' dir='ltr'>erit</span> <span class='ocrx_word' id='word_1_678' title='bbox 513 3117 780 3167; x_wconf 77' lang='lat' dir='ltr'>indignationis,</span> <span class='ocrx_word' id='word_1_679' title='bbox 808 3115 834 3153; x_wconf 87' lang='lat' dir='ltr'>si</span> <span class='ocrx_word' id='word_1_680' title='bbox 859 3119 1149 3163; x_wconf 75' lang='lat' dir='ltr'>meminerimus,</span> <span class='ocrx_word' id='word_1_681' title='bbox 1192 3117 1393 3163; x_wconf 72' lang='lat' dir='ltr'>saeditatem</span> <span class='ocrx_word' id='word_1_682' title='bbox 1418 3118 1461 3155; x_wconf 78' lang='lat' dir='ltr'>ad</span> <span class='ocrx_word' id='word_1_683' title='bbox 1486 3119 1632 3156; x_wconf 75' lang='lat' dir='ltr'>sellai-ios</span> <span class='ocrx_word' id='word_1_684' title='bbox 1662 3117 1775 3156; x_wconf 80' lang='lat' dir='ltr'>refero</span> <span class='ocrx_word' id='word_1_685' title='bbox 1793 3149 1804 3163; x_wconf 92' lang='lat'><em>‚</em></span> <span class='ocrx_word' id='word_1_686' title='bbox 1849 3119 2068 3169; x_wconf 71' lang='lat' dir='ltr'>nmltiplicem</span> <span class='ocrx_word' id='word_1_687' title='bbox 2089 3119 2225 3173; x_wconf 60' lang='lat' dir='ltr'>patien-</span> 
     </span>
    </p>
   </div>
   <div class='ocr_carea' id='block_1_19' title="bbox 1627 3172 2262 3221">
    <p class='ocr_par' dir='ltr' id='par_1_24' title="bbox 1627 3172 2262 3221">
     <span class='ocr_line' id='line_1_90' title="bbox 1627 3172 2262 3221; baseline 0.011 -24"><span class='ocrx_word' id='word_1_688' title='bbox 1627 3172 1752 3221; x_wconf 67' lang='lat' dir='ltr'>Gggg</span> <span class='ocrx_word' id='word_1_689' title='bbox 1784 3184 1803 3206; x_wconf 78' lang='lat'>2</span> <span class='ocrx_word' id='word_1_690' title='bbox 2117 3178 2204 3204; x_wconf 51' lang='lat' dir='ltr'>lirin</span> <span class='ocrx_word' id='word_1_691' title='bbox 2258 3191 2262 3195; x_wconf 41' lang='grc' dir='ltr'><strong>ν</strong></span> 
     </span>
    </p>
   </div>
  </div>
 </body>
</html>
