<?xml version="1.0" encoding="UTF-8"?>
<!DOCTYPE html PUBLIC "-//W3C//DTD XHTML 1.0 Transitional//EN"
    "http://www.w3.org/TR/xhtml1/DTD/xhtml1-transitional.dtd">
<html xmlns="http://www.w3.org/1999/xhtml" xml:lang="en" lang="en">
 <head>
  <title>
</title>
<meta http-equiv="Content-Type" content="text/html;charset=utf-8" />
  <meta name='ocr-system' content='tesseract 3.04.00' />
  <meta name='ocr-capabilities' content='ocr_page ocr_carea ocr_par ocr_line ocrx_word'/>
</head>
<body>
  <div class='ocr_page' id='page_1' title='image "./csuetoniustranqu00suet_0695.png"; bbox 0 0 2504 3425; ppageno 0'>
   <div class='ocr_carea' id='block_1_1' title="bbox 511 149 2292 229">
    <p class='ocr_par' dir='ltr' id='par_1_1' title="bbox 511 149 2292 229">
     <span class='ocr_line' id='line_1_1' title="bbox 511 149 2292 229; baseline -0.002 -23"><span class='ocrx_word' id='word_1_1' title='bbox 511 149 1936 223; x_wconf 74' lang='lat' dir='ltr'>T.FLAv1usD0M1·r1ANUS.</span> <span class='ocrx_word' id='word_1_2' title='bbox 2231 172 2292 229; x_wconf 83' lang='lat'>75</span> 
     </span>
    </p>
   </div>
   <div class='ocr_carea' id='block_1_2' title="bbox 160 240 2303 691">
    <p class='ocr_par' dir='ltr' id='par_1_2' title="bbox 160 240 2303 691">
     <span class='ocr_line' id='line_1_2' title="bbox 160 240 2303 309; baseline -0 -19"><span class='ocrx_word' id='word_1_3' title='bbox 160 252 167 255; x_wconf 55' lang='lat'><em>⁷</em></span> <span class='ocrx_word' id='word_1_4' title='bbox 204 241 351 290; x_wconf 78' lang='lat' dir='ltr'>vetuit.</span> <span class='ocrx_word' id='word_1_5' title='bbox 416 240 684 304; x_wconf 75' lang='lat' dir='ltr'>spadonum,</span> <span class='ocrx_word' id='word_1_6' title='bbox 719 245 794 307; x_wconf 90' lang='lat' dir='ltr'>qui</span> <span class='ocrx_word' id='word_1_7' title='bbox 813 245 960 292; x_wconf 85' lang='lat' dir='ltr'>refidui</span> <span class='ocrx_word' id='word_1_8' title='bbox 983 245 1092 308; x_wconf 87' lang='lat' dir='ltr'>apud</span> <span class='ocrx_word' id='word_1_9' title='bbox 1115 262 1344 309; x_wconf 77' lang='lat' dir='ltr'>mangones</span> <span class='ocrx_word' id='word_1_10' title='bbox 1369 261 1505 302; x_wconf 89' lang='lat' dir='ltr'>erant,</span> <span class='ocrx_word' id='word_1_11' title='bbox 1541 245 1668 308; x_wconf 86' lang='lat' dir='ltr'>pretia</span> <span class='ocrx_word' id='word_1_12' title='bbox 1694 241 1928 289; x_wconf 87' lang='lat' dir='ltr'>moderatus</span> <span class='ocrx_word' id='word_1_13' title='bbox 1949 241 2021 289; x_wconf 83' lang='lat' dir='ltr'>est.</span> <span class='ocrx_word' id='word_1_14' title='bbox 2092 243 2167 289; x_wconf 86' lang='lat' dir='ltr'>Ad</span> <span class='ocrx_word' id='word_1_15' title='bbox 2193 243 2303 289; x_wconf 70' lang='lat' dir='ltr'>sum-</span> 
     </span>
     <span class='ocr_line' id='line_1_3' title="bbox 200 306 2300 372; baseline 0.003 -22"><span class='ocrx_word' id='word_1_16' title='bbox 200 322 314 351; x_wconf 84' lang='lat' dir='ltr'>mam</span> <span class='ocrx_word' id='word_1_17' title='bbox 348 306 555 368; x_wconf 81' lang='lat' dir='ltr'>quandam</span> <span class='ocrx_word' id='word_1_18' title='bbox 589 306 818 355; x_wconf 88' lang='lat' dir='ltr'>ubertatem</span> <span class='ocrx_word' id='word_1_19' title='bbox 852 311 978 366; x_wconf 92' lang='lat' dir='ltr'>vini,</span> <span class='ocrx_word' id='word_1_20' title='bbox 1013 308 1214 355; x_wconf 82' lang='lat' dir='ltr'><strong>frumenti</strong></span> <span class='ocrx_word' id='word_1_21' title='bbox 1249 325 1347 355; x_wconf 90' lang='lat' dir='ltr'>vero</span> <span class='ocrx_word' id='word_1_22' title='bbox 1381 311 1568 372; x_wconf 87' lang='lat' dir='ltr'>ino-piam</span> <span class='ocrx_word' id='word_1_23' title='bbox 1589 344 1603 364; x_wconf 90' lang='lat'>‚</span> <span class='ocrx_word' id='word_1_24' title='bbox 1649 306 1884 353; x_wconf 81' lang='lat' dir='ltr'>existimans</span> <span class='ocrx_word' id='word_1_25' title='bbox 1916 309 2053 352; x_wconf 87' lang='lat' dir='ltr'>nimio</span> <span class='ocrx_word' id='word_1_26' title='bbox 2086 309 2300 356; x_wconf 88' lang='lat' dir='ltr'>vinearum</span> 
     </span>
     <span class='ocr_line' id='line_1_4' title="bbox 201 366 2300 437; baseline 0.003 -24"><span class='ocrx_word' id='word_1_27' title='bbox 201 366 340 415; x_wconf 83' lang='lat' dir='ltr'>studio</span> <span class='ocrx_word' id='word_1_28' title='bbox 363 371 524 434; x_wconf 84' lang='lat' dir='ltr'><strong>negligi</strong></span> <span class='ocrx_word' id='word_1_29' title='bbox 557 388 652 418; x_wconf 84' lang='lat' dir='ltr'>arva</span> <span class='ocrx_word' id='word_1_30' title='bbox 672 407 684 427; x_wconf 90' lang='lat'>‚</span> <span class='ocrx_word' id='word_1_31' title='bbox 718 372 872 429; x_wconf 86' lang='lat' dir='ltr'>edixit,</span> <span class='ocrx_word' id='word_1_32' title='bbox 907 375 978 419; x_wconf 91' lang='lat' dir='ltr'>Ne</span> <span class='ocrx_word' id='word_1_33' title='bbox 1014 375 1106 437; x_wconf 90' lang='lat' dir='ltr'>quis</span> <span class='ocrx_word' id='word_1_34' title='bbox 1140 375 1184 419; x_wconf 90' lang='lat' dir='ltr'>in</span> <span class='ocrx_word' id='word_1_35' title='bbox 1217 375 1333 419; x_wconf 87' lang='lat' dir='ltr'>Italia</span> <span class='ocrx_word' id='word_1_36' title='bbox 1365 375 1625 419; x_wconf 85' lang='lat' dir='ltr'>novellaret:</span> <span class='ocrx_word' id='word_1_37' title='bbox 1662 388 1790 435; x_wconf 85' lang='lat' dir='ltr'>utque</span> <span class='ocrx_word' id='word_1_38' title='bbox 1824 373 1867 416; x_wconf 90' lang='lat' dir='ltr'>in</span> <span class='ocrx_word' id='word_1_39' title='bbox 1903 372 2128 434; x_wconf 89' lang='lat' dir='ltr'>provinciis</span> <span class='ocrx_word' id='word_1_40' title='bbox 2160 374 2300 420; x_wconf 79' lang='lat' dir='ltr'>vineta</span> 
     </span>
     <span class='ocr_line' id='line_1_5' title="bbox 200 430 2297 500; baseline 0.003 -23"><span class='ocrx_word' id='word_1_41' title='bbox 200 430 510 481; x_wconf 81' lang='lat' dir='ltr'>succiderentur</span> <span class='ocrx_word' id='word_1_42' title='bbox 531 471 546 492; x_wconf 90' lang='lat'>‚</span> <span class='ocrx_word' id='word_1_43' title='bbox 580 437 720 482; x_wconf 64' lang='lat' dir='ltr'>reliGta</span> <span class='ocrx_word' id='word_1_44' title='bbox 745 473 759 493; x_wconf 91' lang='lat'>,</span> <span class='ocrx_word' id='word_1_45' title='bbox 808 438 881 483; x_wconf 88' lang='lat' dir='ltr'>ubi</span> <span class='ocrx_word' id='word_1_46' title='bbox 901 439 1130 499; x_wconf 91' lang='lat' dir='ltr'>plurimum</span> <span class='ocrx_word' id='word_1_47' title='bbox 1155 473 1167 493; x_wconf 94' lang='lat'>,</span> <span class='ocrx_word' id='word_1_48' title='bbox 1213 437 1385 483; x_wconf 87' lang='lat' dir='ltr'>dimidia</span> <span class='ocrx_word' id='word_1_49' title='bbox 1404 452 1513 500; x_wconf 88' lang='lat' dir='ltr'>parte</span> <span class='ocrx_word' id='word_1_50' title='bbox 1539 454 1549 481; x_wconf 73' lang='grc' dir='ltr'><em>τ</em></span> <span class='ocrx_word' id='word_1_51' title='bbox 1605 453 1681 482; x_wconf 92' lang='lat' dir='ltr'>nec</span> <span class='ocrx_word' id='word_1_52' title='bbox 1707 434 1874 498; x_wconf 85' lang='lat' dir='ltr'>exsequi</span> <span class='ocrx_word' id='word_1_53' title='bbox 1901 453 1987 481; x_wconf 89' lang='lat' dir='ltr'>rem</span> <span class='ocrx_word' id='word_1_54' title='bbox 2014 435 2297 498; x_wconf 85' lang='lat' dir='ltr'>perseveravit.</span> 
     </span>
     <span class='ocr_line' id='line_1_6' title="bbox 200 498 2298 563; baseline 0.002 -19"><span class='ocrx_word' id='word_1_55' title='bbox 200 498 406 556; x_wconf 81' lang='lat' dir='ltr'>Qaedam</span> <span class='ocrx_word' id='word_1_56' title='bbox 429 516 480 545; x_wconf 83' lang='lat' dir='ltr'>ex</span> <span class='ocrx_word' id='word_1_57' title='bbox 498 501 687 546; x_wconf 77' lang='lat' dir='ltr'>maximis</span> <span class='ocrx_word' id='word_1_58' title='bbox 708 499 859 548; x_wconf 83' lang='lat' dir='ltr'>officiis</span> <span class='ocrx_word' id='word_1_59' title='bbox 882 503 991 548; x_wconf 90' lang='lat' dir='ltr'>inter</span> <span class='ocrx_word' id='word_1_60' title='bbox 1010 501 1230 548; x_wconf 85' lang='lat' dir='ltr'>libertinos</span> <span class='ocrx_word' id='word_1_61' title='bbox 1254 501 1486 563; x_wconf 85' lang='lat' dir='ltr'>militesque</span> <span class='ocrx_word' id='word_1_62' title='bbox 1510 503 1728 546; x_wconf 83' lang='lat' dir='ltr'>Romanos</span> <span class='ocrx_word' id='word_1_63' title='bbox 1751 501 2090 547; x_wconf 85' lang='lat' dir='ltr'>communicavit.</span> <span class='ocrx_word' id='word_1_64' title='bbox 2137 501 2298 548; x_wconf 79' lang='lat' dir='ltr'>Gemi-</span> 
     </span>
     <span class='ocr_line' id='line_1_7' title="bbox 198 562 2291 627; baseline 0.003 -20"><span class='ocrx_word' id='word_1_65' title='bbox 198 563 292 607; x_wconf 85' lang='lat' dir='ltr'>nari</span> <span class='ocrx_word' id='word_1_66' title='bbox 311 564 530 626; x_wconf 85' lang='lat' dir='ltr'>legionum</span> <span class='ocrx_word' id='word_1_67' title='bbox 554 562 675 611; x_wconf 88' lang='lat' dir='ltr'>castra</span> <span class='ocrx_word' id='word_1_68' title='bbox 701 565 936 627; x_wconf 80' lang='lat' dir='ltr'>prohibuit:</span> <span class='ocrx_word' id='word_1_69' title='bbox 973 581 1051 611; x_wconf 89' lang='lat' dir='ltr'>nec</span> <span class='ocrx_word' id='word_1_70' title='bbox 1069 566 1184 627; x_wconf 88' lang='lat' dir='ltr'>plus,</span> <span class='ocrx_word' id='word_1_71' title='bbox 1220 582 1345 626; x_wconf 88' lang='lat' dir='ltr'>quam</span> <span class='ocrx_word' id='word_1_72' title='bbox 1372 567 1470 610; x_wconf 81' lang='lat' dir='ltr'>mile</span> <span class='ocrx_word' id='word_1_73' title='bbox 1484 580 1896 626; x_wconf 88' lang='lat' dir='ltr'>numosaquoquam</span> <span class='ocrx_word' id='word_1_74' title='bbox 1915 563 1963 608; x_wconf 87' lang='lat' dir='ltr'>ad</span> <span class='ocrx_word' id='word_1_75' title='bbox 1987 564 2097 627; x_wconf 82' lang='lat' dir='ltr'>signa</span> <span class='ocrx_word' id='word_1_76' title='bbox 2109 564 2264 627; x_wconf 87' lang='lat' dir='ltr'>deponi</span> <span class='ocrx_word' id='word_1_77' title='bbox 2278 584 2291 614; x_wconf 73' lang='grc' dir='ltr'><strong>ε</strong></span> 
     </span>
     <span class='ocr_line' id='line_1_8' title="bbox 200 627 2288 691; baseline 0.002 -20"><span class='ocrx_word' id='word_1_78' title='bbox 200 627 317 689; x_wconf 89' lang='lat' dir='ltr'>quod</span> <span class='ocrx_word' id='word_1_79' title='bbox 337 632 386 673; x_wconf 95' lang='lat' dir='ltr'>L.</span> <span class='ocrx_word' id='word_1_80' title='bbox 410 629 628 674; x_wconf 87' lang='lat' dir='ltr'>Antonius</span> <span class='ocrx_word' id='word_1_81' title='bbox 646 629 755 691; x_wconf 87' lang='lat' dir='ltr'>apud</span> <span class='ocrx_word' id='word_1_82' title='bbox 775 629 946 676; x_wconf 87' lang='lat' dir='ltr'>duarum</span> <span class='ocrx_word' id='word_1_83' title='bbox 968 630 1188 691; x_wconf 85' lang='lat' dir='ltr'>legionum</span> <span class='ocrx_word' id='word_1_84' title='bbox 1212 627 1385 672; x_wconf 79' lang='lat' dir='ltr'>hiberna</span> <span class='ocrx_word' id='word_1_85' title='bbox 1399 663 1412 683; x_wconf 94' lang='lat'>,</span> <span class='ocrx_word' id='word_1_86' title='bbox 1447 646 1509 674; x_wconf 87' lang='lat' dir='ltr'>res</span> <span class='ocrx_word' id='word_1_87' title='bbox 1529 645 1658 675; x_wconf 87' lang='lat' dir='ltr'>novas</span> <span class='ocrx_word' id='word_1_88' title='bbox 1677 628 1854 673; x_wconf 87' lang='lat' dir='ltr'>moliens</span> <span class='ocrx_word' id='word_1_89' title='bbox 1869 662 1881 682; x_wconf 91' lang='lat'>‚</span> <span class='ocrx_word' id='word_1_90' title='bbox 1915 627 2109 675; x_wconf 86' lang='lat' dir='ltr'>fiduciam</span> <span class='ocrx_word' id='word_1_91' title='bbox 2142 629 2288 691; x_wconf 84' lang='lat' dir='ltr'>cepiffe</span> 
     </span>
    </p>
   </div>
   <div class='ocr_carea' id='block_1_3' title="bbox 196 691 1123 757">
    <p class='ocr_par' dir='ltr' id='par_1_3' title="bbox 196 691 1123 757">
     <span class='ocr_line' id='line_1_9' title="bbox 196 691 1123 757; baseline 0.002 -21"><span class='ocrx_word' id='word_1_92' title='bbox 196 691 323 739; x_wconf 83' lang='lat' dir='ltr'>etiam</span> <span class='ocrx_word' id='word_1_93' title='bbox 344 708 395 738; x_wconf 86' lang='lat' dir='ltr'>ex</span> <span class='ocrx_word' id='word_1_94' title='bbox 412 692 694 757; x_wconf 80' lang='lat' dir='ltr'>depositorum</span> <span class='ocrx_word' id='word_1_95' title='bbox 719 693 876 740; x_wconf 84' lang='lat' dir='ltr'>summa</span> <span class='ocrx_word' id='word_1_96' title='bbox 895 692 1123 741; x_wconf 84' lang='lat' dir='ltr'>videbatur.</span> 
     </span>
    </p>
   </div>
   <div class='ocr_carea' id='block_1_4' title="bbox 190 826 1214 1035">
    <p class='ocr_par' dir='ltr' id='par_1_4' title="bbox 190 826 1214 1035">
     <span class='ocr_line' id='line_1_10' title="bbox 194 826 1212 879; baseline -0.001 -14"><span class='ocrx_word' id='word_1_97' title='bbox 194 827 241 866; x_wconf 85' lang='lat' dir='ltr'>fic</span> <span class='ocrx_word' id='word_1_98' title='bbox 263 829 447 874; x_wconf 73' lang='lat' dir='ltr'>distinetae,</span> <span class='ocrx_word' id='word_1_99' title='bbox 473 829 548 866; x_wconf 79' lang='lat' dir='ltr'>aliae</span> <span class='ocrx_word' id='word_1_100' title='bbox 568 828 715 874; x_wconf 85' lang='lat' dir='ltr'>albatae,</span> <span class='ocrx_word' id='word_1_101' title='bbox 744 828 816 865; x_wconf 73' lang='lat' dir='ltr'>aliae</span> <span class='ocrx_word' id='word_1_102' title='bbox 835 826 986 872; x_wconf 71' lang='lat' dir='ltr'>rusiatae,</span> <span class='ocrx_word' id='word_1_103' title='bbox 1016 826 1160 879; x_wconf 75' lang='lat' dir='ltr'>prasinae</span> <span class='ocrx_word' id='word_1_104' title='bbox 1175 830 1212 864; x_wconf 74' lang='grc' dir='ltr'>ὅ(</span> 
     </span>
     <span class='ocr_line' id='line_1_11' title="bbox 192 880 1213 922; baseline -0.003 -5"><span class='ocrx_word' id='word_1_105' title='bbox 192 892 338 919; x_wconf 78' lang='lat' dir='ltr'>venetae.</span> <span class='ocrx_word' id='word_1_106' title='bbox 394 882 461 917; x_wconf 88' lang='lat' dir='ltr'>His</span> <span class='ocrx_word' id='word_1_107' title='bbox 480 880 704 917; x_wconf 85' lang='lat' dir='ltr'>Domitianus</span> <span class='ocrx_word' id='word_1_108' title='bbox 723 907 735 922; x_wconf 92' lang='lat'><em>,</em></span> <span class='ocrx_word' id='word_1_109' title='bbox 771 889 807 915; x_wconf 86' lang='lat' dir='ltr'>ut</span> <span class='ocrx_word' id='word_1_110' title='bbox 828 880 920 914; x_wconf 71' lang='lat' dir='ltr'>reete</span> <span class='ocrx_word' id='word_1_111' title='bbox 945 882 1034 915; x_wconf 87' lang='lat' dir='ltr'>Suet.</span> <span class='ocrx_word' id='word_1_112' title='bbox 1070 890 1213 914; x_wconf 84' lang='lat' dir='ltr'>auream</span> 
     </span>
     <span class='ocr_line' id='line_1_12' title="bbox 192 927 1214 981; baseline -0.002 -15"><span class='ocrx_word' id='word_1_113' title='bbox 192 933 230 966; x_wconf 71' lang='lat' dir='ltr'>&amp;c</span> <span class='ocrx_word' id='word_1_114' title='bbox 251 943 458 981; x_wconf 76' lang='lat' dir='ltr'>purpuream</span> <span class='ocrx_word' id='word_1_115' title='bbox 476 929 602 966; x_wconf 82' lang='lat' dir='ltr'>addidit</span> <span class='ocrx_word' id='word_1_116' title='bbox 620 943 630 965; x_wconf 71' lang='grc' dir='ltr'><strong><em>ε</em></strong></span> <span class='ocrx_word' id='word_1_117' title='bbox 665 929 721 965; x_wconf 84' lang='lat' dir='ltr'>sed</span> <span class='ocrx_word' id='word_1_118' title='bbox 742 942 814 964; x_wconf 87' lang='lat' dir='ltr'>non</span> <span class='ocrx_word' id='word_1_119' title='bbox 839 927 895 964; x_wconf 91' lang='lat' dir='ltr'>diu</span> <span class='ocrx_word' id='word_1_120' title='bbox 913 929 966 964; x_wconf 88' lang='lat' dir='ltr'>hic</span> <span class='ocrx_word' id='word_1_121' title='bbox 987 941 1068 965; x_wconf 89' lang='lat' dir='ltr'>mos</span> <span class='ocrx_word' id='word_1_122' title='bbox 1086 928 1214 972; x_wconf 73' lang='lat' dir='ltr'>valuit,</span> 
     </span>
     <span class='ocr_line' id='line_1_13' title="bbox 190 976 1034 1035; baseline -0.002 -17"><span class='ocrx_word' id='word_1_123' title='bbox 190 993 258 1018; x_wconf 80' lang='lat' dir='ltr'>nec</span> <span class='ocrx_word' id='word_1_124' title='bbox 274 994 295 1018; x_wconf 87' lang='lat' dir='ltr'>a</span> <span class='ocrx_word' id='word_1_125' title='bbox 310 980 551 1035; x_wconf 86' lang='lat' dir='ltr'>posterioribus</span> <span class='ocrx_word' id='word_1_126' title='bbox 567 977 766 1018; x_wconf 85' lang='lat' dir='ltr'>observatus</span> <span class='ocrx_word' id='word_1_127' title='bbox 786 976 856 1015; x_wconf 72' lang='lat' dir='ltr'>ffiit.</span> <span class='ocrx_word' id='word_1_128' title='bbox 887 980 918 1023; x_wconf 86' lang='lat' dir='ltr'>J.</span> <span class='ocrx_word' id='word_1_129' title='bbox 933 981 1034 1016; x_wconf 74' lang='lat' dir='ltr'>Lirs.</span> 
     </span>
    </p>
   </div>
   <div class='ocr_carea' id='block_1_5' title="bbox 522 1050 889 1085">
    <p class='ocr_par' dir='ltr' id='par_1_5' title="bbox 522 1050 889 1085">
     <span class='ocr_line' id='line_1_14' title="bbox 522 1050 889 1085; baseline 0 -1"><span class='ocrx_word' id='word_1_130' title='bbox 522 1050 889 1085; x_wconf 69' lang='lat' dir='ltr'>TonRENT.</span> 
     </span>
    </p>
   </div>
   <div class='ocr_carea' id='block_1_6' title="bbox 173 1105 1210 2008">
    <p class='ocr_par' dir='ltr' id='par_1_6' title="bbox 182 1105 1210 1248">
     <span class='ocr_line' id='line_1_15' title="bbox 240 1105 1209 1157; baseline -0.003 -11"><span class='ocrx_word' id='word_1_131' title='bbox 240 1108 348 1157; x_wconf 83' lang='lat' dir='ltr'>Apud</span> <span class='ocrx_word' id='word_1_132' title='bbox 363 1105 579 1156; x_wconf 58' lang='lat' dir='ltr'>mangones]</span> <span class='ocrx_word' id='word_1_133' title='bbox 635 1108 684 1144; x_wconf 89' lang='lat' dir='ltr'>Hi</span> <span class='ocrx_word' id='word_1_134' title='bbox 711 1108 806 1143; x_wconf 90' lang='lat' dir='ltr'>enim</span> <span class='ocrx_word' id='word_1_135' title='bbox 836 1106 1027 1144; x_wconf 84' lang='lat' dir='ltr'>castrabant</span> <span class='ocrx_word' id='word_1_136' title='bbox 1055 1119 1209 1156; x_wconf 84' lang='lat' dir='ltr'>pueros,</span> 
     </span>
     <span class='ocr_line' id='line_1_16' title="bbox 182 1157 1210 1210; baseline -0.001 -14"><span class='ocrx_word' id='word_1_137' title='bbox 182 1172 257 1210; x_wconf 78' lang='lat' dir='ltr'>quo</span> <span class='ocrx_word' id='word_1_138' title='bbox 278 1159 378 1210; x_wconf 89' lang='lat' dir='ltr'>pluris</span> <span class='ocrx_word' id='word_1_139' title='bbox 394 1157 598 1199; x_wconf 78' lang='lat' dir='ltr'>venderent.</span> <span class='ocrx_word' id='word_1_140' title='bbox 655 1158 764 1206; x_wconf 83' lang='lat' dir='ltr'>Qod</span> <span class='ocrx_word' id='word_1_141' title='bbox 781 1157 926 1196; x_wconf 83' lang='lat' dir='ltr'>Martial.</span> <span class='ocrx_word' id='word_1_142' title='bbox 938 1157 1107 1202; x_wconf 85' lang='lat' dir='ltr'>ostendit,</span> <span class='ocrx_word' id='word_1_143' title='bbox 1129 1170 1210 1195; x_wconf 84' lang='lat' dir='ltr'>cum</span> 
     </span>
     <span class='ocr_line' id='line_1_17' title="bbox 187 1222 265 1248; baseline 0.013 -1"><span class='ocrx_word' id='word_1_144' title='bbox 187 1222 234 1247; x_wconf 84' lang='lat' dir='ltr'>ait</span> <span class='ocrx_word' id='word_1_145' title='bbox 254 1225 265 1248; x_wconf 71' lang='grc' dir='ltr'><strong><em>ε</em></strong></span> 
     </span>
    </p>

    <p class='ocr_par' dir='ltr' id='par_1_7' title="bbox 295 1260 1009 1311">
     <span class='ocr_line' id='line_1_18' title="bbox 295 1260 1009 1311; baseline -0.001 -12"><span class='ocrx_word' id='word_1_146' title='bbox 295 1267 375 1300; x_wconf 84' lang='lat' dir='ltr'>Non</span> <span class='ocrx_word' id='word_1_147' title='bbox 388 1270 471 1311; x_wconf 86' lang='lat' dir='ltr'>puer</span> <span class='ocrx_word' id='word_1_148' title='bbox 489 1262 597 1298; x_wconf 77' lang='lat' dir='ltr'>avari</span> <span class='ocrx_word' id='word_1_149' title='bbox 604 1260 714 1309; x_wconf 56' lang='lat' dir='ltr'>sebius</span> <span class='ocrx_word' id='word_1_150' title='bbox 730 1271 806 1298; x_wconf 80' lang='lat' dir='ltr'>arte</span> <span class='ocrx_word' id='word_1_151' title='bbox 826 1261 1009 1309; x_wconf 76' lang='lat' dir='ltr'>mangonis.</span> 
     </span>
    </p>

    <p class='ocr_par' dir='ltr' id='par_1_8' title="bbox 178 1310 1209 1706">
     <span class='ocr_line' id='line_1_19' title="bbox 183 1310 1202 1362; baseline -0.001 -14"><span class='ocrx_word' id='word_1_152' title='bbox 183 1311 345 1350; x_wconf 88' lang='lat' dir='ltr'>Ostendit</span> <span class='ocrx_word' id='word_1_153' title='bbox 362 1317 401 1350; x_wconf 71' lang='grc' dir='ltr'>ὅ(</span> <span class='ocrx_word' id='word_1_154' title='bbox 418 1312 642 1362; x_wconf 70' lang='lat' dir='ltr'>Qinstilian.</span> <span class='ocrx_word' id='word_1_155' title='bbox 664 1311 722 1348; x_wconf 85' lang='lat' dir='ltr'>lib.</span> <span class='ocrx_word' id='word_1_156' title='bbox 739 1325 772 1350; x_wconf 86' lang='lat' dir='ltr'>v.</span> <span class='ocrx_word' id='word_1_157' title='bbox 803 1324 880 1361; x_wconf 86' lang='lat' dir='ltr'>cap.</span> <span class='ocrx_word' id='word_1_158' title='bbox 901 1325 940 1348; x_wconf 85' lang='lat' dir='ltr'>xi</span> <span class='ocrx_word' id='word_1_159' title='bbox 954 1326 981 1349; x_wconf 86' lang='lat'>1.</span> <span class='ocrx_word' id='word_1_160' title='bbox 1020 1310 1202 1362; x_wconf 82' lang='lat' dir='ltr'>pulcherri-</span> 
     </span>
     <span class='ocr_line' id='line_1_20' title="bbox 178 1361 1209 1413; baseline 0 -14"><span class='ocrx_word' id='word_1_161' title='bbox 178 1375 245 1399; x_wconf 84' lang='lat' dir='ltr'>ma</span> <span class='ocrx_word' id='word_1_162' title='bbox 263 1363 317 1400; x_wconf 84' lang='lat' dir='ltr'>illa</span> <span class='ocrx_word' id='word_1_163' title='bbox 335 1362 553 1407; x_wconf 66' lang='lat' dir='ltr'>similitudine</span> <span class='ocrx_word' id='word_1_164' title='bbox 570 1375 637 1413; x_wconf 88' lang='lat' dir='ltr'>qua</span> <span class='ocrx_word' id='word_1_165' title='bbox 660 1361 703 1398; x_wconf 92' lang='lat' dir='ltr'>de</span> <span class='ocrx_word' id='word_1_166' title='bbox 727 1364 983 1413; x_wconf 83' lang='lat' dir='ltr'>mancipiorum</span> <span class='ocrx_word' id='word_1_167' title='bbox 1014 1363 1209 1413; x_wconf 81' lang='lat' dir='ltr'>negotiato-</span> 
     </span>
     <span class='ocr_line' id='line_1_21' title="bbox 182 1412 1208 1464; baseline 0 -14"><span class='ocrx_word' id='word_1_168' title='bbox 182 1413 276 1450; x_wconf 88' lang='lat' dir='ltr'>ribus</span> <span class='ocrx_word' id='word_1_169' title='bbox 302 1415 402 1452; x_wconf 89' lang='lat' dir='ltr'>utitur</span> <span class='ocrx_word' id='word_1_170' title='bbox 419 1444 431 1458; x_wconf 93' lang='lat'><em>‚</em></span> <span class='ocrx_word' id='word_1_171' title='bbox 476 1415 535 1464; x_wconf 88' lang='lat' dir='ltr'>qui</span> <span class='ocrx_word' id='word_1_172' title='bbox 555 1412 680 1451; x_wconf 83' lang='lat' dir='ltr'>formae</span> <span class='ocrx_word' id='word_1_173' title='bbox 707 1426 893 1464; x_wconf 88' lang='lat' dir='ltr'>puerorum</span> <span class='ocrx_word' id='word_1_174' title='bbox 922 1412 1030 1450; x_wconf 77' lang='lat' dir='ltr'>excisa</span> <span class='ocrx_word' id='word_1_175' title='bbox 1055 1412 1208 1453; x_wconf 87' lang='lat' dir='ltr'>virilitate</span> 
     </span>
     <span class='ocr_line' id='line_1_22' title="bbox 181 1462 1209 1517; baseline 0.001 -17"><span class='ocrx_word' id='word_1_176' title='bbox 181 1462 420 1502; x_wconf 87' lang='lat' dir='ltr'>lenocinantur</span> <span class='ocrx_word' id='word_1_177' title='bbox 439 1481 449 1503; x_wconf 71' lang='grc' dir='ltr'><strong><em>ι</em></strong></span> <span class='ocrx_word' id='word_1_178' title='bbox 480 1476 521 1501; x_wconf 84' lang='lat' dir='ltr'>ac</span> <span class='ocrx_word' id='word_1_179' title='bbox 548 1464 723 1514; x_wconf 87' lang='lat' dir='ltr'>postremo</span> <span class='ocrx_word' id='word_1_180' title='bbox 742 1465 878 1517; x_wconf 89' lang='lat' dir='ltr'>Ulpian.</span> <span class='ocrx_word' id='word_1_181' title='bbox 900 1463 922 1502; x_wconf 93' lang='lat' dir='ltr'>l.</span> <span class='ocrx_word' id='word_1_182' title='bbox 937 1477 1022 1503; x_wconf 86' lang='lat' dir='ltr'>xxvi</span> <span class='ocrx_word' id='word_1_183' title='bbox 1036 1479 1064 1502; x_wconf 90' lang='lat'>1.</span> <span class='ocrx_word' id='word_1_184' title='bbox 1098 1464 1142 1501; x_wconf 91' lang='lat' dir='ltr'>ad</span> <span class='ocrx_word' id='word_1_185' title='bbox 1162 1464 1209 1501; x_wconf 86' lang='lat' dir='ltr'>le-</span> 
     </span>
     <span class='ocr_line' id='line_1_23' title="bbox 179 1514 1207 1566; baseline -0.001 -14"><span class='ocrx_word' id='word_1_186' title='bbox 179 1526 268 1564; x_wconf 80' lang='lat' dir='ltr'>gem</span> <span class='ocrx_word' id='word_1_187' title='bbox 294 1516 472 1566; x_wconf 83' lang='lat' dir='ltr'>Aquiliam</span> <span class='ocrx_word' id='word_1_188' title='bbox 491 1515 543 1552; x_wconf 88' lang='lat' dir='ltr'>his</span> <span class='ocrx_word' id='word_1_189' title='bbox 557 1515 693 1553; x_wconf 86' lang='lat' dir='ltr'>verbis:</span> <span class='ocrx_word' id='word_1_190' title='bbox 721 1515 757 1551; x_wconf 86' lang='lat' dir='ltr'>Si</span> <span class='ocrx_word' id='word_1_191' title='bbox 773 1525 916 1565; x_wconf 86' lang='lat' dir='ltr'>puerum</span> <span class='ocrx_word' id='word_1_192' title='bbox 937 1515 1012 1563; x_wconf 84' lang='lat' dir='ltr'>quis</span> <span class='ocrx_word' id='word_1_193' title='bbox 1031 1514 1207 1562; x_wconf 84' lang='lat' dir='ltr'>castrave-</span> 
     </span>
     <span class='ocr_line' id='line_1_24' title="bbox 183 1564 1207 1616; baseline 0.003 -17"><span class='ocrx_word' id='word_1_194' title='bbox 183 1565 251 1608; x_wconf 83' lang='lat' dir='ltr'>rit,</span> <span class='ocrx_word' id='word_1_195' title='bbox 284 1565 337 1608; x_wconf 55' lang='grc' dir='ltr'>Εἴ</span> <span class='ocrx_word' id='word_1_196' title='bbox 351 1566 574 1616; x_wconf 76' lang='lat' dir='ltr'>pretiosiorem</span> <span class='ocrx_word' id='word_1_197' title='bbox 579 1566 702 1612; x_wconf 85' lang='lat' dir='ltr'>fecerit</span> <span class='ocrx_word' id='word_1_198' title='bbox 725 1594 736 1609; x_wconf 93' lang='lat'><em>,</em></span> <span class='ocrx_word' id='word_1_199' title='bbox 777 1566 942 1602; x_wconf 63' lang='lat' dir='ltr'>vivianus</span> <span class='ocrx_word' id='word_1_200' title='bbox 953 1564 1074 1614; x_wconf 83' lang='lat' dir='ltr'>scribit</span> <span class='ocrx_word' id='word_1_201' title='bbox 1091 1565 1207 1614; x_wconf 65' lang='lat' dir='ltr'>cefflzre</span> 
     </span>
     <span class='ocr_line' id='line_1_25' title="bbox 180 1615 1207 1666; baseline 0.002 -16"><span class='ocrx_word' id='word_1_202' title='bbox 180 1615 368 1664; x_wconf 81' lang='lat' dir='ltr'>Aquiliam</span> <span class='ocrx_word' id='word_1_203' title='bbox 385 1647 398 1661; x_wconf 94' lang='lat'><em>,</em></span> <span class='ocrx_word' id='word_1_204' title='bbox 421 1619 487 1665; x_wconf 85' lang='lat' dir='ltr'>sed</span> <span class='ocrx_word' id='word_1_205' title='bbox 509 1616 716 1665; x_wconf 73' lang='lat' dir='ltr'>mjuriarum</span> <span class='ocrx_word' id='word_1_206' title='bbox 741 1617 806 1654; x_wconf 85' lang='lat' dir='ltr'>erit</span> <span class='ocrx_word' id='word_1_207' title='bbox 827 1616 997 1666; x_wconf 80' lang='lat' dir='ltr'>agendum</span> <span class='ocrx_word' id='word_1_208' title='bbox 1016 1645 1028 1660; x_wconf 91' lang='lat'>,</span> <span class='ocrx_word' id='word_1_209' title='bbox 1076 1625 1138 1653; x_wconf 85' lang='lat' dir='ltr'>aut</span> <span class='ocrx_word' id='word_1_210' title='bbox 1163 1628 1207 1653; x_wconf 84' lang='lat' dir='ltr'>ex</span> 
     </span>
     <span class='ocr_line' id='line_1_26' title="bbox 179 1667 489 1706; baseline 0.013 -5"><span class='ocrx_word' id='word_1_211' title='bbox 179 1667 287 1702; x_wconf 57' lang='lat' dir='ltr'>edicZo</span> <span class='ocrx_word' id='word_1_212' title='bbox 308 1668 489 1706; x_wconf 82' lang='lat' dir='ltr'>AEdilium.</span> 
     </span>
    </p>

    <p class='ocr_par' dir='ltr' id='par_1_9' title="bbox 173 1715 1208 2008">
     <span class='ocr_line' id='line_1_27' title="bbox 238 1715 1208 1767; baseline 0.003 -14"><span class='ocrx_word' id='word_1_213' title='bbox 238 1722 293 1753; x_wconf 85' lang='lat' dir='ltr'>Ne</span> <span class='ocrx_word' id='word_1_214' title='bbox 310 1721 385 1767; x_wconf 86' lang='lat' dir='ltr'>quis</span> <span class='ocrx_word' id='word_1_215' title='bbox 403 1719 441 1754; x_wconf 85' lang='lat' dir='ltr'>in</span> <span class='ocrx_word' id='word_1_216' title='bbox 465 1717 572 1754; x_wconf 67' lang='lat' dir='ltr'>Italia</span> <span class='ocrx_word' id='word_1_217' title='bbox 592 1715 818 1764; x_wconf 80' lang='lat' dir='ltr'>novellaret.]</span> <span class='ocrx_word' id='word_1_218' title='bbox 846 1719 928 1754; x_wconf 91' lang='lat' dir='ltr'>Hoc</span> <span class='ocrx_word' id='word_1_219' title='bbox 945 1715 1017 1761; x_wconf 89' lang='lat' dir='ltr'>est,</span> <span class='ocrx_word' id='word_1_220' title='bbox 1039 1718 1127 1756; x_wconf 89' lang='lat' dir='ltr'>vites</span> <span class='ocrx_word' id='word_1_221' title='bbox 1145 1731 1208 1756; x_wconf 87' lang='lat' dir='ltr'>no-</span> 
     </span>
     <span class='ocr_line' id='line_1_28' title="bbox 179 1766 1207 1818; baseline 0.001 -13"><span class='ocrx_word' id='word_1_222' title='bbox 179 1766 285 1805; x_wconf 89' lang='lat' dir='ltr'>vellas</span> <span class='ocrx_word' id='word_1_223' title='bbox 314 1769 410 1817; x_wconf 77' lang='lat' dir='ltr'>(quo</span> <span class='ocrx_word' id='word_1_224' title='bbox 437 1768 550 1807; x_wconf 84' lang='lat' dir='ltr'>verbo</span> <span class='ocrx_word' id='word_1_225' title='bbox 574 1766 743 1818; x_wconf 85' lang='lat' dir='ltr'>aptiffime</span> <span class='ocrx_word' id='word_1_226' title='bbox 770 1767 844 1804; x_wconf 89' lang='lat' dir='ltr'>usus</span> <span class='ocrx_word' id='word_1_227' title='bbox 863 1767 910 1804; x_wconf 87' lang='lat' dir='ltr'>est</span> <span class='ocrx_word' id='word_1_228' title='bbox 931 1767 1085 1817; x_wconf 84' lang='lat' dir='ltr'>Virgil.)</span> <span class='ocrx_word' id='word_1_229' title='bbox 1119 1769 1207 1806; x_wconf 89' lang='lat' dir='ltr'>insti-</span> 
     </span>
     <span class='ocr_line' id='line_1_29' title="bbox 179 1816 1206 1867; baseline 0.003 -14"><span class='ocrx_word' id='word_1_230' title='bbox 179 1827 296 1854; x_wconf 89' lang='lat' dir='ltr'>tueret.</span> <span class='ocrx_word' id='word_1_231' title='bbox 355 1818 448 1854; x_wconf 87' lang='lat' dir='ltr'>Male</span> <span class='ocrx_word' id='word_1_232' title='bbox 467 1830 585 1854; x_wconf 86' lang='lat' dir='ltr'>autem</span> <span class='ocrx_word' id='word_1_233' title='bbox 611 1817 702 1867; x_wconf 87' lang='lat' dir='ltr'>apud</span> <span class='ocrx_word' id='word_1_234' title='bbox 730 1816 916 1854; x_wconf 88' lang='lat' dir='ltr'>Eusebium</span> <span class='ocrx_word' id='word_1_235' title='bbox 934 1818 1116 1856; x_wconf 80' lang='lat' dir='ltr'>Chronicis</span> <span class='ocrx_word' id='word_1_236' title='bbox 1146 1832 1206 1856; x_wconf 91' lang='lat' dir='ltr'>ve-</span> 
     </span>
     <span class='ocr_line' id='line_1_30' title="bbox 178 1865 1203 1918; baseline 0.004 -15"><span class='ocrx_word' id='word_1_237' title='bbox 178 1865 274 1904; x_wconf 83' lang='lat' dir='ltr'>tuiffe</span> <span class='ocrx_word' id='word_1_238' title='bbox 292 1866 442 1904; x_wconf 83' lang='lat' dir='ltr'>scribitur</span> <span class='ocrx_word' id='word_1_239' title='bbox 452 1868 675 1904; x_wconf 86' lang='lat' dir='ltr'>Domitianus</span> <span class='ocrx_word' id='word_1_240' title='bbox 692 1868 779 1906; x_wconf 85' lang='lat' dir='ltr'>vites</span> <span class='ocrx_word' id='word_1_241' title='bbox 794 1867 936 1904; x_wconf 74' lang='lat' dir='ltr'>inUrbe</span> <span class='ocrx_word' id='word_1_242' title='bbox 949 1867 1030 1911; x_wconf 89' lang='lat' dir='ltr'>seri,</span> <span class='ocrx_word' id='word_1_243' title='bbox 1057 1882 1125 1918; x_wconf 78' lang='lat' dir='ltr'>pro</span> <span class='ocrx_word' id='word_1_244' title='bbox 1137 1898 1149 1913; x_wconf 93' lang='lat'><em>,</em></span> <span class='ocrx_word' id='word_1_245' title='bbox 1169 1871 1203 1907; x_wconf 92' lang='lat' dir='ltr'>in</span> 
     </span>
     <span class='ocr_line' id='line_1_31' title="bbox 177 1916 1204 1970; baseline 0.002 -15"><span class='ocrx_word' id='word_1_246' title='bbox 177 1917 289 1955; x_wconf 84' lang='lat' dir='ltr'>Italia.</span> <span class='ocrx_word' id='word_1_247' title='bbox 347 1920 476 1970; x_wconf 87' lang='lat' dir='ltr'>Neque</span> <span class='ocrx_word' id='word_1_248' title='bbox 504 1916 651 1955; x_wconf 83' lang='lat' dir='ltr'>infacete</span> <span class='ocrx_word' id='word_1_249' title='bbox 676 1917 771 1967; x_wconf 85' lang='lat' dir='ltr'>apud</span> <span class='ocrx_word' id='word_1_250' title='bbox 794 1916 1038 1955; x_wconf 85' lang='lat' dir='ltr'>Philostratum</span> <span class='ocrx_word' id='word_1_251' title='bbox 1059 1920 1204 1970; x_wconf 81' lang='lat' dir='ltr'>Apollo-</span> 
     </span>
     <span class='ocr_line' id='line_1_32' title="bbox 173 1968 1202 2008; baseline 0.003 -3"><span class='ocrx_word' id='word_1_252' title='bbox 173 1969 253 2007; x_wconf 85' lang='lat' dir='ltr'>nius</span> <span class='ocrx_word' id='word_1_253' title='bbox 272 1968 447 2007; x_wconf 68' lang='lat' dir='ltr'>intelle&amp;o</span> <span class='ocrx_word' id='word_1_254' title='bbox 468 1968 664 2006; x_wconf 86' lang='lat' dir='ltr'>Domitiani</span> <span class='ocrx_word' id='word_1_255' title='bbox 681 1968 725 2005; x_wconf 90' lang='lat' dir='ltr'>de</span> <span class='ocrx_word' id='word_1_256' title='bbox 744 1968 869 2008; x_wconf 90' lang='lat' dir='ltr'>vitibus</span> <span class='ocrx_word' id='word_1_257' title='bbox 887 1968 1002 2006; x_wconf 70' lang='lat' dir='ltr'>edicto</span> <span class='ocrx_word' id='word_1_258' title='bbox 1020 1984 1032 2006; x_wconf 71' lang='grc' dir='ltr'><strong><em>ι</em></strong></span> <span class='ocrx_word' id='word_1_259' title='bbox 1069 1975 1126 2006; x_wconf 85' lang='lat' dir='ltr'>At</span> <span class='ocrx_word' id='word_1_260' title='bbox 1146 1971 1202 2008; x_wconf 83' lang='lat' dir='ltr'>hic</span> 
     </span>
    </p>
   </div>
   <div class='ocr_carea' id='block_1_7' title="bbox 179 2018 1239 2076">
    <p class='ocr_par' dir='ltr' id='par_1_10' title="bbox 179 2018 1239 2076">
     <span class='ocr_line' id='line_1_33' title="bbox 179 2018 1239 2076; baseline 0.002 -21"><span class='ocrx_word' id='word_1_261' title='bbox 179 2019 337 2076; x_wconf 83' lang='lat' dir='ltr'>(inquit)</span> <span class='ocrx_word' id='word_1_262' title='bbox 358 2019 537 2069; x_wconf 71' lang='lat' dir='ltr'>preclarus</span> <span class='ocrx_word' id='word_1_263' title='bbox 556 2025 760 2068; x_wconf 78' lang='lat' dir='ltr'>Imperator,</span> <span class='ocrx_word' id='word_1_264' title='bbox 790 2021 850 2068; x_wconf 86' lang='lat' dir='ltr'>qui</span> <span class='ocrx_word' id='word_1_265' title='bbox 866 2031 976 2056; x_wconf 85' lang='lat' dir='ltr'>mares</span> <span class='ocrx_word' id='word_1_266' title='bbox 991 2018 1130 2067; x_wconf 80' lang='lat' dir='ltr'>castrari</span> <span class='ocrx_word' id='word_1_267' title='bbox 1142 2035 1201 2057; x_wconf 86' lang='lat' dir='ltr'>ve·</span> <span class='ocrx_word' id='word_1_268' title='bbox 1234 2065 1239 2070; x_wconf 31' lang='grc' dir='ltr'>ι</span> 
     </span>
    </p>
   </div>
   <div class='ocr_carea' id='block_1_8' title="bbox 165 2069 1199 2727">
    <p class='ocr_par' dir='ltr' id='par_1_11' title="bbox 165 2069 1199 2727">
     <span class='ocr_line' id='line_1_34' title="bbox 176 2069 1198 2120; baseline 0.002 -14"><span class='ocrx_word' id='word_1_269' title='bbox 176 2079 272 2114; x_wconf 67' lang='lat' dir='ltr'>tuat,</span> <span class='ocrx_word' id='word_1_270' title='bbox 299 2080 430 2108; x_wconf 73' lang='lat' dir='ltr'>terram</span> <span class='ocrx_word' id='word_1_271' title='bbox 448 2070 641 2108; x_wconf 74' lang='lat' dir='ltr'>eunuchum</span> <span class='ocrx_word' id='word_1_272' title='bbox 646 2069 745 2116; x_wconf 81' lang='lat' dir='ltr'>fecit.</span> <span class='ocrx_word' id='word_1_273' title='bbox 782 2069 878 2120; x_wconf 88' lang='lat' dir='ltr'>quod</span> <span class='ocrx_word' id='word_1_274' title='bbox 903 2070 1010 2106; x_wconf 79' lang='lat' dir='ltr'>etiam</span> <span class='ocrx_word' id='word_1_275' title='bbox 1026 2071 1105 2108; x_wconf 73' lang='lat' dir='ltr'>citat</span> <span class='ocrx_word' id='word_1_276' title='bbox 1136 2075 1198 2108; x_wconf 90' lang='lat' dir='ltr'>Be-</span> 
     </span>
     <span class='ocr_line' id='line_1_35' title="bbox 172 2119 1199 2172; baseline 0.002 -15"><span class='ocrx_word' id='word_1_277' title='bbox 172 2120 332 2164; x_wconf 78' lang='lat' dir='ltr'>roaldus,</span> <span class='ocrx_word' id='word_1_278' title='bbox 362 2124 408 2167; x_wconf 86' lang='lat'>.&amp;</span> <span class='ocrx_word' id='word_1_279' title='bbox 424 2121 520 2159; x_wconf 85' lang='lat' dir='ltr'>Pauli</span> <span class='ocrx_word' id='word_1_280' title='bbox 537 2121 615 2166; x_wconf 80' lang='lat' dir='ltr'>JCti</span> <span class='ocrx_word' id='word_1_281' title='bbox 644 2121 762 2157; x_wconf 89' lang='lat' dir='ltr'>locum</span> <span class='ocrx_word' id='word_1_282' title='bbox 777 2120 800 2157; x_wconf 89' lang='lat' dir='ltr'>l.</span> <span class='ocrx_word' id='word_1_283' title='bbox 821 2134 879 2158; x_wconf 72' lang='lat' dir='ltr'>vi,</span> <span class='ocrx_word' id='word_1_284' title='bbox 919 2123 975 2156; x_wconf 89' lang='lat' dir='ltr'>De</span> <span class='ocrx_word' id='word_1_285' title='bbox 987 2119 1199 2172; x_wconf 77' lang='lat' dir='ltr'>impensisin</span> 
     </span>
     <span class='ocr_line' id='line_1_36' title="bbox 175 2170 1195 2223; baseline 0.003 -17"><span class='ocrx_word' id='word_1_286' title='bbox 175 2171 249 2208; x_wconf 84' lang='lat' dir='ltr'>reb.</span> <span class='ocrx_word' id='word_1_287' title='bbox 271 2170 440 2209; x_wconf 80' lang='lat' dir='ltr'>dotalibus</span> <span class='ocrx_word' id='word_1_288' title='bbox 460 2171 561 2209; x_wconf 69' lang='lat' dir='ltr'>fastis</span> <span class='ocrx_word' id='word_1_289' title='bbox 574 2199 588 2215; x_wconf 51' lang='grc' dir='ltr'><strong><em>ο</em></strong></span> <span class='ocrx_word' id='word_1_290' title='bbox 616 2171 674 2208; x_wconf 90' lang='lat' dir='ltr'>ubi</span> <span class='ocrx_word' id='word_1_291' title='bbox 696 2170 855 2218; x_wconf 73' lang='lat' dir='ltr'>novelleti</span> <span class='ocrx_word' id='word_1_292' title='bbox 875 2171 1048 2209; x_wconf 86' lang='lat' dir='ltr'>vocabulo</span> <span class='ocrx_word' id='word_1_293' title='bbox 1065 2185 1129 2223; x_wconf 90' lang='lat' dir='ltr'>pro</span> <span class='ocrx_word' id='word_1_294' title='bbox 1147 2175 1195 2211; x_wconf 84' lang='lat' dir='ltr'>vi-</span> 
     </span>
     <span class='ocr_line' id='line_1_37' title="bbox 172 2220 1194 2261; baseline 0.005 -5"><span class='ocrx_word' id='word_1_295' title='bbox 172 2233 244 2257; x_wconf 83' lang='lat' dir='ltr'>nea</span> <span class='ocrx_word' id='word_1_296' title='bbox 261 2234 414 2259; x_wconf 86' lang='lat' dir='ltr'>recenter</span> <span class='ocrx_word' id='word_1_297' title='bbox 439 2222 588 2261; x_wconf 84' lang='lat' dir='ltr'>instituta</span> <span class='ocrx_word' id='word_1_298' title='bbox 611 2224 728 2260; x_wconf 72' lang='lat' dir='ltr'>utitur.</span> <span class='ocrx_word' id='word_1_299' title='bbox 784 2220 851 2259; x_wconf 86' lang='lat' dir='ltr'>Sed</span> <span class='ocrx_word' id='word_1_300' title='bbox 870 2220 998 2259; x_wconf 14' lang='lat' dir='ltr'>&amp;tamen</span> <span class='ocrx_word' id='word_1_301' title='bbox 1028 2222 1194 2261; x_wconf 82' lang='lat' dir='ltr'>olivetum</span> 
     </span>
     <span class='ocr_line' id='line_1_38' title="bbox 172 2271 1075 2323; baseline 0.011 -16"><span class='ocrx_word' id='word_1_302' title='bbox 172 2272 280 2308; x_wconf 87' lang='lat' dir='ltr'>etiam</span> <span class='ocrx_word' id='word_1_303' title='bbox 303 2271 350 2308; x_wconf 88' lang='lat' dir='ltr'>ibi</span> <span class='ocrx_word' id='word_1_304' title='bbox 368 2272 501 2323; x_wconf 77' lang='lat' dir='ltr'>legitur.</span> <span class='ocrx_word' id='word_1_305' title='bbox 1069 2312 1075 2317; x_wconf 86' lang='lat'><em>.</em></span> 
     </span>
     <span class='ocr_line' id='line_1_39' title="bbox 231 2321 1193 2372; baseline 0.005 -15"><span class='ocrx_word' id='word_1_306' title='bbox 231 2321 416 2358; x_wconf 73' lang='lat' dir='ltr'>Lzbertinos</span> <span class='ocrx_word' id='word_1_307' title='bbox 434 2322 620 2372; x_wconf 79' lang='lat' dir='ltr'>militesque</span> <span class='ocrx_word' id='word_1_308' title='bbox 639 2322 706 2369; x_wconf 91' lang='lat' dir='ltr'>R.]</span> <span class='ocrx_word' id='word_1_309' title='bbox 739 2322 844 2360; x_wconf 89' lang='lat' dir='ltr'>Liber</span> <span class='ocrx_word' id='word_1_310' title='bbox 856 2336 942 2360; x_wconf 88' lang='lat' dir='ltr'>unus</span> <span class='ocrx_word' id='word_1_311' title='bbox 960 2325 1106 2362; x_wconf 86' lang='lat' dir='ltr'>minime</span> <span class='ocrx_word' id='word_1_312' title='bbox 1118 2337 1193 2362; x_wconf 88' lang='lat' dir='ltr'>ma-</span> 
     </span>
     <span class='ocr_line' id='line_1_40' title="bbox 177 2372 1192 2422; baseline 0.005 -14"><span class='ocrx_word' id='word_1_313' title='bbox 177 2372 231 2408; x_wconf 90' lang='lat' dir='ltr'>lus</span> <span class='ocrx_word' id='word_1_314' title='bbox 246 2372 431 2422; x_wconf 78' lang='lat' dir='ltr'>equitesque</span> <span class='ocrx_word' id='word_1_315' title='bbox 457 2378 552 2409; x_wconf 76' lang='lat' dir='ltr'>Rom.</span> <span class='ocrx_word' id='word_1_316' title='bbox 609 2377 686 2422; x_wconf 84' lang='lat' dir='ltr'>Ego</span> <span class='ocrx_word' id='word_1_317' title='bbox 703 2373 826 2409; x_wconf 83' lang='lat' dir='ltr'>milites</span> <span class='ocrx_word' id='word_1_318' title='bbox 845 2374 943 2410; x_wconf 88' lang='lat' dir='ltr'>servo</span> <span class='ocrx_word' id='word_1_319' title='bbox 959 2403 972 2418; x_wconf 92' lang='lat'><em>,</em></span> <span class='ocrx_word' id='word_1_320' title='bbox 1009 2387 1129 2412; x_wconf 85' lang='lat' dir='ltr'>amota</span> <span class='ocrx_word' id='word_1_321' title='bbox 1145 2375 1192 2413; x_wconf 89' lang='lat' dir='ltr'>di-</span> 
     </span>
     <span class='ocr_line' id='line_1_41' title="bbox 169 2423 1193 2474; baseline 0.005 -15"><span class='ocrx_word' id='word_1_322' title='bbox 169 2423 292 2459; x_wconf 65' lang='lat' dir='ltr'>stione</span> <span class='ocrx_word' id='word_1_323' title='bbox 311 2428 484 2459; x_wconf 82' lang='lat' dir='ltr'>Romanos.</span> <span class='ocrx_word' id='word_1_324' title='bbox 529 2434 613 2459; x_wconf 82' lang='lat' dir='ltr'>nam</span> <span class='ocrx_word' id='word_1_325' title='bbox 632 2427 669 2459; x_wconf 72' lang='grc' dir='ltr'>ὅ(</span> <span class='ocrx_word' id='word_1_326' title='bbox 687 2423 744 2471; x_wconf 88' lang='lat' dir='ltr'>qui</span> <span class='ocrx_word' id='word_1_327' title='bbox 761 2427 887 2472; x_wconf 75' lang='lat' dir='ltr'>equites</span> <span class='ocrx_word' id='word_1_328' title='bbox 905 2425 1053 2474; x_wconf 84' lang='lat' dir='ltr'>reposuit</span> <span class='ocrx_word' id='word_1_329' title='bbox 1070 2454 1083 2469; x_wconf 92' lang='lat'><em>,</em></span> <span class='ocrx_word' id='word_1_330' title='bbox 1111 2426 1193 2464; x_wconf 83' lang='lat' dir='ltr'>ideo</span> 
     </span>
     <span class='ocr_line' id='line_1_42' title="bbox 171 2471 1193 2523; baseline 0.006 -15"><span class='ocrx_word' id='word_1_331' title='bbox 171 2473 207 2509; x_wconf 77' lang='lat' dir='ltr'>id</span> <span class='ocrx_word' id='word_1_332' title='bbox 224 2471 333 2517; x_wconf 90' lang='lat' dir='ltr'>fecit,</span> <span class='ocrx_word' id='word_1_333' title='bbox 379 2472 476 2523; x_wconf 88' lang='lat' dir='ltr'>quod</span> <span class='ocrx_word' id='word_1_334' title='bbox 500 2471 606 2509; x_wconf 68' lang='lat' dir='ltr'>diftio</span> <span class='ocrx_word' id='word_1_335' title='bbox 633 2478 795 2509; x_wconf 81' lang='lat' dir='ltr'>Romanos</span> <span class='ocrx_word' id='word_1_336' title='bbox 821 2473 948 2523; x_wconf 78' lang='lat' dir='ltr'>alioqui</span> <span class='ocrx_word' id='word_1_337' title='bbox 972 2476 1082 2513; x_wconf 85' lang='lat' dir='ltr'>otiosa</span> <span class='ocrx_word' id='word_1_338' title='bbox 1098 2477 1193 2516; x_wconf 85' lang='lat' dir='ltr'>vide-</span> 
     </span>
     <span class='ocr_line' id='line_1_43' title="bbox 168 2535 270 2560; baseline 0 0"><span class='ocrx_word' id='word_1_339' title='bbox 168 2535 270 2560; x_wconf 84' lang='lat' dir='ltr'>retur.</span> 
     </span>
     <span class='ocr_line' id='line_1_44' title="bbox 165 2572 1187 2625; baseline 0.003 -16"><span class='ocrx_word' id='word_1_340' title='bbox 165 2599 170 2603; x_wconf 76' lang='grc'><strong>-</strong></span> <span class='ocrx_word' id='word_1_341' title='bbox 228 2574 292 2611; x_wconf 77' lang='lat' dir='ltr'>Ad</span> <span class='ocrx_word' id='word_1_342' title='bbox 307 2572 399 2623; x_wconf 74' lang='lat' dir='ltr'>figna</span> <span class='ocrx_word' id='word_1_343' title='bbox 416 2572 574 2620; x_wconf 79' lang='lat' dir='ltr'>deponi.]</span> <span class='ocrx_word' id='word_1_344' title='bbox 606 2575 732 2622; x_wconf 74' lang='lat' dir='ltr'>Veget.</span> <span class='ocrx_word' id='word_1_345' title='bbox 751 2572 809 2610; x_wconf 73' lang='lat' dir='ltr'>lib,</span> <span class='ocrx_word' id='word_1_346' title='bbox 828 2587 839 2609; x_wconf 88' lang='grc' dir='ltr'>ι</span> <span class='ocrx_word' id='word_1_347' title='bbox 852 2586 879 2610; x_wconf 76' lang='lat' dir='ltr'>i.</span> <span class='ocrx_word' id='word_1_348' title='bbox 891 2586 965 2625; x_wconf 85' lang='lat' dir='ltr'>cap.</span> <span class='ocrx_word' id='word_1_349' title='bbox 977 2589 1032 2613; x_wconf 84' lang='lat' dir='ltr'>xx.</span> <span class='ocrx_word' id='word_1_350' title='bbox 1060 2575 1187 2613; x_wconf 89' lang='lat' dir='ltr'>divini-</span> 
     </span>
     <span class='ocr_line' id='line_1_45' title="bbox 171 2623 1187 2675; baseline 0.002 -14"><span class='ocrx_word' id='word_1_351' title='bbox 171 2637 224 2661; x_wconf 89' lang='lat' dir='ltr'>tus</span> <span class='ocrx_word' id='word_1_352' title='bbox 242 2624 428 2662; x_wconf 88' lang='lat' dir='ltr'>institutum</span> <span class='ocrx_word' id='word_1_353' title='bbox 446 2623 558 2660; x_wconf 88' lang='lat' dir='ltr'>scribit</span> <span class='ocrx_word' id='word_1_354' title='bbox 575 2652 587 2667; x_wconf 93' lang='lat'><em>‚</em></span> <span class='ocrx_word' id='word_1_355' title='bbox 622 2635 678 2666; x_wconf 88' lang='lat' dir='ltr'>ut,</span> <span class='ocrx_word' id='word_1_356' title='bbox 705 2636 784 2660; x_wconf 89' lang='lat' dir='ltr'>cum</span> <span class='ocrx_word' id='word_1_357' title='bbox 803 2623 928 2662; x_wconf 88' lang='lat' dir='ltr'>milites</span> <span class='ocrx_word' id='word_1_358' title='bbox 946 2626 1080 2675; x_wconf 80' lang='lat' dir='ltr'>publica</span> <span class='ocrx_word' id='word_1_359' title='bbox 1098 2626 1187 2663; x_wconf 88' lang='lat' dir='ltr'>susti-</span> 
     </span>
     <span class='ocr_line' id='line_1_46' title="bbox 168 2673 1188 2727; baseline 0 -14"><span class='ocrx_word' id='word_1_360' title='bbox 168 2687 331 2713; x_wconf 76' lang='lat' dir='ltr'>nerentur</span> <span class='ocrx_word' id='word_1_361' title='bbox 351 2686 492 2712; x_wconf 86' lang='lat' dir='ltr'>annona</span> <span class='ocrx_word' id='word_1_362' title='bbox 508 2702 520 2718; x_wconf 89' lang='lat'><em>‚</em></span> <span class='ocrx_word' id='word_1_363' title='bbox 550 2687 594 2710; x_wconf 88' lang='lat' dir='ltr'>ex</span> <span class='ocrx_word' id='word_1_364' title='bbox 620 2673 786 2711; x_wconf 77' lang='lat' dir='ltr'>donativo</span> <span class='ocrx_word' id='word_1_365' title='bbox 811 2675 906 2722; x_wconf 87' lang='lat' dir='ltr'>quod</span> <span class='ocrx_word' id='word_1_366' title='bbox 933 2676 1188 2727; x_wconf 86' lang='lat' dir='ltr'>consequeban-</span> 
     </span>
    </p>
   </div>
   <div class='ocr_carea' id='block_1_9' title="bbox 1191 690 2290 754">
    <p class='ocr_par' dir='ltr' id='par_1_12' title="bbox 1191 690 2290 754">
     <span class='ocr_line' id='line_1_47' title="bbox 1191 690 2290 754; baseline 0.002 -17"><span class='ocrx_word' id='word_1_367' title='bbox 1191 690 1372 737; x_wconf 83' lang='lat' dir='ltr'>Addidit</span> <span class='ocrx_word' id='word_1_368' title='bbox 1397 696 1440 737; x_wconf 88' lang='lat'>&amp;</span> <span class='ocrx_word' id='word_1_369' title='bbox 1462 707 1653 754; x_wconf 84' lang='lat' dir='ltr'>quartum</span> <span class='ocrx_word' id='word_1_370' title='bbox 1680 690 1936 754; x_wconf 86' lang='lat' dir='ltr'>stipendium</span> <span class='ocrx_word' id='word_1_371' title='bbox 1957 693 2109 750; x_wconf 83' lang='lat' dir='ltr'>militi,</span> <span class='ocrx_word' id='word_1_372' title='bbox 2144 711 2290 740; x_wconf 78' lang='lat' dir='ltr'>aureos</span> 
     </span>
    </p>
   </div>
   <div class='ocr_carea' id='block_1_10' title="bbox 2131 771 2287 805">
    <p class='ocr_par' dir='ltr' id='par_1_13' title="bbox 2131 771 2287 805">
     <span class='ocr_line' id='line_1_48' title="bbox 2131 771 2287 805; baseline 0.019 -3"><span class='ocrx_word' id='word_1_373' title='bbox 2131 771 2287 805; x_wconf 70' lang='lat' dir='ltr'>ternos.</span> 
     </span>
    </p>
   </div>
   <div class='ocr_carea' id='block_1_11' title="bbox 1262 826 2287 1231">
    <p class='ocr_par' dir='ltr' id='par_1_14' title="bbox 1262 826 2287 1231">
     <span class='ocr_line' id='line_1_49' title="bbox 1322 826 2286 879; baseline 0.007 -18"><span class='ocrx_word' id='word_1_374' title='bbox 1322 826 1500 874; x_wconf 74' lang='lat' dir='ltr'>Qartum</span> <span class='ocrx_word' id='word_1_375' title='bbox 1519 826 1725 876; x_wconf 81' lang='lat' dir='ltr'>stipendium</span> <span class='ocrx_word' id='word_1_376' title='bbox 1747 828 1821 865; x_wconf 82' lang='lat' dir='ltr'>mil.</span> <span class='ocrx_word' id='word_1_377' title='bbox 1859 842 1977 865; x_wconf 81' lang='lat' dir='ltr'>aureos</span> <span class='ocrx_word' id='word_1_378' title='bbox 2004 830 2148 879; x_wconf 84' lang='lat' dir='ltr'>ternos.]</span> <span class='ocrx_word' id='word_1_379' title='bbox 2193 831 2286 868; x_wconf 88' lang='lat' dir='ltr'>Vide</span> 
     </span>
     <span class='ocr_line' id='line_1_50' title="bbox 1265 877 2286 961; baseline 0.007 -49"><span class='ocrx_word' id='word_1_380' title='bbox 1265 887 1348 961; x_wconf 54' lang='lat' dir='ltr'>puae</span> <span class='ocrx_word' id='word_1_381' title='bbox 1368 888 1529 914; x_wconf 87' lang='lat' dir='ltr'>notamus</span> <span class='ocrx_word' id='word_1_382' title='bbox 1538 877 1627 914; x_wconf 83' lang='lat' dir='ltr'>Caes.</span> <span class='ocrx_word' id='word_1_383' title='bbox 1640 890 1714 926; x_wconf 85' lang='lat' dir='ltr'>cap.</span> <span class='ocrx_word' id='word_1_384' title='bbox 1727 889 1830 914; x_wconf 82' lang='lat' dir='ltr'>xxvi.</span> <span class='ocrx_word' id='word_1_385' title='bbox 1856 881 2070 928; x_wconf 72' lang='lat' dir='ltr'>Quanquam</span> <span class='ocrx_word' id='word_1_386' title='bbox 2092 882 2153 919; x_wconf 87' lang='lat' dir='ltr'>(ut</span> <span class='ocrx_word' id='word_1_387' title='bbox 2163 894 2286 919; x_wconf 80' lang='lat' dir='ltr'>verum</span> 
     </span>
     <span class='ocr_line' id='line_1_51' title="bbox 1280 925 2286 981; baseline 0.006 -19"><span class='ocrx_word' id='word_1_388' title='bbox 1280 937 1376 975; x_wconf 87' lang='lat' dir='ltr'>atcar</span> <span class='ocrx_word' id='word_1_389' title='bbox 1392 929 1406 974; x_wconf 94' lang='lat'><em>)</em></span> <span class='ocrx_word' id='word_1_390' title='bbox 1436 940 1509 964; x_wconf 93' lang='lat' dir='ltr'>non</span> <span class='ocrx_word' id='word_1_391' title='bbox 1528 928 1677 965; x_wconf 84' lang='lat' dir='ltr'>nimium</span> <span class='ocrx_word' id='word_1_392' title='bbox 1688 928 1774 963; x_wconf 86' lang='lat' dir='ltr'>mihi</span> <span class='ocrx_word' id='word_1_393' title='bbox 1784 925 1967 970; x_wconf 70' lang='lat' dir='ltr'>satisfacio,</span> <span class='ocrx_word' id='word_1_394' title='bbox 2000 929 2213 981; x_wconf 74' lang='lat' dir='ltr'>placeretque</span> <span class='ocrx_word' id='word_1_395' title='bbox 2232 945 2286 968; x_wconf 87' lang='lat' dir='ltr'>re-</span> 
     </span>
     <span class='ocr_line' id='line_1_52' title="bbox 1265 976 2287 1029; baseline 0.007 -17"><span class='ocrx_word' id='word_1_396' title='bbox 1265 976 1364 1014; x_wconf 86' lang='lat' dir='ltr'>scribi</span> <span class='ocrx_word' id='word_1_397' title='bbox 1388 978 1540 1014; x_wconf 71' lang='lat' dir='ltr'>militare</span> <span class='ocrx_word' id='word_1_398' title='bbox 1572 991 1635 1029; x_wconf 87' lang='lat' dir='ltr'>pro</span> <span class='ocrx_word' id='word_1_399' title='bbox 1663 977 1780 1015; x_wconf 86' lang='lat' dir='ltr'>militi.</span> <span class='ocrx_word' id='word_1_400' title='bbox 1838 977 1946 1025; x_wconf 81' lang='lat' dir='ltr'>Qod</span> <span class='ocrx_word' id='word_1_401' title='bbox 1976 979 2146 1027; x_wconf 86' lang='lat' dir='ltr'>capitalib.</span> <span class='ocrx_word' id='word_1_402' title='bbox 2173 981 2287 1020; x_wconf 80' lang='lat' dir='ltr'>litteris</span> 
     </span>
     <span class='ocr_line' id='line_1_53' title="bbox 1264 1027 2283 1079; baseline 0.006 -16"><span class='ocrx_word' id='word_1_403' title='bbox 1264 1041 1338 1064; x_wconf 91' lang='lat' dir='ltr'>non</span> <span class='ocrx_word' id='word_1_404' title='bbox 1356 1029 1487 1079; x_wconf 85' lang='lat' dir='ltr'>integre</span> <span class='ocrx_word' id='word_1_405' title='bbox 1512 1041 1690 1065; x_wconf 86' lang='lat' dir='ltr'>exaratum</span> <span class='ocrx_word' id='word_1_406' title='bbox 1710 1027 1778 1064; x_wconf 82' lang='lat' dir='ltr'>hoc</span> <span class='ocrx_word' id='word_1_407' title='bbox 1795 1040 1903 1079; x_wconf 87' lang='lat' dir='ltr'>quam</span> <span class='ocrx_word' id='word_1_408' title='bbox 1918 1027 1977 1064; x_wconf 90' lang='lat' dir='ltr'>illo</span> <span class='ocrx_word' id='word_1_409' title='bbox 1989 1028 2099 1064; x_wconf 88' lang='lat' dir='ltr'>modo</span> <span class='ocrx_word' id='word_1_410' title='bbox 2110 1031 2219 1079; x_wconf 88' lang='lat' dir='ltr'>potius</span> <span class='ocrx_word' id='word_1_411' title='bbox 2237 1033 2283 1069; x_wconf 88' lang='lat' dir='ltr'>ab</span> 
     </span>
     <span class='ocr_line' id='line_1_54' title="bbox 1265 1077 2284 1129; baseline 0.003 -15"><span class='ocrx_word' id='word_1_412' title='bbox 1265 1079 1431 1128; x_wconf 87' lang='lat' dir='ltr'>imperitis</span> <span class='ocrx_word' id='word_1_413' title='bbox 1447 1079 1589 1117; x_wconf 86' lang='lat' dir='ltr'>librariis</span> <span class='ocrx_word' id='word_1_414' title='bbox 1610 1090 1792 1129; x_wconf 88' lang='lat' dir='ltr'>exceptum</span> <span class='ocrx_word' id='word_1_415' title='bbox 1804 1108 1816 1122; x_wconf 92' lang='lat'><em>,</em></span> <span class='ocrx_word' id='word_1_416' title='bbox 1834 1077 1979 1127; x_wconf 89' lang='lat' dir='ltr'>suspicio</span> <span class='ocrx_word' id='word_1_417' title='bbox 1998 1077 2082 1115; x_wconf 87' lang='lat' dir='ltr'>mihi</span> <span class='ocrx_word' id='word_1_418' title='bbox 2099 1079 2157 1115; x_wconf 85' lang='lat' dir='ltr'>est.</span> <span class='ocrx_word' id='word_1_419' title='bbox 2215 1083 2284 1117; x_wconf 86' lang='lat' dir='ltr'>Cu-</span> 
     </span>
     <span class='ocr_line' id='line_1_55' title="bbox 1264 1128 2283 1180; baseline 0.003 -15"><span class='ocrx_word' id='word_1_420' title='bbox 1264 1129 1413 1175; x_wconf 72' lang='lat' dir='ltr'>iusmodi</span> <span class='ocrx_word' id='word_1_421' title='bbox 1431 1143 1593 1168; x_wconf 89' lang='lat' dir='ltr'>errorum</span> <span class='ocrx_word' id='word_1_422' title='bbox 1612 1128 1727 1168; x_wconf 87' lang='lat' dir='ltr'>fontes</span> <span class='ocrx_word' id='word_1_423' title='bbox 1745 1143 1819 1168; x_wconf 90' lang='lat' dir='ltr'>non</span> <span class='ocrx_word' id='word_1_424' title='bbox 1837 1129 1943 1167; x_wconf 86' lang='lat' dir='ltr'>semel</span> <span class='ocrx_word' id='word_1_425' title='bbox 1962 1128 2030 1167; x_wconf 91' lang='lat' dir='ltr'>hoc</span> <span class='ocrx_word' id='word_1_426' title='bbox 2052 1130 2087 1166; x_wconf 88' lang='lat' dir='ltr'>in</span> <span class='ocrx_word' id='word_1_427' title='bbox 2101 1142 2208 1180; x_wconf 89' lang='lat' dir='ltr'>opere</span> <span class='ocrx_word' id='word_1_428' title='bbox 2225 1130 2283 1168; x_wconf 50' lang='lat' dir='ltr'>de&lt;</span> 
     </span>
     <span class='ocr_line' id='line_1_56' title="bbox 1262 1179 1518 1231; baseline 0.016 -15"><span class='ocrx_word' id='word_1_429' title='bbox 1262 1179 1518 1231; x_wconf 80' lang='lat' dir='ltr'>prehendimus.</span> 
     </span>
    </p>
   </div>
   <div class='ocr_carea' id='block_1_12' title="bbox 1234 1253 2281 2724">
    <p class='ocr_par' dir='ltr' id='par_1_15' title="bbox 1587 1253 1979 1289">
     <span class='ocr_line' id='line_1_57' title="bbox 1587 1253 1979 1289; baseline 0 0"><span class='ocrx_word' id='word_1_430' title='bbox 1587 1253 1619 1289; x_wconf 93' lang='lat' dir='ltr'>C</span> <span class='ocrx_word' id='word_1_431' title='bbox 1649 1264 1672 1289; x_wconf 77' lang='lat' dir='ltr'>A</span> <span class='ocrx_word' id='word_1_432' title='bbox 1697 1265 1714 1288; x_wconf 88' lang='lat' dir='ltr'>s</span> <span class='ocrx_word' id='word_1_433' title='bbox 1743 1264 1766 1289; x_wconf 79' lang='grc' dir='ltr'>Α</span> <span class='ocrx_word' id='word_1_434' title='bbox 1793 1264 1819 1289; x_wconf 86' lang='lat' dir='ltr'>u</span> <span class='ocrx_word' id='word_1_435' title='bbox 1849 1262 1869 1288; x_wconf 69' lang='grc' dir='ltr'><strong><em>Β</em></strong></span> <span class='ocrx_word' id='word_1_436' title='bbox 1891 1262 1915 1289; x_wconf 90' lang='lat' dir='ltr'>o</span> <span class='ocrx_word' id='word_1_437' title='bbox 1942 1264 1979 1289; x_wconf 73' lang='lat' dir='ltr'>N.</span> 
     </span>
    </p>

    <p class='ocr_par' dir='ltr' id='par_1_16' title="bbox 1236 1308 2281 2565">
     <span class='ocr_line' id='line_1_58' title="bbox 1314 1308 2277 1360; baseline 0 -13"><span class='ocrx_word' id='word_1_438' title='bbox 1314 1323 1347 1357; x_wconf 94' lang='lat'>7.</span> <span class='ocrx_word' id='word_1_439' title='bbox 1377 1310 1582 1358; x_wconf 77' lang='lat' dir='ltr'>Exzflimans</span> <span class='ocrx_word' id='word_1_440' title='bbox 1593 1312 1698 1348; x_wconf 86' lang='lat' dir='ltr'>nimio</span> <span class='ocrx_word' id='word_1_441' title='bbox 1709 1312 1896 1347; x_wconf 82' lang='lat' dir='ltr'>vinearum</span> <span class='ocrx_word' id='word_1_442' title='bbox 1901 1310 2012 1358; x_wconf 81' lang='lat' dir='ltr'><em>studio</em></span> <span class='ocrx_word' id='word_1_443' title='bbox 2028 1308 2146 1360; x_wconf 64' lang='lat' dir='ltr'>negligi</span> <span class='ocrx_word' id='word_1_444' title='bbox 2155 1311 2277 1359; x_wconf 69' lang='lat' dir='ltr'>arva]</span> 
     </span>
     <span class='ocr_line' id='line_1_59' title="bbox 1260 1361 2281 1412; baseline 0.004 -16"><span class='ocrx_word' id='word_1_445' title='bbox 1260 1361 1347 1397; x_wconf 93' lang='lat' dir='ltr'>Non</span> <span class='ocrx_word' id='word_1_446' title='bbox 1366 1361 1477 1398; x_wconf 90' lang='lat' dir='ltr'>solum</span> <span class='ocrx_word' id='word_1_447' title='bbox 1496 1362 1530 1398; x_wconf 91' lang='lat' dir='ltr'>in</span> <span class='ocrx_word' id='word_1_448' title='bbox 1548 1362 1615 1400; x_wconf 86' lang='lat' dir='ltr'>vita</span> <span class='ocrx_word' id='word_1_449' title='bbox 1641 1361 1818 1412; x_wconf 88' lang='lat' dir='ltr'>Apollonii</span> <span class='ocrx_word' id='word_1_450' title='bbox 1835 1361 1891 1398; x_wconf 89' lang='lat' dir='ltr'>lib.</span> <span class='ocrx_word' id='word_1_451' title='bbox 1903 1375 1945 1399; x_wconf 79' lang='lat' dir='ltr'>vt</span> <span class='ocrx_word' id='word_1_452' title='bbox 1957 1391 1965 1398; x_wconf 92' lang='lat'><strong>.</strong></span> <span class='ocrx_word' id='word_1_453' title='bbox 1995 1363 2156 1398; x_wconf 86' lang='lat' dir='ltr'>meminit</span> <span class='ocrx_word' id='word_1_454' title='bbox 2180 1361 2281 1407; x_wconf 81' lang='lat' dir='ltr'>hujus</span> 
     </span>
     <span class='ocr_line' id='line_1_60' title="bbox 1260 1411 2279 1462; baseline 0.004 -16"><span class='ocrx_word' id='word_1_455' title='bbox 1260 1412 1307 1447; x_wconf 90' lang='lat' dir='ltr'>rei</span> <span class='ocrx_word' id='word_1_456' title='bbox 1326 1412 1566 1455; x_wconf 85' lang='lat' dir='ltr'>Philostratus,</span> <span class='ocrx_word' id='word_1_457' title='bbox 1593 1425 1700 1462; x_wconf 87' lang='lat' dir='ltr'>quem</span> <span class='ocrx_word' id='word_1_458' title='bbox 1718 1412 1835 1449; x_wconf 91' lang='lat' dir='ltr'>locum</span> <span class='ocrx_word' id='word_1_459' title='bbox 1853 1411 1964 1448; x_wconf 86' lang='lat' dir='ltr'>laudat</span> <span class='ocrx_word' id='word_1_460' title='bbox 1978 1411 2162 1448; x_wconf 82' lang='lat' dir='ltr'>Beroaldus</span> <span class='ocrx_word' id='word_1_461' title='bbox 2185 1427 2194 1449; x_wconf 81' lang='lat' dir='ltr'>t</span> <span class='ocrx_word' id='word_1_462' title='bbox 2222 1413 2279 1450; x_wconf 79' lang='lat' dir='ltr'>sed</span> 
     </span>
     <span class='ocr_line' id='line_1_61' title="bbox 1259 1461 2280 1513; baseline 0.002 -15"><span class='ocrx_word' id='word_1_463' title='bbox 1259 1461 1394 1501; x_wconf 88' lang='lat' dir='ltr'>uberius</span> <span class='ocrx_word' id='word_1_464' title='bbox 1413 1464 1448 1500; x_wconf 88' lang='lat' dir='ltr'>in</span> <span class='ocrx_word' id='word_1_465' title='bbox 1464 1464 1533 1502; x_wconf 80' lang='lat' dir='ltr'>vita</span> <span class='ocrx_word' id='word_1_466' title='bbox 1552 1463 1744 1512; x_wconf 84' lang='lat' dir='ltr'>Scopeliani</span> <span class='ocrx_word' id='word_1_467' title='bbox 1761 1461 1924 1513; x_wconf 84' lang='lat' dir='ltr'>sophistae.</span> <span class='ocrx_word' id='word_1_468' title='bbox 1984 1466 2018 1499; x_wconf 85' lang='lat' dir='ltr'>Is</span> <span class='ocrx_word' id='word_1_469' title='bbox 2036 1461 2085 1498; x_wconf 90' lang='lat' dir='ltr'>est</span> <span class='ocrx_word' id='word_1_470' title='bbox 2102 1464 2160 1512; x_wconf 90' lang='lat' dir='ltr'>qui</span> <span class='ocrx_word' id='word_1_471' title='bbox 2178 1465 2280 1500; x_wconf 84' lang='lat' dir='ltr'>totius</span> 
     </span>
     <span class='ocr_line' id='line_1_62' title="bbox 1260 1511 2281 1562; baseline 0.001 -13"><span class='ocrx_word' id='word_1_472' title='bbox 1260 1511 1350 1550; x_wconf 80' lang='lat' dir='ltr'>Afiae</span> <span class='ocrx_word' id='word_1_473' title='bbox 1370 1515 1516 1551; x_wconf 90' lang='lat' dir='ltr'>nomine</span> <span class='ocrx_word' id='word_1_474' title='bbox 1540 1513 1750 1562; x_wconf 77' lang='lat' dir='ltr'>legationem</span> <span class='ocrx_word' id='word_1_475' title='bbox 1766 1513 1854 1550; x_wconf 87' lang='lat' dir='ltr'>obiit</span> <span class='ocrx_word' id='word_1_476' title='bbox 1873 1513 1918 1549; x_wconf 84' lang='lat' dir='ltr'>ad</span> <span class='ocrx_word' id='word_1_477' title='bbox 1936 1513 2202 1557; x_wconf 88' lang='lat' dir='ltr'>Domitianum,</span> <span class='ocrx_word' id='word_1_478' title='bbox 2220 1513 2281 1550; x_wconf 90' lang='lat' dir='ltr'>de-</span> 
     </span>
     <span class='ocr_line' id='line_1_63' title="bbox 1260 1563 2279 1614; baseline 0.003 -15"><span class='ocrx_word' id='word_1_479' title='bbox 1260 1575 1454 1612; x_wconf 84' lang='lat' dir='ltr'>precaturus</span> <span class='ocrx_word' id='word_1_480' title='bbox 1477 1565 1578 1601; x_wconf 70' lang='lat' dir='ltr'>edicti</span> <span class='ocrx_word' id='word_1_481' title='bbox 1606 1564 1704 1611; x_wconf 77' lang='lat' dir='ltr'>hujus</span> <span class='ocrx_word' id='word_1_482' title='bbox 1729 1563 2000 1602; x_wconf 85' lang='lat' dir='ltr'>exsecutionem.</span> <span class='ocrx_word' id='word_1_483' title='bbox 2034 1565 2070 1600; x_wconf 90' lang='lat' dir='ltr'>in</span> <span class='ocrx_word' id='word_1_484' title='bbox 2089 1577 2158 1614; x_wconf 91' lang='lat' dir='ltr'>quo</span> <span class='ocrx_word' id='word_1_485' title='bbox 2183 1575 2279 1602; x_wconf 78' lang='lat' dir='ltr'>tanta</span> 
     </span>
     <span class='ocr_line' id='line_1_64' title="bbox 1259 1612 2278 1657; baseline 0.003 -7"><span class='ocrx_word' id='word_1_486' title='bbox 1259 1612 1321 1651; x_wconf 91' lang='lat' dir='ltr'>fuit</span> <span class='ocrx_word' id='word_1_487' title='bbox 1339 1615 1425 1653; x_wconf 90' lang='lat' dir='ltr'>illius</span> <span class='ocrx_word' id='word_1_488' title='bbox 1444 1616 1500 1653; x_wconf 91' lang='lat' dir='ltr'>vel</span> <span class='ocrx_word' id='word_1_489' title='bbox 1524 1615 1706 1652; x_wconf 84' lang='lat' dir='ltr'>dexteritas</span> <span class='ocrx_word' id='word_1_490' title='bbox 1721 1614 1777 1653; x_wconf 87' lang='lat' dir='ltr'>vel</span> <span class='ocrx_word' id='word_1_491' title='bbox 1794 1613 1938 1651; x_wconf 84' lang='lat' dir='ltr'>felicitas</span> <span class='ocrx_word' id='word_1_492' title='bbox 1962 1643 1973 1657; x_wconf 89' lang='lat'>‚</span> <span class='ocrx_word' id='word_1_493' title='bbox 2006 1626 2043 1651; x_wconf 92' lang='lat' dir='ltr'>ut</span> <span class='ocrx_word' id='word_1_494' title='bbox 2063 1627 2137 1651; x_wconf 89' lang='lat' dir='ltr'>non</span> <span class='ocrx_word' id='word_1_495' title='bbox 2164 1613 2278 1653; x_wconf 88' lang='lat' dir='ltr'>solum</span> 
     </span>
     <span class='ocr_line' id='line_1_65' title="bbox 1259 1663 2276 1715; baseline 0.002 -14"><span class='ocrx_word' id='word_1_496' title='bbox 1259 1665 1393 1703; x_wconf 91' lang='lat' dir='ltr'>colendi</span> <span class='ocrx_word' id='word_1_497' title='bbox 1411 1668 1529 1704; x_wconf 80' lang='lat' dir='ltr'>vineas</span> <span class='ocrx_word' id='word_1_498' title='bbox 1549 1666 1792 1715; x_wconf 86' lang='lat' dir='ltr'>impunitatem</span> <span class='ocrx_word' id='word_1_499' title='bbox 1808 1663 1870 1701; x_wconf 88' lang='lat' dir='ltr'>suis</span> <span class='ocrx_word' id='word_1_500' title='bbox 1881 1666 1999 1702; x_wconf 52' lang='lat' dir='ltr'>nefins</span> <span class='ocrx_word' id='word_1_501' title='bbox 2014 1664 2074 1708; x_wconf 78' lang='lat' dir='ltr'>sit,</span> <span class='ocrx_word' id='word_1_502' title='bbox 2101 1664 2158 1701; x_wconf 91' lang='lat' dir='ltr'>sed</span> <span class='ocrx_word' id='word_1_503' title='bbox 2170 1666 2276 1703; x_wconf 82' lang='lat' dir='ltr'>etiam</span> 
     </span>
     <span class='ocr_line' id='line_1_66' title="bbox 1258 1714 2279 1779; baseline -0.002 -27"><span class='ocrx_word' id='word_1_504' title='bbox 1258 1716 1506 1779; x_wconf 50' lang='lat' dir='ltr'>niceffitatem.</span> <span class='ocrx_word' id='word_1_505' title='bbox 1546 1716 1643 1752; x_wconf 87' lang='lat' dir='ltr'>rediit</span> <span class='ocrx_word' id='word_1_506' title='bbox 1661 1718 1778 1759; x_wconf 89' lang='lat' dir='ltr'>enim,</span> <span class='ocrx_word' id='word_1_507' title='bbox 1811 1714 1861 1759; x_wconf 59' lang='lat' dir='ltr'>poi</span> <span class='ocrx_word' id='word_1_508' title='bbox 1881 1715 1974 1760; x_wconf 78' lang='grc' dir='ltr'><strong><em>μόνον</em></strong></span> <span class='ocrx_word' id='word_1_509' title='bbox 2001 1715 2036 1751; x_wconf 67' lang='grc' dir='ltr'>τὶ</span> <span class='ocrx_word' id='word_1_510' title='bbox 2065 1716 2185 1762; x_wconf 66' lang='grc' dir='ltr'>ἐξεῖναι</span> <span class='ocrx_word' id='word_1_511' title='bbox 2213 1720 2279 1763; x_wconf 63' lang='grc' dir='ltr'>φο-</span> 
     </span>
     <span class='ocr_line' id='line_1_67' title="bbox 1258 1764 2274 1815; baseline -0.004 -13"><span class='ocrx_word' id='word_1_512' title='bbox 1258 1782 1357 1803; x_wconf 66' lang='lat' dir='ltr'>‘teum</span> <span class='ocrx_word' id='word_1_513' title='bbox 1375 1767 1484 1815; x_wconf 70' lang='grc' dir='ltr'><strong><em>ἔχων,</em></strong></span> <span class='ocrx_word' id='word_1_514' title='bbox 1506 1766 1603 1804; x_wconf 65' lang='grc' dir='ltr'>ἀλλὰ</span> <span class='ocrx_word' id='word_1_515' title='bbox 1622 1769 1681 1803; x_wconf 68' lang='grc' dir='ltr'>καὶ</span> <span class='ocrx_word' id='word_1_516' title='bbox 1699 1764 1860 1809; x_wconf 66' lang='grc' dir='ltr'>ἐπιτίμια</span> <span class='ocrx_word' id='word_1_517' title='bbox 1877 1765 1970 1800; x_wconf 64' lang='grc' dir='ltr'>κατὰ</span> <span class='ocrx_word' id='word_1_518' title='bbox 1986 1766 2047 1801; x_wconf 65' lang='grc' dir='ltr'>τῶν</span> <span class='ocrx_word' id='word_1_519' title='bbox 2060 1764 2108 1809; x_wconf 57' lang='lat' dir='ltr'>pm}</span> <span class='ocrx_word' id='word_1_520' title='bbox 2119 1767 2274 1811; x_wconf 60' lang='grc' dir='ltr'>φυτευόν,</span> 
     </span>
     <span class='ocr_line' id='line_1_68' title="bbox 1254 1814 2274 1867; baseline 0.002 -15"><span class='ocrx_word' id='word_1_521' title='bbox 1254 1832 1325 1854; x_wconf 77' lang='grc' dir='ltr'>των.</span> <span class='ocrx_word' id='word_1_522' title='bbox 1376 1819 1526 1855; x_wconf 81' lang='lat' dir='ltr'>Causam</span> <span class='ocrx_word' id='word_1_523' title='bbox 1543 1817 1619 1853; x_wconf 84' lang='lat' dir='ltr'>latae</span> <span class='ocrx_word' id='word_1_524' title='bbox 1638 1817 1722 1866; x_wconf 81' lang='lat' dir='ltr'>legis</span> <span class='ocrx_word' id='word_1_525' title='bbox 1741 1815 1837 1867; x_wconf 88' lang='lat' dir='ltr'>quod</span> <span class='ocrx_word' id='word_1_526' title='bbox 1856 1816 1900 1852; x_wconf 92' lang='lat' dir='ltr'>ad</span> <span class='ocrx_word' id='word_1_527' title='bbox 1917 1814 2036 1852; x_wconf 73' lang='lat' dir='ltr'>Asiam</span> <span class='ocrx_word' id='word_1_528' title='bbox 2056 1818 2274 1864; x_wconf 82' lang='lat' dir='ltr'>provinciam</span> 
     </span>
     <span class='ocr_line' id='line_1_69' title="bbox 1253 1865 2273 1917; baseline 0 -13"><span class='ocrx_word' id='word_1_529' title='bbox 1253 1869 1396 1912; x_wconf 86' lang='lat' dir='ltr'>attinet,</span> <span class='ocrx_word' id='word_1_530' title='bbox 1422 1870 1527 1906; x_wconf 81' lang='lat' dir='ltr'>aliam</span> <span class='ocrx_word' id='word_1_531' title='bbox 1541 1866 1645 1904; x_wconf 72' lang='lat' dir='ltr'>affert</span> <span class='ocrx_word' id='word_1_532' title='bbox 1671 1866 1913 1904; x_wconf 87' lang='lat' dir='ltr'>Philostratus:</span> <span class='ocrx_word' id='word_1_533' title='bbox 1941 1865 2125 1902; x_wconf 86' lang='lat' dir='ltr'>seditiones</span> <span class='ocrx_word' id='word_1_534' title='bbox 2144 1880 2273 1917; x_wconf 75' lang='lat' dir='ltr'>nempe</span> 
     </span>
     <span class='ocr_line' id='line_1_70' title="bbox 1251 1915 2270 1969; baseline 0 -15"><span class='ocrx_word' id='word_1_535' title='bbox 1251 1917 1339 1969; x_wconf 87' lang='lat' dir='ltr'>saepe</span> <span class='ocrx_word' id='word_1_536' title='bbox 1356 1930 1447 1957; x_wconf 81' lang='lat' dir='ltr'>ortas</span> <span class='ocrx_word' id='word_1_537' title='bbox 1463 1934 1503 1957; x_wconf 87' lang='lat' dir='ltr'>ex</span> <span class='ocrx_word' id='word_1_538' title='bbox 1520 1917 1719 1956; x_wconf 85' lang='lat' dir='ltr'>temulentia</span> <span class='ocrx_word' id='word_1_539' title='bbox 1730 1932 1741 1954; x_wconf 86' lang='lat'><strong>:</strong></span> <span class='ocrx_word' id='word_1_540' title='bbox 1761 1915 1894 1952; x_wconf 69' lang='grc' dir='ltr'><strong><em>Ἐδόκει</em></strong></span> <span class='ocrx_word' id='word_1_541' title='bbox 1913 1917 1963 1962; x_wconf 70' lang='grc' dir='ltr'>τῷ</span> <span class='ocrx_word' id='word_1_542' title='bbox 1971 1918 2117 1960; x_wconf 62' lang='grc' dir='ltr'>βασιλεῖ</span> <span class='ocrx_word' id='word_1_543' title='bbox 2127 1915 2177 1960; x_wconf 58' lang='grc' dir='ltr'><em>μή</em></span> <span class='ocrx_word' id='word_1_544' title='bbox 2187 1916 2270 1954; x_wconf 67' lang='grc' dir='ltr'><strong><em>εἶναι</em></strong></span> 
     </span>
     <span class='ocr_line' id='line_1_71' title="bbox 1249 1965 2270 2019; baseline 0.001 -16"><span class='ocrx_word' id='word_1_545' title='bbox 1249 1971 1291 2017; x_wconf 68' lang='grc' dir='ltr'>τῇ</span> <span class='ocrx_word' id='word_1_546' title='bbox 1310 1969 1408 2019; x_wconf 59' lang='lat' dir='ltr'>Ars-[qe</span> <span class='ocrx_word' id='word_1_547' title='bbox 1426 1970 1615 2014; x_wconf 67' lang='grc' dir='ltr'>ἀμφι-ἕλες,</span> <span class='ocrx_word' id='word_1_548' title='bbox 1643 1966 1769 2007; x_wconf 63' lang='grc' dir='ltr'><em>ἒπειὸἧ</em></span> <span class='ocrx_word' id='word_1_549' title='bbox 1789 1967 1816 2004; x_wconf 82' lang='grc' dir='ltr'>ἐν</span> <span class='ocrx_word' id='word_1_550' title='bbox 1841 1966 1914 2013; x_wconf 67' lang='grc' dir='ltr'>ὀἰνῳ</span> <span class='ocrx_word' id='word_1_551' title='bbox 1939 1965 2118 2016; x_wconf 53' lang='lat' dir='ltr'>foce-uigent</span> <span class='ocrx_word' id='word_1_552' title='bbox 2136 1966 2270 2016; x_wconf 52' lang='grc' dir='ltr'>’ἔδοξαν</span> 
     </span>
     <span class='ocr_line' id='line_1_72' title="bbox 1247 2016 2268 2070; baseline 0.001 -16"><span class='ocrx_word' id='word_1_553' title='bbox 1247 2020 1329 2056; x_wconf 69' lang='grc' dir='ltr'>ἀλλ’</span> <span class='ocrx_word' id='word_1_554' title='bbox 1349 2020 1553 2070; x_wconf 64' lang='grc' dir='ltr'>ἐξαιρεῖσθαι</span> <span class='ocrx_word' id='word_1_555' title='bbox 1569 2019 1628 2064; x_wconf 80' lang='grc' dir='ltr'>μὲν</span> <span class='ocrx_word' id='word_1_556' title='bbox 1647 2018 1708 2059; x_wconf 71' lang='grc' dir='ltr'>τὰς</span> <span class='ocrx_word' id='word_1_557' title='bbox 1727 2016 1790 2058; x_wconf 53' lang='grc' dir='ltr'>ἤθη</span> <span class='ocrx_word' id='word_1_558' title='bbox 1811 2016 2089 2062; x_wconf 59' lang='grc' dir='ltr'>πεφυτευμένης,</span> <span class='ocrx_word' id='word_1_559' title='bbox 2106 2018 2268 2059; x_wconf 48' lang='lat' dir='ltr'>&amp;magde</span> 
     </span>
     <span class='ocr_line' id='line_1_73' title="bbox 1245 2067 2268 2121; baseline 0 -15"><span class='ocrx_word' id='word_1_560' title='bbox 1245 2068 1294 2114; x_wconf 59' lang='grc' dir='ltr'><em>μή</em></span> <span class='ocrx_word' id='word_1_561' title='bbox 1314 2073 1467 2114; x_wconf 67' lang='grc' dir='ltr'>φυτεύειν</span> <span class='ocrx_word' id='word_1_562' title='bbox 1486 2072 1549 2109; x_wconf 76' lang='grc' dir='ltr'>ἔτι.</span> <span class='ocrx_word' id='word_1_563' title='bbox 1609 2068 1697 2107; x_wconf 91' lang='lat' dir='ltr'>Ideo</span> <span class='ocrx_word' id='word_1_564' title='bbox 1716 2068 1890 2106; x_wconf 80' lang='lat' dir='ltr'>servatum</span> <span class='ocrx_word' id='word_1_565' title='bbox 1917 2067 2050 2106; x_wconf 84' lang='lat' dir='ltr'>videtur</span> <span class='ocrx_word' id='word_1_566' title='bbox 2069 2067 2130 2106; x_wconf 90' lang='lat' dir='ltr'>sub</span> <span class='ocrx_word' id='word_1_567' title='bbox 2152 2072 2268 2121; x_wconf 79' lang='lat' dir='ltr'>Impe-</span> 
     </span>
     <span class='ocr_line' id='line_1_74' title="bbox 1244 2118 2266 2173; baseline 0.001 -17"><span class='ocrx_word' id='word_1_568' title='bbox 1244 2122 1413 2159; x_wconf 67' lang='lat' dir='ltr'>rator-ibus</span> <span class='ocrx_word' id='word_1_569' title='bbox 1431 2120 1685 2173; x_wconf 88' lang='lat' dir='ltr'>insequentibus</span> <span class='ocrx_word' id='word_1_570' title='bbox 1699 2148 1709 2162; x_wconf 93' lang='lat'>‚</span> <span class='ocrx_word' id='word_1_571' title='bbox 1737 2131 1772 2157; x_wconf 89' lang='lat' dir='ltr'>ut</span> <span class='ocrx_word' id='word_1_572' title='bbox 1789 2118 1974 2171; x_wconf 88' lang='lat' dir='ltr'>promiscui</span> <span class='ocrx_word' id='word_1_573' title='bbox 1992 2132 2065 2156; x_wconf 91' lang='lat' dir='ltr'>non</span> <span class='ocrx_word' id='word_1_574' title='bbox 2088 2118 2167 2155; x_wconf 86' lang='lat' dir='ltr'>esset</span> <span class='ocrx_word' id='word_1_575' title='bbox 2188 2122 2266 2165; x_wconf 86' lang='lat' dir='ltr'>juris</span> 
     </span>
     <span class='ocr_line' id='line_1_75' title="bbox 1241 2170 2264 2221; baseline -0.002 -12"><span class='ocrx_word' id='word_1_576' title='bbox 1241 2173 1349 2209; x_wconf 87' lang='lat' dir='ltr'>vitem</span> <span class='ocrx_word' id='word_1_577' title='bbox 1369 2172 1561 2210; x_wconf 89' lang='lat' dir='ltr'>instituere:</span> <span class='ocrx_word' id='word_1_578' title='bbox 1580 2170 1644 2208; x_wconf 77' lang='lat' dir='ltr'>&#39;sed</span> <span class='ocrx_word' id='word_1_579' title='bbox 1659 2184 1783 2209; x_wconf 88' lang='lat' dir='ltr'>eorum</span> <span class='ocrx_word' id='word_1_580' title='bbox 1803 2182 1938 2207; x_wconf 86' lang='lat' dir='ltr'>tautum</span> <span class='ocrx_word' id='word_1_581' title='bbox 1954 2198 1965 2212; x_wconf 94' lang='lat'><em>,</em></span> <span class='ocrx_word' id='word_1_582' title='bbox 1994 2170 2086 2219; x_wconf 84' lang='lat' dir='ltr'>quia</span> <span class='ocrx_word' id='word_1_583' title='bbox 2106 2171 2264 2221; x_wconf 85' lang='lat' dir='ltr'>Principe</span> 
     </span>
     <span class='ocr_line' id='line_1_76' title="bbox 1240 2219 2265 2275; baseline -0.001 -16"><span class='ocrx_word' id='word_1_584' title='bbox 1240 2224 1380 2260; x_wconf 87' lang='lat' dir='ltr'>veniam</span> <span class='ocrx_word' id='word_1_585' title='bbox 1409 2221 1653 2275; x_wconf 74' lang='lat' dir='ltr'>impetrassent.</span> <span class='ocrx_word' id='word_1_586' title='bbox 1711 2220 1879 2272; x_wconf 88' lang='lat' dir='ltr'>Vopiscus</span> <span class='ocrx_word' id='word_1_587' title='bbox 1902 2221 1937 2257; x_wconf 88' lang='lat' dir='ltr'>in</span> <span class='ocrx_word' id='word_1_588' title='bbox 1964 2219 2112 2257; x_wconf 86' lang='lat' dir='ltr'>Probo:</span> <span class='ocrx_word' id='word_1_589' title='bbox 2155 2221 2265 2258; x_wconf 78' lang='lat' dir='ltr'>Gallis</span> 
     </span>
     <span class='ocr_line' id='line_1_77' title="bbox 1240 2269 2262 2324; baseline -0.001 -15"><span class='ocrx_word' id='word_1_590' title='bbox 1240 2274 1392 2311; x_wconf 76' lang='lat' dir='ltr'>omnibus</span> <span class='ocrx_word' id='word_1_591' title='bbox 1408 2274 1460 2318; x_wconf 69' lang='lat'>&amp;³</span> <span class='ocrx_word' id='word_1_592' title='bbox 1482 2275 1638 2324; x_wconf 75' lang='lat' dir='ltr'>Hispanis</span> <span class='ocrx_word' id='word_1_593' title='bbox 1661 2286 1701 2309; x_wconf 83' lang='lat' dir='ltr'>ac</span> <span class='ocrx_word' id='word_1_594' title='bbox 1721 2273 1900 2308; x_wconf 74' lang='lat' dir='ltr'>Britannis</span> <span class='ocrx_word' id='word_1_595' title='bbox 1924 2271 1978 2307; x_wconf 83' lang='lat' dir='ltr'>hic</span> <span class='ocrx_word' id='word_1_596' title='bbox 2000 2269 2152 2319; x_wconf 82' lang='lat' dir='ltr'>permisit</span> <span class='ocrx_word' id='word_1_597' title='bbox 2169 2300 2181 2315; x_wconf 88' lang='lat'>‚</span> <span class='ocrx_word' id='word_1_598' title='bbox 2222 2282 2262 2308; x_wconf 84' lang='lat' dir='ltr'>ut</span> 
     </span>
     <span class='ocr_line' id='line_1_78' title="bbox 1240 2321 2259 2373; baseline -0.001 -13"><span class='ocrx_word' id='word_1_599' title='bbox 1240 2326 1328 2361; x_wconf 83' lang='lat' dir='ltr'>vites</span> <span class='ocrx_word' id='word_1_600' title='bbox 1354 2324 1516 2362; x_wconf 79' lang='lat' dir='ltr'>haberent</span> <span class='ocrx_word' id='word_1_601' title='bbox 1542 2325 1731 2373; x_wconf 78' lang='lat' dir='ltr'>vinumque</span> <span class='ocrx_word' id='word_1_602' title='bbox 1756 2321 1958 2369; x_wconf 85' lang='lat' dir='ltr'>conficerent.</span> <span class='ocrx_word' id='word_1_603' title='bbox 2015 2323 2197 2372; x_wconf 80' lang='lat' dir='ltr'>Eutropius</span> <span class='ocrx_word' id='word_1_604' title='bbox 2223 2322 2259 2359; x_wconf 89' lang='lat' dir='ltr'>in</span> 
     </span>
     <span class='ocr_line' id='line_1_79' title="bbox 1239 2370 2255 2419; baseline -0.002 -8"><span class='ocrx_word' id='word_1_605' title='bbox 1239 2375 1368 2412; x_wconf 88' lang='lat' dir='ltr'>eodem</span> <span class='ocrx_word' id='word_1_606' title='bbox 1387 2391 1398 2413; x_wconf 67' lang='grc' dir='ltr'>ε</span> <span class='ocrx_word' id='word_1_607' title='bbox 1426 2379 1543 2412; x_wconf 71' lang='lat' dir='ltr'>Vincas</span> <span class='ocrx_word' id='word_1_608' title='bbox 1562 2375 1672 2410; x_wconf 77' lang='lat' dir='ltr'>Gallos</span> <span class='ocrx_word' id='word_1_609' title='bbox 1690 2371 1742 2416; x_wconf 52' lang='grc' dir='ltr'>δ’</span> <span class='ocrx_word' id='word_1_610' title='bbox 1758 2374 1945 2408; x_wconf 69' lang='lat' dir='ltr'>Pannonios</span> <span class='ocrx_word' id='word_1_611' title='bbox 1961 2370 2082 2407; x_wconf 73' lang='lat' dir='ltr'>hahere</span> <span class='ocrx_word' id='word_1_612' title='bbox 2094 2371 2255 2419; x_wconf 76' lang='lat' dir='ltr'>permt&#39;fit.</span> 
     </span>
     <span class='ocr_line' id='line_1_80' title="bbox 1238 2421 2258 2475; baseline -0.004 -13"><span class='ocrx_word' id='word_1_613' title='bbox 1238 2439 1308 2475; x_wconf 91' lang='lat' dir='ltr'>quo</span> <span class='ocrx_word' id='word_1_614' title='bbox 1327 2426 1406 2464; x_wconf 93' lang='lat' dir='ltr'>loco</span> <span class='ocrx_word' id='word_1_615' title='bbox 1422 2426 1559 2463; x_wconf 79' lang='lat' dir='ltr'>ridicula</span> <span class='ocrx_word' id='word_1_616' title='bbox 1577 2425 1624 2461; x_wconf 87' lang='lat' dir='ltr'>est</span> <span class='ocrx_word' id='word_1_617' title='bbox 1642 2424 1766 2460; x_wconf 78' lang='lat' dir='ltr'>Paeanii</span> <span class='ocrx_word' id='word_1_618' title='bbox 1783 2422 1953 2473; x_wconf 84' lang='lat' dir='ltr'>appendix</span> <span class='ocrx_word' id='word_1_619' title='bbox 1973 2421 2017 2457; x_wconf 88' lang='lat' dir='ltr'>ad</span> <span class='ocrx_word' id='word_1_620' title='bbox 2036 2422 2142 2460; x_wconf 85' lang='lat' dir='ltr'>verba</span> <span class='ocrx_word' id='word_1_621' title='bbox 2163 2422 2258 2471; x_wconf 89' lang='lat' dir='ltr'>supe-</span> 
     </span>
     <span class='ocr_line' id='line_1_81' title="bbox 1236 2471 2253 2523; baseline -0.002 -11"><span class='ocrx_word' id='word_1_622' title='bbox 1236 2478 1347 2519; x_wconf 76' lang='lat' dir='ltr'>riora,</span> <span class='ocrx_word' id='word_1_623' title='bbox 1373 2476 1459 2514; x_wconf 65' lang='grc' dir='ltr'>ἕπω</span> <span class='ocrx_word' id='word_1_624' title='bbox 1480 2477 1632 2523; x_wconf 75' lang='grc' dir='ltr'>πρότερον</span> <span class='ocrx_word' id='word_1_625' title='bbox 1650 2476 1733 2511; x_wconf 53' lang='lat' dir='ltr'>egeto</span> <span class='ocrx_word' id='word_1_626' title='bbox 1755 2473 1874 2510; x_wconf 63' lang='grc' dir='ltr'>εἰδότι.</span> <span class='ocrx_word' id='word_1_627' title='bbox 1891 2471 1987 2522; x_wconf 71' lang='lat' dir='ltr'>qua-fi</span> <span class='ocrx_word' id='word_1_628' title='bbox 2007 2483 2085 2508; x_wconf 73' lang='lat' dir='ltr'>ante</span> <span class='ocrx_word' id='word_1_629' title='bbox 2096 2473 2253 2512; x_wconf 79' lang='lat' dir='ltr'>Probum</span> 
     </span>
     <span class='ocr_line' id='line_1_82' title="bbox 1237 2524 1790 2565; baseline -0.005 0"><span class='ocrx_word' id='word_1_630' title='bbox 1237 2528 1354 2565; x_wconf 87' lang='lat' dir='ltr'>vineas</span> <span class='ocrx_word' id='word_1_631' title='bbox 1371 2528 1483 2564; x_wconf 87' lang='lat' dir='ltr'>colere</span> <span class='ocrx_word' id='word_1_632' title='bbox 1500 2526 1676 2562; x_wconf 84' lang='lat' dir='ltr'>nescierint</span> <span class='ocrx_word' id='word_1_633' title='bbox 1691 2524 1790 2562; x_wconf 76' lang='lat' dir='ltr'>Galli.</span> 
     </span>
    </p>

    <p class='ocr_par' dir='ltr' id='par_1_17' title="bbox 1234 2572 2250 2724">
     <span class='ocr_line' id='line_1_83' title="bbox 1288 2572 2250 2625; baseline -0.004 -12"><span class='ocrx_word' id='word_1_634' title='bbox 1288 2579 1464 2613; x_wconf 76' lang='lat' dir='ltr'>Geminam·</span> <span class='ocrx_word' id='word_1_635' title='bbox 1477 2578 1638 2625; x_wconf 83' lang='lat' dir='ltr'>legionum</span> <span class='ocrx_word' id='word_1_636' title='bbox 1657 2575 1763 2621; x_wconf 70' lang='lat' dir='ltr'>castra</span> <span class='ocrx_word' id='word_1_637' title='bbox 1772 2573 1956 2623; x_wconf 76' lang='lat' dir='ltr'>pro-hibuit.</span> <span class='ocrx_word' id='word_1_638' title='bbox 1972 2574 1986 2619; x_wconf 92' lang='lat'>]</span> <span class='ocrx_word' id='word_1_639' title='bbox 2017 2572 2111 2619; x_wconf 83' lang='lat' dir='ltr'>Quid</span> <span class='ocrx_word' id='word_1_640' title='bbox 2131 2572 2179 2610; x_wconf 86' lang='lat' dir='ltr'>est</span> <span class='ocrx_word' id='word_1_641' title='bbox 2189 2587 2250 2624; x_wconf 81' lang='lat' dir='ltr'>ge-</span> 
     </span>
     <span class='ocr_line' id='line_1_84' title="bbox 1236 2621 2247 2675; baseline -0.002 -13"><span class='ocrx_word' id='word_1_642' title='bbox 1236 2627 1358 2662; x_wconf 87' lang='lat' dir='ltr'>minari</span> <span class='ocrx_word' id='word_1_643' title='bbox 1377 2627 1482 2664; x_wconf 86' lang='lat' dir='ltr'>castra</span> <span class='ocrx_word' id='word_1_644' title='bbox 1501 2631 1511 2664; x_wconf 71' lang='lat'>3</span> <span class='ocrx_word' id='word_1_645' title='bbox 1541 2630 1578 2663; x_wconf 70' lang='grc' dir='ltr'>ὃ(</span> <span class='ocrx_word' id='word_1_646' title='bbox 1594 2639 1670 2675; x_wconf 80' lang='lat' dir='ltr'>quae</span> <span class='ocrx_word' id='word_1_647' title='bbox 1690 2626 1773 2675; x_wconf 75' lang='lat' dir='ltr'>legis</span> <span class='ocrx_word' id='word_1_648' title='bbox 1792 2625 1890 2670; x_wconf 79' lang='lat' dir='ltr'>hujus</span> <span class='ocrx_word' id='word_1_649' title='bbox 1904 2621 2013 2660; x_wconf 66' lang='lat' dir='ltr'>cauffa</span> <span class='ocrx_word' id='word_1_650' title='bbox 2033 2627 2043 2661; x_wconf 72' lang='grc' dir='ltr'><strong>ἒ</strong></span> <span class='ocrx_word' id='word_1_651' title='bbox 2081 2626 2169 2660; x_wconf 87' lang='lat' dir='ltr'>Puto</span> <span class='ocrx_word' id='word_1_652' title='bbox 2188 2638 2247 2675; x_wconf 83' lang='lat' dir='ltr'>ge-</span> 
     </span>
     <span class='ocr_line' id='line_1_85' title="bbox 1234 2675 2246 2724; baseline 0 -12"><span class='ocrx_word' id='word_1_653' title='bbox 1234 2678 1356 2714; x_wconf 82' lang='lat' dir='ltr'>minari</span> <span class='ocrx_word' id='word_1_654' title='bbox 1385 2677 1489 2713; x_wconf 84' lang='lat' dir='ltr'>castra</span> <span class='ocrx_word' id='word_1_655' title='bbox 1514 2677 1608 2720; x_wconf 89' lang='lat' dir='ltr'>dici,</span> <span class='ocrx_word' id='word_1_656' title='bbox 1641 2689 1712 2712; x_wconf 91' lang='lat' dir='ltr'>non</span> <span class='ocrx_word' id='word_1_657' title='bbox 1731 2705 1744 2720; x_wconf 90' lang='lat'><em>,</em></span> <span class='ocrx_word' id='word_1_658' title='bbox 1790 2687 1826 2712; x_wconf 82' lang='lat' dir='ltr'>ut</span> <span class='ocrx_word' id='word_1_659' title='bbox 1860 2675 1998 2711; x_wconf 82' lang='lat' dir='ltr'>censent</span> <span class='ocrx_word' id='word_1_660' title='bbox 2025 2675 2246 2724; x_wconf 81' lang='lat' dir='ltr'>interpretes,</span> 
     </span>
    </p>
   </div>
   <div class='ocr_carea' id='block_1_13' title="bbox 167 2723 2247 2826">
    <p class='ocr_par' dir='ltr' id='par_1_18' title="bbox 167 2723 2247 2826">
     <span class='ocr_line' id='line_1_86' title="bbox 167 2723 2246 2777; baseline -0.001 -14"><span class='ocrx_word' id='word_1_661' title='bbox 167 2737 226 2763; x_wconf 79' lang='lat' dir='ltr'>tur</span> <span class='ocrx_word' id='word_1_662' title='bbox 250 2738 327 2777; x_wconf 89' lang='lat' dir='ltr'>pars</span> <span class='ocrx_word' id='word_1_663' title='bbox 352 2725 495 2763; x_wconf 83' lang='lat' dir='ltr'>dimidia</span> <span class='ocrx_word' id='word_1_664' title='bbox 522 2723 601 2775; x_wconf 87' lang='lat' dir='ltr'>ipsis</span> <span class='ocrx_word' id='word_1_665' title='bbox 622 2723 838 2768; x_wconf 83' lang='lat' dir='ltr'>servaretur,</span> <span class='ocrx_word' id='word_1_666' title='bbox 872 2739 917 2762; x_wconf 89' lang='lat' dir='ltr'>ne</span> <span class='ocrx_word' id='word_1_667' title='bbox 943 2726 1099 2765; x_wconf 79' lang='lat' dir='ltr'>inutiliter</span> <span class='ocrx_word' id='word_1_668' title='bbox 1128 2727 1184 2764; x_wconf 85' lang='lat' dir='ltr'>sua</span> <span class='ocrx_word' id='word_1_669' title='bbox 1231 2740 1311 2764; x_wconf 89' lang='lat' dir='ltr'>cum</span> <span class='ocrx_word' id='word_1_670' title='bbox 1329 2741 1371 2764; x_wconf 86' lang='lat' dir='ltr'>ex</span> <span class='ocrx_word' id='word_1_671' title='bbox 1386 2729 1491 2766; x_wconf 86' lang='lat' dir='ltr'>veteri</span> <span class='ocrx_word' id='word_1_672' title='bbox 1506 2740 1608 2765; x_wconf 87' lang='lat' dir='ltr'>more</span> <span class='ocrx_word' id='word_1_673' title='bbox 1625 2741 1690 2777; x_wconf 90' lang='lat' dir='ltr'>pro</span> <span class='ocrx_word' id='word_1_674' title='bbox 1705 2725 1888 2763; x_wconf 75' lang='lat' dir='ltr'>occasione</span> <span class='ocrx_word' id='word_1_675' title='bbox 1908 2724 2030 2762; x_wconf 84' lang='lat' dir='ltr'>fierent</span> <span class='ocrx_word' id='word_1_676' title='bbox 2055 2728 2190 2771; x_wconf 81' lang='lat' dir='ltr'>majora</span> <span class='ocrx_word' id='word_1_677' title='bbox 2208 2729 2246 2762; x_wconf 70' lang='grc' dir='ltr'>ὃς</span> 
     </span>
     <span class='ocr_line' id='line_1_87' title="bbox 171 2773 2247 2826; baseline 0 -13"><span class='ocrx_word' id='word_1_678' title='bbox 171 2776 391 2815; x_wconf 82' lang='lat' dir='ltr'>absumerent</span> <span class='ocrx_word' id='word_1_679' title='bbox 408 2805 419 2821; x_wconf 96' lang='lat'><em>‚</em></span> <span class='ocrx_word' id='word_1_680' title='bbox 457 2779 495 2812; x_wconf 75' lang='grc' dir='ltr'>ὅ(</span> <span class='ocrx_word' id='word_1_681' title='bbox 521 2773 666 2824; x_wconf 76' lang='lat' dir='ltr'>depositi</span> <span class='ocrx_word' id='word_1_682' title='bbox 692 2788 872 2812; x_wconf 89' lang='lat' dir='ltr'>memores</span> <span class='ocrx_word' id='word_1_683' title='bbox 900 2775 997 2825; x_wconf 77' lang='lat' dir='ltr'>signa</span> <span class='ocrx_word' id='word_1_684' title='bbox 1024 2790 1098 2815; x_wconf 89' lang='lat' dir='ltr'>non</span> <span class='ocrx_word' id='word_1_685' title='bbox 1128 2776 1187 2814; x_wconf 60' lang='lat' dir='ltr'>dess</span> <span class='ocrx_word' id='word_1_686' title='bbox 1231 2779 1368 2815; x_wconf 86' lang='lat' dir='ltr'>minora</span> <span class='ocrx_word' id='word_1_687' title='bbox 1390 2794 1400 2816; x_wconf 72' lang='grc' dir='ltr'><strong><em>ε</em></strong></span> <span class='ocrx_word' id='word_1_688' title='bbox 1441 2778 1498 2815; x_wconf 88' lang='lat' dir='ltr'>sed</span> <span class='ocrx_word' id='word_1_689' title='bbox 1525 2792 1606 2815; x_wconf 86' lang='lat' dir='ltr'>cum</span> <span class='ocrx_word' id='word_1_690' title='bbox 1633 2778 1709 2814; x_wconf 83' lang='lat' dir='ltr'>duae</span> <span class='ocrx_word' id='word_1_691' title='bbox 1744 2777 1897 2826; x_wconf 74' lang='lat' dir='ltr'>legiones</span> <span class='ocrx_word' id='word_1_692' title='bbox 1925 2788 2053 2813; x_wconf 89' lang='lat' dir='ltr'>coeunt</span> <span class='ocrx_word' id='word_1_693' title='bbox 2077 2777 2111 2813; x_wconf 91' lang='lat' dir='ltr'>in</span> <span class='ocrx_word' id='word_1_694' title='bbox 2136 2789 2247 2814; x_wconf 81' lang='lat' dir='ltr'>unum</span> 
     </span>
    </p>
   </div>
   <div class='ocr_carea' id='block_1_14' title="bbox 173 2827 331 2865">
    <p class='ocr_par' dir='ltr' id='par_1_19' title="bbox 173 2827 331 2865">
     <span class='ocr_line' id='line_1_88' title="bbox 173 2827 331 2865; baseline 0 0"><span class='ocrx_word' id='word_1_695' title='bbox 173 2827 331 2865; x_wconf 84' lang='lat' dir='ltr'>sererent.</span> 
     </span>
    </p>
   </div>
   <div class='ocr_carea' id='block_1_15' title="bbox 389 2826 2246 2878">
    <p class='ocr_par' dir='ltr' id='par_1_20' title="bbox 389 2826 2246 2878">
     <span class='ocr_line' id='line_1_89' title="bbox 389 2826 2246 2878; baseline -0.001 -14"><span class='ocrx_word' id='word_1_696' title='bbox 389 2827 611 2864; x_wconf 85' lang='lat' dir='ltr'>Domitianus</span> <span class='ocrx_word' id='word_1_697' title='bbox 637 2838 757 2862; x_wconf 85' lang='lat' dir='ltr'>tamen</span> <span class='ocrx_word' id='word_1_698' title='bbox 782 2826 867 2862; x_wconf 84' lang='lat' dir='ltr'>ultra</span> <span class='ocrx_word' id='word_1_699' title='bbox 893 2827 987 2864; x_wconf 90' lang='lat' dir='ltr'>mille</span> <span class='ocrx_word' id='word_1_700' title='bbox 1017 2840 1188 2866; x_wconf 89' lang='lat' dir='ltr'>nummos</span> <span class='ocrx_word' id='word_1_701' title='bbox 1232 2828 1348 2866; x_wconf 88' lang='lat' dir='ltr'>locum</span> <span class='ocrx_word' id='word_1_702' title='bbox 1365 2858 1377 2872; x_wconf 93' lang='lat'>‚</span> <span class='ocrx_word' id='word_1_703' title='bbox 1423 2833 1461 2866; x_wconf 75' lang='grc' dir='ltr'>δε</span> <span class='ocrx_word' id='word_1_704' title='bbox 1490 2829 1595 2866; x_wconf 79' lang='lat' dir='ltr'>castm</span> <span class='ocrx_word' id='word_1_705' title='bbox 1620 2841 1715 2865; x_wconf 81' lang='lat' dir='ltr'>una:</span> <span class='ocrx_word' id='word_1_706' title='bbox 1757 2828 1851 2877; x_wconf 86' lang='lat' dir='ltr'>quod</span> <span class='ocrx_word' id='word_1_707' title='bbox 1880 2826 2014 2876; x_wconf 88' lang='lat' dir='ltr'>semper</span> <span class='ocrx_word' id='word_1_708' title='bbox 2041 2829 2246 2878; x_wconf 81' lang='lat' dir='ltr'>experientia</span> 
     </span>
    </p>
   </div>
   <div class='ocr_carea' id='block_1_16' title="bbox 161 2875 2249 3084">
    <p class='ocr_par' dir='ltr' id='par_1_21' title="bbox 161 2875 2249 3084">
     <span class='ocr_line' id='line_1_90' title="bbox 164 2875 2246 2930; baseline -0.001 -15"><span class='ocrx_word' id='word_1_709' title='bbox 164 2877 299 2929; x_wconf 77' lang='lat' dir='ltr'>deponi</span> <span class='ocrx_word' id='word_1_710' title='bbox 317 2878 434 2916; x_wconf 91' lang='lat' dir='ltr'>noluit.</span> <span class='ocrx_word' id='word_1_711' title='bbox 484 2877 635 2914; x_wconf 87' lang='lat' dir='ltr'>Causam</span> <span class='ocrx_word' id='word_1_712' title='bbox 650 2875 778 2913; x_wconf 89' lang='lat' dir='ltr'>addidit</span> <span class='ocrx_word' id='word_1_713' title='bbox 795 2879 933 2915; x_wconf 85' lang='lat' dir='ltr'>Sueton.</span> <span class='ocrx_word' id='word_1_714' title='bbox 991 2878 1186 2916; x_wconf 80' lang='lat' dir='ltr'>AtPescen-</span> <span class='ocrx_word' id='word_1_715' title='bbox 1231 2879 1346 2916; x_wconf 91' lang='lat' dir='ltr'>docuit</span> <span class='ocrx_word' id='word_1_716' title='bbox 1366 2878 1431 2917; x_wconf 79' lang='lat' dir='ltr'>effe</span> <span class='ocrx_word' id='word_1_717' title='bbox 1452 2879 1687 2930; x_wconf 88' lang='lat' dir='ltr'>periculosum.</span> <span class='ocrx_word' id='word_1_718' title='bbox 1724 2877 1796 2915; x_wconf 87' lang='lat' dir='ltr'>fere</span> <span class='ocrx_word' id='word_1_719' title='bbox 1826 2879 1921 2914; x_wconf 92' lang='lat' dir='ltr'>enim</span> <span class='ocrx_word' id='word_1_720' title='bbox 1942 2879 2058 2924; x_wconf 81' lang='lat' dir='ltr'>secuta</span> <span class='ocrx_word' id='word_1_721' title='bbox 2085 2880 2246 2914; x_wconf 79' lang='lat' dir='ltr'>exercitus</span> 
     </span>
     <span class='ocr_line' id='line_1_91' title="bbox 172 2927 2249 2980; baseline -0.001 -13"><span class='ocrx_word' id='word_1_722' title='bbox 172 2929 246 2967; x_wconf 85' lang='lat' dir='ltr'>nius</span> <span class='ocrx_word' id='word_1_723' title='bbox 265 2930 376 2979; x_wconf 81' lang='lat' dir='ltr'>Niger</span> <span class='ocrx_word' id='word_1_724' title='bbox 401 2928 526 2968; x_wconf 87' lang='lat' dir='ltr'>milites</span> <span class='ocrx_word' id='word_1_725' title='bbox 551 2927 628 2965; x_wconf 89' lang='lat' dir='ltr'>suos</span> <span class='ocrx_word' id='word_1_726' title='bbox 654 2929 760 2965; x_wconf 88' lang='lat' dir='ltr'>ituros</span> <span class='ocrx_word' id='word_1_727' title='bbox 793 2928 828 2964; x_wconf 89' lang='lat' dir='ltr'>in</span> <span class='ocrx_word' id='word_1_728' title='bbox 864 2929 1018 2979; x_wconf 81' lang='lat' dir='ltr'>praelium</span> <span class='ocrx_word' id='word_1_729' title='bbox 1041 2942 1185 2974; x_wconf 86' lang='lat' dir='ltr'>aurum,</span> <span class='ocrx_word' id='word_1_730' title='bbox 1218 2930 1342 2977; x_wconf 79' lang='lat' dir='ltr'>seditio</span> <span class='ocrx_word' id='word_1_731' title='bbox 1359 2959 1370 2974; x_wconf 94' lang='lat'><em>,</em></span> <span class='ocrx_word' id='word_1_732' title='bbox 1390 2930 1448 2979; x_wconf 83' lang='lat' dir='ltr'>qui</span> <span class='ocrx_word' id='word_1_733' title='bbox 1461 2930 1655 2980; x_wconf 78' lang='lat' dir='ltr'>plerumque</span> <span class='ocrx_word' id='word_1_734' title='bbox 1664 2929 1900 2976; x_wconf 81' lang='lat' dir='ltr'>contemplatus</span> <span class='ocrx_word' id='word_1_735' title='bbox 1909 2927 2249 2977; x_wconf 82' lang='lat' dir='ltr'>frequentiamsuam</span> 
     </span>
     <span class='ocr_line' id='line_1_92' title="bbox 173 2977 2245 3032; baseline -0.001 -16"><span class='ocrx_word' id='word_1_736' title='bbox 173 2991 399 3030; x_wconf 86' lang='lat' dir='ltr'>argentumve</span> <span class='ocrx_word' id='word_1_737' title='bbox 415 2977 510 3031; x_wconf 86' lang='lat' dir='ltr'>quod</span> <span class='ocrx_word' id='word_1_738' title='bbox 531 2981 566 3016; x_wconf 92' lang='lat' dir='ltr'>in</span> <span class='ocrx_word' id='word_1_739' title='bbox 583 2980 681 3016; x_wconf 91' lang='lat' dir='ltr'>zonis</span> <span class='ocrx_word' id='word_1_740' title='bbox 702 2991 876 3030; x_wconf 82' lang='lat' dir='ltr'>portarent</span> <span class='ocrx_word' id='word_1_741' title='bbox 893 3008 905 3023; x_wconf 96' lang='lat'><em>,</em></span> <span class='ocrx_word' id='word_1_742' title='bbox 933 2981 1067 3032; x_wconf 89' lang='lat' dir='ltr'>publice</span> <span class='ocrx_word' id='word_1_743' title='bbox 1087 2993 1185 3017; x_wconf 87' lang='lat' dir='ltr'>com-</span> <span class='ocrx_word' id='word_1_744' title='bbox 1230 2993 1253 3016; x_wconf 84' lang='lat' dir='ltr'><em>a</em></span> <span class='ocrx_word' id='word_1_745' title='bbox 1267 2981 1442 3030; x_wconf 73' lang='lat' dir='ltr'>disciplina</span> <span class='ocrx_word' id='word_1_746' title='bbox 1461 2981 1622 3030; x_wconf 65' lang='lat' dir='ltr'>desciscit,</span> <span class='ocrx_word' id='word_1_747' title='bbox 1654 2982 1699 3016; x_wconf 82' lang='lat' dir='ltr'>ait</span> <span class='ocrx_word' id='word_1_748' title='bbox 1723 2980 1877 3025; x_wconf 74' lang='lat' dir='ltr'>Velleius</span> <span class='ocrx_word' id='word_1_749' title='bbox 1893 2979 2088 3022; x_wconf 78' lang='lat' dir='ltr'>vei-illime,</span> <span class='ocrx_word' id='word_1_750' title='bbox 2116 2982 2153 3015; x_wconf 73' lang='grc' dir='ltr'>ὅ(</span> <span class='ocrx_word' id='word_1_751' title='bbox 2174 2979 2245 3014; x_wconf 90' lang='lat' dir='ltr'>Dio</span> 
     </span>
     <span class='ocr_line' id='line_1_93' title="bbox 161 3025 2245 3084; baseline -0 -19"><span class='ocrx_word' id='word_1_752' title='bbox 161 3029 340 3073; x_wconf 59' lang='lat' dir='ltr'>‚mendare</span> <span class='ocrx_word' id='word_1_753' title='bbox 373 3025 462 3081; x_wconf 75' lang='lat' dir='ltr'>justit</span> <span class='ocrx_word' id='word_1_754' title='bbox 484 3060 496 3077; x_wconf 83' lang='lat'>‚</span> <span class='ocrx_word' id='word_1_755' title='bbox 545 3042 740 3082; x_wconf 85' lang='lat' dir='ltr'>recepturos</span> <span class='ocrx_word' id='word_1_756' title='bbox 766 3031 842 3083; x_wconf 80' lang='lat' dir='ltr'>post</span> <span class='ocrx_word' id='word_1_757' title='bbox 867 3033 983 3081; x_wconf 81' lang='lat' dir='ltr'>praelia</span> <span class='ocrx_word' id='word_1_758' title='bbox 1009 3032 1104 3084; x_wconf 87' lang='lat' dir='ltr'>quod</span> <span class='ocrx_word' id='word_1_759' title='bbox 1129 3031 1188 3071; x_wconf 90' lang='lat' dir='ltr'>de-</span> <span class='ocrx_word' id='word_1_760' title='bbox 1231 3044 1369 3081; x_wconf 89' lang='lat' dir='ltr'>quoque</span> <span class='ocrx_word' id='word_1_761' title='bbox 1386 3030 1445 3068; x_wconf 89' lang='lat' dir='ltr'>lib.</span> <span class='ocrx_word' id='word_1_762' title='bbox 1459 3044 1559 3070; x_wconf 74' lang='lat' dir='ltr'>xtix.</span> <span class='ocrx_word' id='word_1_763' title='bbox 1589 3031 1712 3068; x_wconf 77' lang='lat' dir='ltr'>milites</span> <span class='ocrx_word' id='word_1_764' title='bbox 1731 3059 1743 3074; x_wconf 86' lang='lat'><strong><em>,</em></strong></span> <span class='ocrx_word' id='word_1_765' title='bbox 1770 3031 1901 3081; x_wconf 83' lang='lat' dir='ltr'>inquit,</span> <span class='ocrx_word' id='word_1_766' title='bbox 1926 3029 2005 3076; x_wconf 65' lang='grc' dir='ltr'>πρὶς</span> <span class='ocrx_word' id='word_1_767' title='bbox 2021 3027 2178 3074; x_wconf 66' lang='grc' dir='ltr'>,τῆνὸ-ψιν</span> <span class='ocrx_word' id='word_1_768' title='bbox 2198 3028 2245 3064; x_wconf 72' lang='grc' dir='ltr'><em>τὲ</em></span> 
     </span>
    </p>
   </div>
   <div class='ocr_carea' id='block_1_17' title="bbox 131 3076 309 3136">
    <p class='ocr_par' dir='ltr' id='par_1_22' title="bbox 131 3076 309 3136">
     <span class='ocr_line' id='line_1_94' title="bbox 131 3076 309 3136; baseline 0.022 -22"><span class='ocrx_word' id='word_1_769' title='bbox 131 3107 137 3114; x_wconf 75' lang='grc'>,</span> <span class='ocrx_word' id='word_1_770' title='bbox 154 3076 309 3136; x_wconf 43' lang='lat'>&amp;33⁰5-</span> 
     </span>
    </p>
   </div>
   <div class='ocr_carea' id='block_1_18' title="bbox 1233 3079 2246 3130">
    <p class='ocr_par' dir='ltr' id='par_1_23' title="bbox 1233 3079 2246 3130">
     <span class='ocr_line' id='line_1_95' title="bbox 1233 3079 2246 3130; baseline -0.002 -10"><span class='ocrx_word' id='word_1_771' title='bbox 1233 3080 1368 3125; x_wconf 65' lang='grc' dir='ltr'>πλήθες</span> <span class='ocrx_word' id='word_1_772' title='bbox 1387 3082 1480 3129; x_wconf 65' lang='grc' dir='ltr'>σφῶν</span> <span class='ocrx_word' id='word_1_773' title='bbox 1502 3082 1736 3129; x_wconf 68' lang='grc' dir='ltr'>θρασύνονται.</span> <span class='ocrx_word' id='word_1_774' title='bbox 1763 3081 1841 3119; x_wconf 90' lang='lat' dir='ltr'>ideo</span> <span class='ocrx_word' id='word_1_775' title='bbox 1853 3079 2060 3120; x_wconf 83' lang='lat' dir='ltr'>seditionem</span> <span class='ocrx_word' id='word_1_776' title='bbox 2076 3091 2246 3130; x_wconf 75' lang='lat' dir='ltr'>parantes,</span> 
     </span>
    </p>
   </div>
   <div class='ocr_carea' id='block_1_19' title="bbox 1669 3129 2254 3183">
    <p class='ocr_par' dir='ltr' id='par_1_24' title="bbox 1669 3129 2254 3183">
     <span class='ocr_line' id='line_1_96' title="bbox 1669 3129 2254 3183; baseline -0.005 -16"><span class='ocrx_word' id='word_1_777' title='bbox 1669 3135 1736 3182; x_wconf 75' lang='lat' dir='ltr'>Qq</span> <span class='ocrx_word' id='word_1_778' title='bbox 1745 3145 1768 3182; x_wconf 86' lang='lat' dir='ltr'>q</span> <span class='ocrx_word' id='word_1_779' title='bbox 1779 3145 1802 3183; x_wconf 89' lang='lat' dir='ltr'>q</span> <span class='ocrx_word' id='word_1_780' title='bbox 2123 3129 2254 3178; x_wconf 80' lang='lat' dir='ltr'>aquilas</span> 
     </span>
    </p>
   </div>
  </div>
 </body>
</html>
