2504 3425
712 143 1674 201 INGSuE-r0N1uM.
2156 169 2226 223 97

164 242 241 297 sui
265 238 568 294 levissimum
584 238 818 311 captabat
831 237 1133 310 applausum
1149 277 1165 302 ‚
1201 237 1287 292 sed
1303 238 1392 292 fibi
1410 238 1460 291 in
1476 239 1691 312 longum
1706 250 1909 311 tempus
1934 275 1951 302 ‚
1988 237 2113 294 dum
2129 255 2234 296 tur-

165 317 234 368 ris
258 313 345 367 illa
360 312 534 377 staret,
574 311 944 384 prospiciebat,
983 313 1128 382 quod
1145 312 1283 364 idem
1296 311 1367 365 est
1382 314 1433 364 in
1451 312 1654 365 historia
1669 310 2030 383 aspiciendum.
2100 315 2233 367 Prae-

165 387 289 441 stare
314 400 485 439 autem
515 385 779 440 Historico
805 403 1082 456 perennem
1107 384 1310 437 laudem
1340 386 1520 437 veritas
1546 386 1595 436 in
1626 386 1802 456 primis
1816 387 2022 456 poterit.
2101 389 2230 439 bunt

158 462 302 513 enim
334 457 523 533 posteri
549 476 713 512 rerum
742 456 1041 528 scriptarum
1071 458 1300 520 acerrimi
1321 458 1521 528 judices
1537 494 1552 519 ,
1591 462 1643 510 &
1673 455 1953 527 quiafalfis
1967 459 2229 529 aequedis-

161 547 369 589 cernant
396 550 540 594 vera,
577 546 731 602 atque
755 547 933 582 aurum
961 546 1146 599 purum
1177 527 1328 581 facile
1356 531 1546 600 peritus
1572 531 1874 602 argentarius
1899 531 1962 582 ab
1987 532 2228 584 adulteri·

159 626 233 660 no
258 604 535 680 dignoscat.
613 603 874 674 Quocirca
887 614 1085 652 tantum
1101 600 1235 652 abest
1252 638 1268 662 ,
1307 615 1365 652 ut
1378 598 1462 654 Hic
1482 600 1646 654 noster
1661 605 1940 674 quicquam
1956 603 2036 656 vel
2054 618 2192 657 metu
2209 641 2226 667 ,

158 681 240 733 vel
276 679 446 735 studio
485 676 735 729 adductus
755 713 770 738 ,
810 674 954 727 rebus
983 671 1098 745 ipsis
1123 673 1430 735 detraxerit,
1469 690 1527 725 ut
1543 673 1734 726 Nervae
1748 678 1902 727 etiam
1921 713 1937 738 ,
1977 675 2223 748 Trajani‚

160 753 478 823 Adrianique
508 748 603 801 suae
631 750 790 801 aetatis
815 749 1190 817 Imperatorum
1218 746 1346 798 vitas
1361 759 1521 797 tacere
1536 749 1894 817 praeoptaverit
1910 784 1926 808 ‚
1965 766 2118 818 quam
2135 764 2222 802 aut

155 824 440 896 periculose
467 822 532 875 de
557 821 848 873 viventibus
864 819 993 870 male
1005 817 1212 877 sentire,
1250 830 1335 867 aut
1346 817 1646 869 extollendo
1662 820 1970 887 potentiores
1986 856 2002 882 ,
2040 837 2222 892 parum

154 898 318 953 videri
340 897 469 950 liber
491 923 506 957 3
546 893 630 944 sed
659 908 825 959 neque
850 904 938 941 aut
963 888 1308 942 obscoenitatis
1332 889 1472 957 apud
1499 888 1637 940 hunc
1661 888 1957 958 quisquam,
1998 908 2084 944 aut
2109 913 2222 947 cru-

149 970 377 1023 delitatis
398 964 638 1035 exempla
665 960 981 1015 reformidet.
1059 959 1333 1030 Siquidem
1353 964 1404 1012 &5
1436 960 1821 1012 Lacedaemonii
1874 961 1976 1032 (ut
1989 963 2060 1016 est
2079 967 2219 1036 apud

153 1035 528 1104 Plutarchum)
565 1034 703 1088 soliti
733 1034 886 1087 etiam
901 1046 1040 1085 erant
1054 1050 1142 1103 per
1155 1030 1308 1085 festos
1324 1031 1430 1085 dies
1445 1031 1572 1085 bene
1584 1046 1737 1104 potos
1750 1031 1914 1085 servos
1927 1070 1943 1095 ‚
1983 1048 2136 1105 atque
2150 1055 2218 1091 ex

150 1132 216 1166 eo
237 1132 414 1187 parum
431 1111 502 1164 sui
516 1122 815 1181 compote8‚
853 1122 984 1176 quos
1001 1106 1077 1158 illi
1093 1105 1291 1155 Ἓλωτοις
1306 1105 1559 1158 vocabant
1575 1142 1590 1167 ,
1615 1103 2026 1158 ostendereinter
2037 1110 2219 1161 convi-

151 1187 238 1242 via
258 1225 275 1250 ,
313 1201 470 1259 atque
494 1182 586 1237 illo
609 1180 762 1254 pacto
791 1179 977 1232 docere
1004 1176 1342 1231 adolescentes
1363 1214 1380 1240 ‚
1435 1190 1686 1248 quantum
1720 1179 1771 1230 in
1796 1176 1844 1229 se
1868 1178 1991 1230 mali
2007 1180 2221 1233 ebrietas

149 1261 456 1314 contineret.
532 1255 603 1308 Et
630 1253 912 1308 Thebanus
939 1250 1224 1304 Gismenias
1245 1250 1408 1303 bonos
1423 1263 1577 1319 Juxta
1601 1248 1863 1322 malosque
1890 1250 2123 1305 tibicines
2135 1254 2214 1305 di-

149 1330 360 1406 scipulis
385 1329 681 1391 ostendens,
724 1326 848 1379 Hoc
873 1323 1035 1378 modo
1056 1361 1072 1387 ,
1109 1323 1303 1394 ajebat,
1343 1339 1518 1375 canere
1538 1336 1746 1393 oportet
1762 1360 1779 1386 ‚
1816 1322 1911 1375 illo
1940 1341 2042 1376 non
2060 1343 2220 1396 opor.

147 1418 238 1458 tet.
316 1404 584 1460 Videlicet
611 1399 809 1453 collatae
823 1397 963 1451 vitiis
976 1398 1187 1450 virtutes
1202 1434 1217 1459 ,
1255 1395 1420 1467 magis
1433 1394 1699 1464 aliquanto
1714 1432 1730 1456 ,
1770 1394 1972 1466 quamsi
1996 1394 2216 1452 seorsum

153 1477 460 1550 inspexeris,
486 1472 819 1528 dilucescunt.
864 1471 1025 1524 Fuere
1039 1484 1208 1523 autem
1222 1485 1287 1521 ex
1301 1467 1551 1522 Romanis
1563 1467 1804 1520 omnibus
1819 1468 2217 1539 Imperatoribus

148 1550 301 1603 nimis
331 1568 489 1623 quarn
516 1546 668 1619 pauci
696 1543 1010 1617 probabileS‚
1048 1557 1107 1596 ut
1130 1560 1233 1593 non
1256 1539 1470 1593 ridicule
1496 1559 1523 1592 a
1548 1539 1708 1593 scurra
1745 1540 1974 1610 quodam
1995 1542 2213 1595 mimico

145 1620 347 1676 &stum
379 1623 466 1686 fit,
508 1623 561 1673 in
591 1638 695 1672 uno
720 1617 909 1670 annulo
937 1617 1101 1668 bonos
1129 1631 1306 1666 omnes
1320 1613 1580 1684 principes
1595 1610 1833 1684 perscribi
1852 1611 2015 1683 posse,
2058 1628 2215 1685 atque

146 1694 379 1769 depingi.
459 1694 623 1763 Cujus
652 1690 862 1763 quidem
893 1691 962 1741 rei
992 1688 1163 1740 multae
1181 1687 1230 1737 in
1249 1700 1455 1758 promtu
1472 1683 1627 1737 causae
1641 1684 1784 1747 sunt,
1822 1685 2094 1738 licentiain
2112 1688 2218 1758 pri-

146 1769 275 1831 miS,
316 1787 440 1839 qua,
483 1769 583 1835 (ut
599 1764 855 1818 Comicus
873 1759 1086 1833 inquit)
1110 1760 1381 1812 deteriores
1394 1756 1559 1809 sumus
1590 1778 1599 1809 z
1628 1774 1793 1809 rerum
1806 1756 1994 1809 deinde
2007 1758 2216 1811 affluen-

150 1840 253 1902 tia,
295 1858 410 1911 qua:
437 1856 614 1911 parens
637 1836 961 1890 contumeliae
974 1832 1069 1886 effe
1087 1831 1225 1883 solet.
1303 1831 1483 1900 Itaque
1496 1828 1612 1881 feris
1625 1830 1780 1881 tauris
1795 1827 2217 1882 fasciculosefoe..

149 1930 219 1964 no
248 1914 447 1985 antiqui
473 1910 691 1983 pastores
705 1908 981 1980 alligabant
995 1905 1258 1963 cornibus,
1302 1902 1604 1954 insinuantes
1645 1901 1675 1973 ζ
1690 1916 1746 1953 ut
1760 1901 1888 1954 mihi
1903 1901 2118 1970 quidem
2134 1903 2215 1954 vi-

147 1984 341 2057 detur)
382 1984 516 2038 nulla
542 1983 670 2036 adeo
695 1981 757 2033 ab
783 1980 942 2034 realia
968 1979 1178 2031 nimiam
1208 1976 1349 2027 illam
1377 1973 1622 2027 ferociam
1641 2011 1657 2036 ,
1695 1992 1853 2044 quam
1883 1974 1944 2026 ab
1959 1973 2216 2027 saturitate

148 2059 433 2130 provenire.
513 2056 676 2110 Unde
704 2056 755 2106 in
786 2051 1119 2125 proverbium
1146 2066 1360 2120 quoque
1372 2047 1592 2101 addusta
1609 2063 1680 2098 res
1694 2044 1766 2098 est
1780 2083 1796 2109 ,
1837 2061 1892 2098 ut
1906 2066 2023 2099 cum
2038 2066 2217 2100 caven-

147 2131 276 2184 dum
299 2151 328 2185 a
351 2148 616 2203 quoquam
649 2126 931 2199 significare
959 2124 1195 2180 velimus,
1240 2122 1390 2174 illum
1417 2121 1645 2172 dicamus
1670 2116 1871 2171 foenum
1889 2119 1939 2172 in
1958 2139 2114 2173 cornu
2130 2138 2218 2193 ge-

149 2220 267 2255 rere.
342 2201 778 2260 Posthaecamici‚
819 2197 1008 2260 aulici,
1046 2195 1312 2256 satellites,
1352 2192 1600 2263 improbi,
1634 2189 1856 2250 fauiofi,
1882 2191 2219 2256 detestabileS,

150 2275 203 2327 in
220 2276 444 2344 quodvis
457 2274 652 2326 facinus
664 2271 1022 2342 conspiranteS,
1034 2284 1090 2320 ut
1105 2285 1217 2320 vere
1230 2266 1292 2317 ab
1308 2266 1567 2318 Homulio
1581 2263 1808 2333 quodam
1824 2264 2020 2315 distum
2037 2265 2216 2333 Traja-

150 2364 220 2400 no
232 2347 535 2417 Imperatori
548 2346 646 2399 fuit
660 2382 674 2405 ‚
700 2345 965 2396 meliorem
980 2339 1077 2396 esse
1094 2338 1513 2409 Rempublicam,
1528 2341 1579 2388 ὅτ
1592 2353 1755 2415 prope
1769 2336 2028 2397 tutiorem,
2046 2337 2099 2388 in
2114 2354 2222 2407 qua

155 2421 396 2492 princeps
414 2420 572 2470 malus
583 2417 702 2470 esset
716 2454 731 2478 ,
759 2435 914 2486 quam
931 2434 1006 2477 ea,
1019 2416 1068 2465 in
1087 2432 1186 2482 qua
1201 2410 1296 2462 sint
1310 2411 1462 2462 amici
1477 2409 1724 2480 principis
1742 2407 1889 2459 mali:
1914 2426 2045 2460 unus
2058 2410 2216 2479 quip-

154 2510 220 2564 pe
243 2511 270 2543 a
298 2491 471 2544 multis
499 2489 648 2542 facile
678 2491 975 2558 corrigitur,
1014 2485 1162 2536 multi
1189 2484 1250 2535 ab
1280 2501 1384 2534 uno
1399 2479 1767 2552 superarinulla
1780 2480 1978 2530 ratione
1994 2479 2214 2550 possunt.

155 2565 241 2618 Ad
268 2564 375 2617 haec
403 2562 656 2634 ignoratio
682 2578 844 2611 rerum
873 2558 1124 2609 omnium.
1206 2555 1445 2623 Plerique
1474 2553 1614 2603 enim
1644 2565 1729 2602 aut
1758 2566 2028 2622 rapuerunt
2045 2554 2218 2621 prius,

153 2655 308 2708 quam
334 2648 639 2688 mererentur
662 2632 941 2703 Imperium
967 2666 983 2690 ,
1032 2646 1135 2679 rem
1165 2623 1602 2677 invidiosissimam
1627 2660 1642 2684 ,
1694 2638 1780 2674 aut
1805 2623 1869 2674 ad
1897 2622 2062 2695 ipsum
2090 2639 2218 2677 tem-

153 2708 344 2782 pestate
368 2707 617 2779 quadam,
658 2703 793 2775 quasi
809 2703 870 2754 ad
888 2699 1152 2768 scopulum
1172 2699 1492 2768 impegerunt
1509 2734 1526 2758 ,
1564 2710 1648 2748 aut
1663 2694 1958 2765 impositum
1982 2696 2071 2749 sibi
2087 2698 2219 2749 illud

152 2800 282 2836 onus
310 2782 448 2853 prius
464 2817 478 2842 ,
518 2795 674 2849 quam
702 2777 831 2828 vires
861 2769 1220 2826 consuluiffent
1236 2807 1252 2831 ,
1287 2768 1559 2820 subierunt.
1636 2769 1968 2838 Qiapropter
1981 2784 2036 2821 ut
2050 2769 2219 2822 homi-

156 2872 241 2909 nes
255 2851 517 2924 equitandi
538 2867 714 2923 parum
733 2847 882 2920 periti
902 2885 916 2909 ‚
944 2843 1093 2896 facile
1109 2844 1169 2894 ab
1181 2859 1318 2911 equo
1333 2840 1549 2892 sternace
1563 2841 1909 2902 excutiuntur,
1926 2842 1992 2892 ita
2010 2842 2042 2892 ii
2063 2842 2089 2893 s
2086 2856 2175 2895 unt
2190 2862 2220 2896 a

155 2927 425 3001 principali
443 2924 570 2976 solio
589 2923 731 2975 nullo
745 2919 846 2973 fere
861 2917 1070 2987 negotio
1087 2914 1338 2965 deturbati
1367 2933 1376 2964 ε
1419 2927 1476 2963 ut
1492 2931 1519 2964 a
1536 2913 1735 2983 privato
1752 2912 1918 2965 adhuc
1936 2913 2218 2968 Diocletia-

157 3022 225 3057 no
238 3019 352 3056 vere
368 2999 596 3055 videatur
608 2995 828 3058 dictum,
845 2976 1000 3046 Nihil
1013 2986 1108 3041 effe
1124 2984 1404 3111 difficiliuS,
1424 3003 1578 3055 quam
1595 2986 1720 3038 bene
1738 2986 1996 3058 imperare.
2037 2988 2136 3042 Sed
2152 2987 2219 3039 de

1266 3076 1493 3110 nnnnn
2137 3059 2221 3111 hss
