2504 3425
802 130 1812 208 D.JUL1UsCAESAR.
2323 162 2356 214 9

267 228 357 275 bus.
421 230 539 276 Nam
552 228 723 275 comites
734 227 951 292 servosque
964 241 1132 275 caeteros
1154 230 1278 275 initio
1301 228 1435 275 statim
1458 229 1506 276 ad
1531 230 1802 294 expediendas
1824 233 2038 292 pecunias,
2074 231 2226 295 quihus
2249 232 2360 278 redi-

267 307 472 350 meretur,
506 292 724 340 dimiserat.
785 295 1027 339 Numeratis
1050 293 1198 338 deinde
1222 295 1528 356 quinquaginta
1548 295 1735 350 talentis,
1771 296 1976 356 expofitus
2016 298 2058 340 in
2097 298 2233 342 littore
2268 313 2355 343 non

271 357 450 413 distulit,
482 359 623 419 quine
640 357 813 421 vestigio
837 356 950 403 claffe
973 356 1147 402 dedufia
1169 356 1476 420 persequeretur
1495 358 1692 404 abeuntes
1727 377 1736 403 ε
1770 375 1816 403 ac
1842 360 2025 404 redaCms
2049 362 2090 403 in
2115 359 2358 421 potestatem

264 421 492 483 supplicio,
526 421 840 484 quodillissaepe
853 423 1030 466 minatus
1043 422 1150 467 inter
1160 426 1302 481 jocum
1317 418 1472 476 fuerat,
1508 420 1699 469 afficeret.
1735 421 1932 468 Vastante
1947 425 2137 485 regiones
2150 425 2356 485 proximas

264 484 533 542 Mithridate,
569 502 622 532 ne
645 484 823 534 desidere
849 487 893 530 in
914 485 1151 531 discrimine
1174 483 1382 532 sociorum
1408 486 1640 544 videretur,
1674 487 1725 533 ab
1744 485 1924 544 Rhodo,
1960 503 2046 548 quo
2070 489 2354 597 pertenderat,

2198 568 2286 598 tran
2307 569 2354 605 nt

263 632 358 666 erat,
386 626 423 660 in
440 637 474 660 eo
490 622 591 668 libro,
622 638 719 674 quem
732 626 772 661 de
789 629 863 672 Rep.
876 630 1032 661 Romana
1043 623 1156 671 lingua
1175 621 1283 667 nostra
1299 616 1311 711 ἶ
1333 619 1448 668 refides
1472 622 1583 665 viros,
1609 623 1724 672 reficies
1739 623 1866 672 ptapulos
1887 629 1921 662 V
1925 626 1986 676 irg.
2014 637 2050 661 ut
2067 638 2194 675 aquam
2214 624 2351 673 rcfidem

270 674 281 718 (
298 674 544 719 Romanorum)
572 675 754 721 compesuit.
814 678 900 710 Non
917 675 1010 708 enim
1021 672 1063 708 ad
1077 673 1163 707 hanc
1183 671 1282 706 histo-
1333 674 1445 707 Varro
1461 688 1489 715 3.
1531 674 1587 707 De
1608 687 1642 709 re
1662 675 1737 711 rust.
1756 675 1900 724 appellat
1919 704 1929 718 ‚
1965 676 2118 713 aestuario
2140 675 2348 727 oppositam.

267 723 352 758 riam
364 723 406 758 de
417 724 549 772 captivo
561 723 692 759 Caesare
703 723 892 759 ullomodo
907 723 1051 772 pertinet
1061 725 1173 757 Cottae
1191 720 1282 769 lega-
1331 720 1468 757 Addam
1500 722 1602 757 etiam
1638 726 1813 761 Ciceronis
1841 726 1955 762 locum
1991 740 2054 777 pro
2087 732 2161 765 Sex.
2194 726 2320 764 Roscio
2337 756 2348 770 ,

264 774 286 807 ti
306 774 376 816 ejus
391 772 624 808 testimonium
657 788 664 808 :
692 772 747 809 sed
765 773 913 808 adili-am
932 771 1058 821 ipsam,
1085 771 1127 806 de
1147 783 1212 820 qua
1232 771 1280 806 lo-
1329 783 1400 806 uon
1419 784 1455 807 ut
1469 772 1504 807 in
1521 772 1662 820 vulgatis
1689 775 1936 824 exemplaribus
1956 776 2075 827 legitur
2091 807 2102 821 ‚
2132 778 2189 815 sed
2206 790 2241 815 ut
2258 778 2348 827 apud

262 822 389 870 quitur,
401 821 662 871 expeditionem.
692 821 922 858 autfecitsane
935 825 1038 857 Cotta
1051 819 1252 870 ineptiffime
1266 850 1277 863 ,
1329 820 1497 858 Carifium
1512 851 1523 864 ,
1559 835 1713 861 veterem
1745 829 2019 863 Grammaticum
2052 843 2061 865 :
2091 829 2185 879 quod
2220 830 2348 879 primus

263 872 319 920 qui
340 871 461 908 Caesari
480 871 617 909 laudem
640 871 833 909 fiuoalitatis
860 873 1009 909 tribuerit
1025 900 1037 914 ,
1077 871 1169 921 quod
1189 871 1277 920 apud
1326 871 1565 909 animadvertit
1588 874 1696 916 Justus
1724 875 1855 925 Lipsius
1873 906 1884 919 ,
1922 881 2014 922 cujus
2034 878 2211 928 ingenium
2230 878 2347 915 mirari

257 920 436 970 praedones
458 936 539 959 cum
551 923 655 959 tribus
673 905 773 961 seii-vis
788 921 894 959 fuerit.
952 921 1067 958 Plures
1077 923 1171 958 enim
1183 922 1277 957 initio
1325 919 1439 965 soleo,
1468 922 1524 959 lib.
1546 925 1678 962 Variar.
1700 925 1775 962 lect.
1789 942 1821 971 4.
1843 939 1915 977 cap.
1929 936 1960 964 6.
2019 932 2107 964 Cum
2120 930 2196 977 jam
2207 929 2347 978 proscri-

259 970 375 1008 habuit
385 972 515 1017 Caesar,
535 973 591 1009 sed
601 987 661 1010 eos
671 972 1088 1011 dimiserataliosinaliam
1097 972 1220 1008 urbem
1233 971 1276 1007 ad
1319 972 1441 1017 ptionz's
1452 975 1576 1009 mentio
1595 974 1691 1010 nulla
1700 977 1817 1024 fieret,
1843 980 2032 1014 cumetiam
2047 980 2071 1014 ii
2090 982 2148 1028 qui
2164 992 2267 1015 antea
2270 989 2345 1028 pro-

258 1021 484 1071 expediendas
508 1025 685 1074 pecunias,
724 1034 759 1061 ut
779 1037 819 1060 ex
841 1024 1003 1060 Suetonio
1029 1026 1066 1059 δε
1097 1022 1276 1059 Plutarcho
1316 1020 1561 1069 scm'ptleram,
1579 1026 1759 1070 sederent„
1785 1041 1903 1063 nomen
1923 1029 2111 1074 refierturin
2125 1029 2257 1065 tabulas
2268 1034 2341 1065 Sex.

321 171 344 190 ¹·

257 1072 396 1109 constat.
426 1087 529 1124 quare
547 1074 642 1125 super
658 1077 820 1125 ineptias,
850 1075 953 1110 etiam
977 1071 1102 1109 falsitas
1124 1071 1223 1129 suerit
1240 1074 1274 1109 in

255 1133 343 1160 voce
361 1123 582 1167 συνεπήγετο.
603 1125 668 1161 Sed
676 1125 859 1162 absurdum
871 1124 917 1160 est
927 1128 963 1160 ὃ(
976 1123 1073 1172 plane
1083 1123 1272 1178 ridlculum,

255 1171 298 1208 ad
318 1172 389 1209 haec
413 1175 552 1211 Caesaris
572 1187 731 1226 tempora
747 1175 841 1212 illam
864 1175 1096 1228 narrationem
1114 1176 1239 1210 reterre
1264 1189 1273 1210 ε

253 1235 361 1271 quum
379 1223 496 1261 diserte
514 1238 610 1263 notet
627 1225 805 1270 Lai-ensis,
835 1228 979 1262 Cottam
996 1222 1089 1260 fuisse
1119 1224 1271 1273 legatum

254 1273 460 1311 Caesarirbn
473 1305 485 1320 ,
514 1276 579 1313 hoc
599 1276 666 1320 est,
695 1278 729 1313 in
746 1277 800 1313 illa
816 1276 884 1327 ipsa
895 1274 1120 1327 expeditione.
1178 1275 1271 1332 Illiq-

252 1324 333 1372 quin
351 1326 456 1362 etiam
475 1326 553 1363 illud
573 1327 637 1363 dici
653 1338 805 1377 poterat,
835 1328 870 1364 in
880 1326 1030 1363 numeris
1040 1337 1160 1375 parum
1177 1325 1270 1379 hnsse

255 1373 345 1410 hunc
369 1378 511 1413 Cottam
530 1390 725 1415 accuratum
743 1408 754 1422 ,
807 1378 839 1413 ui
857 1377 950 1414 mille
973 1378 1112 1414 navium
1132 1376 1269 1412 classem

252 1424 419 1475 appellet,
447 1440 552 1477 quam
571 1428 637 1478 ipse
654 1428 767 1465 Caesar
783 1392 873 1464 dicat
889 1426 982 1464 fuisse
1004 1438 1121 1463 DCCC.
1143 1430 1180 1463 δε
1199 1428 1270 1476 qui-

253 1473 338 1511 dem
355 1478 399 1512 ita
419 1490 454 1514 ut
464 1492 544 1514 curn
554 1479 664 1528 longis
673 1479 814 1518 navibus
832 1480 938 1515 etiam
956 1490 1076 1534 graves
1095 1479 1267 1535 &weito-

254 1525 310 1560 riae
319 1538 537 1565 numerentur
564 1545 573 1567 ς
601 1540 701 1579 atque
718 1530 794 1579 ipsae
813 1530 917 1565 etiam
934 1539 1126 1571 annottnae,
1155 1531 1192 1564 δ(
1203 1541 1267 1586 pris

253 1586 350 1612 vatae.
379 1579 539 1615 Omnino
562 1582 709 1631 graviter
727 1579 908 1616 doetiffimi
926 1580 1180 1625 vi1·i‚e1·ra1·unt‚
1208 1592 1265 1628 qul

250 1623 342 1661 illtun
354 1627 509 1666 Athenai
516 1629 633 1668 locum
645 1630 709 1667 huc
720 1642 876 1681 putarunt
884 1627 1113 1666 referendum.

566 1685 600 1719 T
632 1696 655 1718 o
684 1695 708 1718 R
739 1695 764 1718 R
790 1694 811 1718 E
842 1695 867 1719 N
898 1694 931 1718 T.

300 1733 356 1765 Ne
369 1730 409 1766 de
421 1730 522 1767 idere.
538 1729 553 1778 ]
586 1732 768 1783 Eleganter
787 1733 853 1770 hoc
869 1731 979 1770 verbo
990 1730 1064 1767 usus
1079 1728 1126 1767 est
1137 1744 1200 1787 pro
1216 1745 1266 1767 re-

243 1776 372 1816 missoe
400 1782 572 1826 eanimo,
598 1795 698 1834 atque
717 1782 825 1819 otiose
844 1796 969 1833 agere3
991 1781 1080 1818 unde
1089 1783 1196 1829 deses,
1225 1786 1263 1818 ὃ(

244 1828 372 1878 defidia
383 1832 548 1883 appellata
558 1833 615 1871 est.
645 1833 691 1870 fic
701 1835 796 1870 enim
815 1838 852 1871 δ(
864 1834 1004 1882 sedendi
1013 1832 1123 1871 verbo
1135 1846 1206 1869 non
1216 1832 1264 1869 se-

242 1880 314 1916 mel
332 1879 404 1918 usus
425 1882 473 1920 est
493 1885 564 1921 Cic.
584 1897 620 1921 ut
643 1886 741 1935 Virg.
776 1897 912 1936 quoque
938 1883 993 1919 lib.
1018 1898 1046 1927 3.
1067 1886 1194 1940 Georg.
1218 1888 1263 1918 Et

238 1930 377 1967 meliora
389 1938 474 1969 Deos
491 1935 585 1982 sedet
604 1936 718 1972 omnia
728 1937 856 1984 poscens
873 1954 883 1979 3
906 1938 944 1971 ὅ(
964 1937 1085 1970 Horat.
1105 1933 1195 1983 epist.
1210 1933 1263 1991 ‘ad

240 1982 418 2029 Scaevam:
446 1985 613 2035 Sedit,qui
622 1986 762 2030 timuit,
787 2000 827 2022 ne
840 1999 905 2022 non
913 1986 1111 2034 stacederet.
1169 1987 1261 2020 Hinc

241 2031 389 2069 verbum
401 2034 469 2071 hoc
477 2036 581 2073 etiam
591 2038 625 2073 in
635 2036 726 2073 luctu
733 2035 894 2074 usitatum
902 2036 944 2072 de
955 2037 1011 2079 iis,
1039 2037 1095 2085 qui
1112 2037 1257 2074 mortuis
1291 2078 1293 2082 Α

237 2079 454 2123 feriabantur.
484 2086 598 2124 Tibul.
622 2086 679 2124 lib.
694 2102 723 2131 3-
741 2087 827 2138 eleg⁴
841 2101 872 2134 7.
912 2086 1006 2122 Illius
1021 2088 1068 2122 ad
1085 2085 1257 2123 tumulum
1278 2097 1283 2127 Ι

230 2131 388 2180 fitgiam,
409 2136 610 2187 supplexque
620 2137 748 2186 sedebo.
806 2141 957 2188 Propert.
978 2137 1034 2173 lib.
1048 2152 1077 2181 3.
1099 2139 1184 2189 eleg.
1204 2151 1254 2181 14.

240 2182 370 2230 Affieret
383 2185 448 2223 huc
464 2199 634 2237 unguenta
649 2188 737 2225 mihi
745 2217 757 2232 ,
777 2187 1131 2238 firtisqzcesepulcrum
1148 2196 1258 2226 Orna-

236 2231 309 2276 bit,
335 2235 432 2282 custos
452 2239 500 2274 ad
507 2251 582 2274 mea
591 2238 683 2286 busta
685 2238 813 2287 sedens.
844 2242 943 2289 Virg.
961 2238 1017 2275 lib.
1032 2253 1064 2282 9.
1082 2244 1168 2276 Luco
1180 2252 1255 2276 tum

227 2282 318 2327 fhrte
331 2288 483 2332 parentis
502 2289 656 2326 Pilumni
686 2294 817 2325 Turnus
829 2289 970 2337 sacrata
996 2288 1087 2325 valle
1101 2291 1252 2338 sedebat.

238 2334 363 2384 Neque
381 2337 475 2374 aliter
499 2339 756 2391 intelligendum
780 2339 858 2376 illud
877 2354 895 2375 e
916 2339 972 2376 lib.
995 2348 1027 2376 6.
1056 2343 1151 2376 Sedet
1169 2352 1256 2377 ωεν-

239 2393 383 2434 numque
391 2387 521 2435 sedebit
531 2392 653 2437 Infelix
668 2390 805 2439 Theseus
832 2406 841 2424 .·
878 2392 1004 2441 peccati
1023 2393 1116 2427 enim
1144 2392 1254 2441 poeni-

240 2435 342 2470 tentIa
357 2436 529 2486 lugentem
540 2440 695 2478 describit
706 2469 718 2484 ,
747 2445 827 2478 ut&
838 2442 1088 2478 Athamantem
1098 2441 1180 2479 Plin.
1193 2442 1248 2478 lib.

244 2495 295 2527 14·
314 2497 385 2535 cap.
401 2502 451 2532 14.
477 2493 533 2540 qui
543 2491 635 2529 locus
645 2503 764 2528 tamen
774 2490 870 2528 foede
880 2503 1054 2543 corruptus
1065 2492 1121 2530 est.
1180 2497 1250 2529 Ve-

237 2545 316 2570 rum
331 2533 377 2571 fic
396 2536 497 2575 habet
512 2542 685 2593 exemplar
695 2556 816 2579 meum
836 2556 881 2579 Ms
904 2558 916 2580 ε
942 2543 1154 2589 Aristmidas
1164 2544 1249 2578 arti-

226 2582 292 2627 ft'x
300 2613 312 2628 ,
339 2599 414 2621 cum
426 2590 603 2636 exprimere
611 2592 712 2628 vellet
721 2593 950 2629 Athamantis
950 2594 1124 2640 furorem,
1149 2599 1249 2629 Lear-

235 2632 334 2670 chum
337 2636 453 2683 fillum
461 2641 661 2688 precipitare
677 2642 841 2685 volentis,
869 2642 1125 2692 &precipitato
1135 2644 1190 2679 illo
1201 2658 1249 2679 re-

223 2681 366 2731 fidentls
380 2689 637 2734 poenitentiam,
659 2695 726 2727 &c.
755 2691 1139 2740 Rcfiderepaenitentlam
1155 2694 1247 2736 dixit,

233 2745 268 2770 ut
285 2735 390 2774 Plaut.
412 2740 510 2789 Capt.
532 2741 607 2777 Ast.
623 2757 652 2784 3-
693 2747 808 2776 Venter
821 2752 1003 2791 gattusque
1022 2742 1163 2792 refidmt
1180 2746 1245 2793 esu-

231 2785 329 2821 riales
348 2788 477 2832 ferias,
508 2803 570 2840 pro
596 2791 747 2828 sedendo
763 2804 875 2841 agunt.
934 2795 1005 2830 Cic.
1027 2808 1161 2852 quoque
1193 2809 1243 2833 11.

230 2836 287 2871 De
304 2836 404 2887 legib.
423 2838 591 2878 denicales
617 2840 714 2879 ferias
731 2837 895 2892 appellat,
921 2844 1041 2894 quibus
1060 2847 1246 2883 rendentur

233 2889 388 2931 mortui,
418 2890 511 2939 quod
537 2890 686 2929 sedendo
722 2893 841 2930 scilicet
871 2897 1012 2932 mortuis
1035 2894 1243 2934 feriarentur.

230 2937 350 2984 Qam
371 2939 466 2985 hujus
486 2942 643 2979 vocabuli
671 2944 741 2981 vim
768 2958 840 2980 non
858 2946 1041 2997 intelligens
1063 2947 1136 2992 ille,
1162 2948 1246 2997 quis-

230 2989 304 3037 quis
318 2988 399 3033 fuit,
427 2990 523 3028 Plinii
548 3006 742 3043 corruptor,
768 2994 848 3031 nihil
867 2997 978 3033 minus
1003 3011 1108 3047 quam
1129 3001 1245 3035 austo-

229 3039 274 3075 ris
290 3038 492 3079 sententiam
515 3043 677 3094 expreflit.
733 3048 843 3084 Porro
864 3046 941 3084 hinc
965 3048 1079 3098 resides
1094 3050 1245 3092 animos,

1325 1072 1439 1119 Rcfiii.
1469 1086 1554 1110 nam
1584 1074 1636 1111 hic
1646 1076 1759 1123 sedere
1777 1078 1824 1113 est
1842 1078 1955 1114 secure
1972 1091 2073 1130 agere
2085 1109 2096 1122 ,
2125 1093 2163 1116 ac
2179 1079 2258 1116 nihil
2270 1091 2344 1115 me-

1324 1133 1428 1160 tuere.
1489 1127 1593 1170 Cujus
1611 1124 1865 1174 significationis
1882 1140 2000 1165 tamen
2010 1132 2202 1166 immemor
2214 1129 2343 1180 Lipsius

1324 1184 1386 1220 pro
1398 1175 1572 1220 sederent,
1599 1177 1747 1214 redirem
1770 1178 1939 1216 substituit.
1970 1193 2043 1217 non
2062 1182 2235 1223 1·ecte‚'ut
2256 1180 2345 1217 arbi-

1323 1233 1403 1259 tror.
2059 1270 2063 1272 ,

1629 1280 1660 1313 C
1691 1292 1712 1315 A
1742 1292 1758 1314 s
1789 1293 1810 1316 A
1838 1294 1863 1317 υ
1895 1292 1914 1315 13
1944 1294 1967 1317 o
1997 1295 2032 1319 N.

1377 1326 1440 1361 Ad
1448 1327 1664 1375 expediendas
1668 1331 1826 1377 pecunias
1838 1360 1849 1374 ,
1860 1331 1977 1380 quibus
1988 1334 2208 1369 redimeretur
2218 1363 2230 1377 ,
2240 1334 2341 1370 dimi-

1310 1373 1415 1421 fi’rat.
1432 1376 1444 1422 ]
1496 1377 1617 1428 Supple
1636 1392 1677 1414 ex
1697 1380 1899 1424 Plantam,
1925 1381 2030 1418 alium
2049 1386 2084 1420 in
2101 1384 2203 1421 aliam
2220 1386 2340 1421 vicinae
2396 1396 2398 1399 ’

1321 1429 1502 1473 provinciae
1527 1427 1615 1465 Afiae
1646 1429 1782 1467 urbium
1815 1447 1824 1467 :
1853 1445 1924 1468 non
1948 1434 2041 1469 enim
2070 1434 2125 1470 sua
2144 1435 2339 1484 redemptus

1321 1475 1368 1511 est
1380 1481 1521 1526 pecunia
1532 1508 1543 1522 ,
1574 1479 1629 1515 sed
1636 1481 1771 1528 publica
1782 1482 1980 1524 civitatum,
2002 1485 2047 1519 ait
2058 1485 2220 1530 Velleius
2237 1486 2338 1522 Idem

1318 1523 1448 1563 fastum
1473 1530 1507 1565 in
1535 1529 1681 1579 pluribus
1702 1532 1896 1575 Romanis,
1917 1535 1974 1582 qui
2004 1533 2057 1569 illa
2084 1536 2284 1586 tempestate
2303 1537 2338 1572 in

1318 1578 1501 1626 piratarum
1518 1593 1641 1617 manus
1660 1582 1857 1619 inciderunt.
1917 1586 2055 1620 Notum
2077 1585 2119 1622 de
2140 1590 2174 1623 P.
2187 1586 2313 1623 Clodio
2325 1615 2335 1628 ‚

1318 1629 1374 1677 qui
1391 1641 1504 1679 captus
1522 1629 1614 1667 mifit
1636 1631 1680 1668 ad
1697 1632 1927 1669 Ptolemaeum
1937 1636 2041 1684 Cypri
2052 1649 2173 1686 regem
2184 1638 2226 1674 ad
2238 1650 2338 1686 expe-

1319 1678 1442 1715 dienda
1453 1680 1546 1730 lytra.
1569 1682 1690 1719 Strabo
1698 1697 1719 1718 x
1728 1698 1737 1719 1
1745 1698 1776 1722 v.
1790 1685 1861 1720 Dio
1870 1683 1926 1720 lib.
1937 1699 2042 1722 xxxv1
2057 1701 2066 1722 1
2081 1701 2106 1723 1.
2117 1688 2225 1734 Quod
2238 1690 2338 1725 irritur

1320 1729 1432 1766 Caessu·
1450 1732 1664 1781 praedonibus
1682 1747 1736 1771 xv.
1757 1734 1881 1771 talenta
1899 1734 2162 1784 postulantibus,
2191 1752 2223 1776 1..
2236 1722 2336 1789 spon-

1317 1789 1350 1815 te
1370 1779 1424 1816 sua
1443 1782 1583 1825 obtulit,
1614 1798 1685 1821 non
1704 1783 1883 1822 liberalitas
1903 1785 1975 1821 liaec
1992 1784 2055 1822 fuit
2084 1802 2094 1823 ε
2123 1787 2180 1824 sed
2199 1789 2335 1826 summa

1317 1829 1526 1869 confidentia
1547 1834 1626 1871 civis
1653 1837 1843 1883 ἀγερώχε,
1873 1835 2044 1873 sociorum
2064 1840 2100 1876 P.
2123 1842 2167 1877 R.
2195 1840 2336 1879 fortunis

1314 1880 1506 1920 insultantis.

1368 1934 1538 1982 E2pz>fitus
1548 1935 1739 1985 inlittore.]
1766 1936 1861 1974 Nihil
1871 1937 2133 1977 estmutandum
2160 1957 2170 1980 ε
2199 1956 2333 1982 tantum

1314 1996 1356 2019 ex
1365 1982 1545 2022 Plutarcho
1568 1987 1806 2037 explicandum
1826 1988 1869 2024 de
1888 1988 1997 2025 littore
2011 1990 2195 2031 Milesiaco.
2255 2000 2335 2032 Sua-

1312 2033 1369 2070 det
1386 2037 1534 2073 narratio
1544 2036 1639 2081 illius,
1652 2052 1687 2076 ut
1696 2041 1739 2075 ita
1751 2040 1976 2089 accipiamus,
1999 2053 2197 2091 quanquam
2208 2045 2335 2083 Plutar-

1312 2085 1392 2122 chus
1403 2085 1469 2122 hoc
1490 2086 1663 2135 ἐικρῤνῖὂην
1676 2103 1750 2126 non
1769 2089 1848 2126 dicit
1875 2105 1884 2126 ι
1916 2090 2028 2140 estque
2038 2092 2136 2129 valde
2149 2095 2333 2133 verisimile

1311 2134 1559 2187 Milesiosaegre
1571 2137 1719 2188 pafliiros
1728 2169 1740 2183 ,
1758 2152 1793 2176 ut
1803 2139 1898 2176 suum
1908 2141 1995 2177 littus
2005 2141 2151 2180 latrones
2161 2145 2225 2182 hac
2234 2161 2333 2185 occa-

1310 2184 1406 2222 fione
1421 2188 1644 2237 explorarent.
1675 2194 1760 2228 Non
1779 2204 1862 2241 ergo
1881 2188 2098 2230 affentiamur
2111 2195 2244 2234 erudito
2254 2199 2330 2237 viro

1311 2236 1427 2273 Mileti
1446 2239 1655 2277 emendanti.

1364 2287 1471 2336 Claffe
1488 2290 1666 2339 deducta]
1696 2296 1745 2329 Ex
1764 2304 1862 2342 portu
1881 2292 2055 2331 Milefiaco
2083 2310 2094 2331 ι
2120 2295 2323 2338 Plutarchus.

1308 2337 1470 2383 Asconius
1479 2340 1516 2375 [72
1531 2344 1597 2377 111.
1617 2354 1731 2378 comm
1745 2349 1875 2379 Verrem
1901 2360 1911 2378 .·
1937 2344 2072 2381 Habent
2089 2346 2212 2395 Milesii
2224 2349 2329 2398 prest-

1306 2387 1457 2424 Almam
1477 2390 1604 2439 classem
1622 2393 1797 2438 exfiz’dere
1820 2394 2030 2442 prebendam
2040 2395 2158 2444 populo
2178 2403 2327 2436 Romano

1306 2440 1491 2475 maritimas
1509 2442 1752 2490 neceffitatibus.

1362 2491 1603 2541 interjocmn.]
1630 2495 1846 2532 Membranae
1857 2496 2016 2547 quaedam
2027 2507 2089 2548 per
2099 2499 2224 2547 jocum.
2253 2504 2325 2538 Tu-

1304 2539 1459 2578 ronensis
1477 2543 1574 2579 inter.
1595 2544 1691 2581 Plat.
1713 2545 1769 2581 ο-ὶιν
1790 2546 1930 2589 γέλωτι.

1359 2596 1412 2626 Ne
1420 2591 1562 2640 desidere
1580 2596 1616 2630 in
1632 2595 1776 2642 periculo
1787 2597 1952 2644 sociorum
1969 2598 2182 2646 videntum]
2214 2601 2322 2649 Quasi

1301 2639 1344 2675 ad
1366 2642 1484 2691 privati
1503 2657 1619 2681 curam
1638 2645 1720 2681 {alus
1736 2647 1870 2696 imperii
1888 2659 1945 2682 aut
1966 2647 2135 2684 sociorum
2157 2649 2264 2686 stante
2282 2656 2321 2688 δε

1301 2689 1445 2728 florente
1462 2696 1549 2744 Rep.
1581 2697 1689 2744 (nam
1709 2695 1751 2732 de
1769 2699 1928 2734 extremis
1955 2698 2105 2747 periculis
2126 2713 2196 2735 non
2213 2700 2321 2751 loqui-

1302 2743 1400 2788 mur)
1438 2746 1626 2793 pertineret.
1681 2748 1775 2795 Quin
1796 2747 1874 2783 illud
1896 2750 2024 2791 verius,
2053 2749 2320 2789 ambitioneim-

1300 2791 1429 2840 pulsum
1445 2822 1457 2836 ,
1493 2799 1530 2830 ἃ
1548 2796 1664 2846 glorice
1683 2797 1871 2847 cupiditate.
1903 2799 2000 2835 Vidit
2020 2799 2086 2835 hoc
2104 2829 2116 2842 ‚
2158 2802 2215 2851 qui
2244 2814 2319 2840 nun

1298 2844 1462 2894 temporis
1490 2844 1608 2883 Aliam
1635 2848 1813 2885 obtinebat
1841 2850 1984 2885 nomine
2012 2852 2048 2886 P.
2072 2854 2115 2887 R.
2138 2853 2318 2902 proconsul

1298 2897 1423 2938 Junius.
1454 2898 1571 2946 Itaque
1581 2910 1703 2935 conata
1715 2901 1784 2944 ejus
1795 2899 1947 2936 destituit.
1981 2899 2132 2947 Velleius
2149 2917 2159 2938 ι
2173 2917 2197 2939 1.
2211 2915 2251 2939 Χῖ.
2262 2918 2273 2939 ι
2288 2918 2313 2941 1.

1298 2952 1443 2993 Longum
1455 2945 1496 2993 est
1507 2961 1670 2992 narrare,
1687 2951 1770 2999 quid
1789 2948 1841 2992 ξδ’
1859 2951 1982 2999 quoties
1998 2951 2162 3000 a.·tsu>·fit3
2189 2964 2315 3001 quanto

1297 3005 1384 3044 opere
1411 3007 1530 3033 conata
1555 3000 1642 3049 ejus,
1672 3001 1730 3050 qai
1754 3000 2076 3050 obtinebatAfiam,
2100 3002 2313 3053 magistratus

1295 3053 1334 3085 P.
1344 3053 1383 3085 R.
1403 3048 1558 3097 metnfico
1573 3051 1766 3098 destituerit.

1724 3105 1752 3140 Β
2162 3106 2316 3148 Toni
