2504 3425
2125 173 2225 207 101

166 252 398 328 plausum
411 290 426 315 ‚
465 255 517 303 ὅτ
545 267 724 302 omnes
739 267 831 304 vos
847 266 965 302 curn
982 245 1175 319 gaudio
1193 245 1464 316 quippiam
1479 240 1630 296 facite
1657 265 1666 296 :
1709 243 1758 296 in
1776 263 1885 316 quo
1910 250 1963 318 ὃς
1986 244 2232 318 Egnatius

166 328 501 380 hallucinatus
523 322 593 374 est
622 344 632 376 :
673 341 772 396 ego
787 359 801 387 ‚
842 323 894 374 ni
910 321 1060 374 fallor
1077 357 1092 381 ‚
1132 324 1183 371 ὃς
1209 336 1338 371 unus
1358 356 1372 380 ‚
1412 322 1463 369 ὃς
1493 317 1687 388 primus
1715 317 1937 382 restitui,
1975 319 2138 390 idque
2165 338 2232 374 ex

166 398 630 472 qualibuscumque
649 395 873 469 vestigiis
887 392 1224 466 antiquissimi
1240 391 1449 444 codicis.
1521 391 1824 461 Legendum
1842 393 1997 464 igitur
2013 392 2078 444 ad
2094 393 2232 447 hune

165 473 384 526 modum
399 470 495 518 Δότε
506 470 728 533 κρέτονμοιὶ
741 470 885 518 πάντες
897 474 1006 529 ὑμεῖς
1018 465 1277 529 μεταίχοιξᾶς
1295 463 1536 517 κτυπῆσοιτε.
1574 464 1628 514 id
1643 463 1714 514 est
1731 502 1746 524 ‚
1785 465 1900 517 date
1915 464 2161 536 plausum,
2179 471 2235 519 ὃς

163 545 255 597 'vos
271 559 447 597 omnes
464 558 580 594 curn
595 540 785 614 gaudio
801 538 1044 610 plaudite.
1075 534 1163 589 Est
1178 536 1315 586 enim
1330 531 1491 585 versus
1506 536 1806 588 trochaicus,
1823 536 2131 608 praecesserat
2145 556 2233 592 au-

163 632 267 671 tern
293 619 344 670 in
370 614 650 684 exemplari
669 610 836 664 nostro
864 617 915 664 &
941 612 1065 664 alter
1077 610 1199 662 huic
1220 606 1389 657 similis
1405 607 1692 659 trochaicus
1708 651 1721 670 ,
1762 625 1847 662 aut
1861 626 1994 663 certe
2009 610 2232 665 hemisti-

162 691 336 750 chion,
354 689 381 741 s
375 689 440 741 ed
454 686 632 759 figuris
644 686 1013 739 elementorum
1030 683 1159 735 adeo
1175 679 1481 749 depravatis,
1493 695 1550 730 ut
1564 680 1692 751 quid
1712 680 1957 754 scriptum
1971 683 2109 747 esset,
2126 704 2231 737 non

165 764 483 835 quiverimus
497 760 764 830 conjicere.
814 759 925 830 Jam
941 755 1088 828 quod
1102 753 1172 806 est
1190 753 1240 802 in
1259 748 1583 820 Vespasiano.
1603 773 1626 805 2
1640 772 1686 823 3.
1729 751 1758 799 ιῖ
1776 756 1918 818 Λάχης
1943 757 2084 820 Λάχης
2100 791 2115 818 ‚
2138 757 2231 805 ὅταν

162 835 375 888 ἀποθάνῃς
389 835 510 883 ἆυθις
523 838 563 890 ἐξ
574 837 768 897 ώπαξχῆς
783 830 905 894 εῖρῆσῃ
918 831 1101 893 Κῆςυλος.
1117 824 1149 876 si
1167 822 1299 893 quid
1315 821 1700 895 suffragarentur
1713 827 2038 896 exemplaria,
2053 829 2232 883 lubens

163 889 375 978 legerjffi
391 904 454 957 ad
467 903 605 955 hunc
627 901 842 952 modum
862 935 878 960 ‚
915 897 945 942 ὦ
964 897 1108 956 Λάχης
1127 897 1299 957 Λάχης,
1323 896 1456 942 ’Ὅταν
1483 898 1765 959 3'0272'03‘00'112563
1802 897 2020 963 οἷυὲιςὲσσῃ
2035 903 2203 966 Κῆξυλος
2216 936 2232 962 ,

163 977 222 1030 id
250 978 320 1031 est
335 1019 350 1039 ‚
390 997 424 1028 o
456 973 650 1026 Laches
679 971 873 1024 Laches
890 1008 904 1031 ‚
944 983 994 1020 at
1010 968 1096 1020 ubi
1112 982 1342 1019 mortuus
1360 965 1514 1019 fueris
1532 1003 1546 1028 ‚
1586 967 1744 1019 rursus
1760 968 1854 1019 eris
1871 969 2087 1042 Cerylus
2118 995 2126 1026 :
2170 991 2230 1029 ut

161 1048 192 1095 ὗ
203 1050 346 1111 Λάχης
359 1048 501 1108 Λάχης
517 1043 574 1097 fit
589 1037 808 1097 clausula
816 1041 998 1115 prioris
1011 1041 1344 1099 carminis,cui
1359 1039 1583 1091 succedit
1596 1040 1789 1112 integer
1793 1042 2046 1109 jambicus
2058 1046 2232 1100 trime.

162 1131 263 1179 ter,
306 1115 501 1171 tametsi
529 1117 624 1170 hac
653 1118 718 1170 de
748 1135 798 1168 re
812 1115 972 1169 nolim
989 1113 1311 1166 contendere.
1384 1113 1629 1165 Ceterum
1646 1115 1710 1166 de
1724 1132 2048 1170 nummorum
2061 1119 2230 1172 analo.

160 1193 243 1265 gia
262 1230 276 1254 ‚
317 1190 351 1243 fi
367 1190 496 1262 quid
510 1210 537 1242 a
554 1190 750 1242 Budaeo
763 1188 989 1242 dissentit
1005 1187 1270 1258 lignatum,
1285 1185 1514 1237 Fortium
1534 1185 1558 1235 s
1553 1204 1674 1240 uum
1691 1187 1907 1250 secutUS,
1921 1190 2067 1260 quod
2083 1193 2230 1245 nobis

162 1284 260 1318 nec
289 1265 455 1317 otium
473 1263 798 1335 suppetebat,
841 1279 935 1314 nec
948 1261 1010 1312 ad
1026 1260 1163 1312 hunc
1180 1259 1402 1311 laborem
1422 1260 1628 1330 proprie
1645 1262 1931 1332 pertinebat
1947 1300 1963 1324 ,
2002 1280 2105 1317 non
2122 1264 2228 1319 fuit

163 1337 390 1391 studium
416 1351 666 1389 excutere.
744 1334 1058 1388 Addidimus
1079 1330 1479 1386 autemindicem
1502 1370 1514 1391 ,
1555 1350 1663 1402 quo
1687 1334 2005 1405 potissimum
2019 1352 2228 1391 annota-

162 1412 334 1464 vimus
352 1451 362 1468 ‚
405 1408 440 1460 fi
456 1409 587 1479 quid
605 1426 736 1460 nove
751 1446 766 1470 ,
781 1422 1065 1478 praeterque
1079 1405 1393 1476 superiorum
1412 1405 1676 1459 austorum
1689 1406 2127 1473 cousuetudinem,
2141 1428 2229 1465 aut

164 1482 200 1534 fi
228 1482 358 1552 quid
386 1483 539 1534 etiam
567 1481 860 1535 Graecanice
886 1481 1086 1534 dictum
1115 1479 1173 1532 sit
1182 1513 1199 1538 ‚
1244 1497 1307 1530 ne
1333 1477 1460 1530 nihil
1476 1476 1534 1529 sit
1547 1477 1675 1533 lucri
1688 1519 1705 1543 ,
1745 1481 1890 1552 quod
1906 1481 2146 1535 leetorem
2161 1485 2229 1538 ad

164 1554 441 1607 emendum
456 1555 654 1607 invitet.
698 1572 790 1606 nec
806 1553 906 1607 hoc
920 1568 1088 1607 tamen
1102 1552 1267 1606 solum
1282 1552 1489 1604 accedet
1504 1591 1517 1613 ,
1557 1554 1683 1621 quin
1700 1559 1752 1608 &
1765 1554 2030 1625 quidquid
2041 1556 2229 1627 adjecit

164 1626 418 1699 Egnatius
435 1668 450 1690 ,
476 1627 593 1679 heic
607 1626 778 1690 habes,
789 1631 840 1679 &
855 1642 1091 1699 praeterea
1105 1645 1207 1679 non
1224 1625 1374 1682 nulla,
1393 1643 1506 1694 quae
1524 1645 1615 1679 nos
1629 1627 1720 1681 soli
1734 1630 1888 1680 etiam
1903 1627 2227 1685 restituimus,

165 1698 307 1824 Biene
315 1698 446 1826 fale,
471 1699 715 1756 cariflime
727 1700 934 1768 Leston
947 1704 997 1756 ὃς
1015 1699 1151 1756 hisce
1163 1696 1340 1755 nostris
1355 1697 1611 1755 laboribus
1626 1700 1845 1755 feliciter
1858 1700 2036 1756 fruere.
2052 1703 2226 1759 Anno,

167 1787 206 1824 c
239 1788 291 1826 ο.
341 1789 398 1827 ο.
427 1789 529 1828 xv1
549 1790 592 1825 1.

1145 2974 1440 3032 Nnnnnn
1479 2988 1509 3048 3
1946 2975 1990 3031 P
2031 2976 2084 3032 R
2123 2976 2222 3030 AE-
