2504 3425
234 222 274 291 ‘4
830 200 1762 265 DEDICAT10.·

236 313 443 388 patriae,
480 323 565 364 aut
589 306 722 362 orbis
749 305 978 355 omnium
1007 314 1248 352 terrarum
1268 297 1465 358 veriu8,
1503 292 1678 346 Solem
1691 291 1965 361 occidisse,
2002 293 2320 367 ereptamilli

240 390 424 441 vitam,
468 388 607 451 cujus
634 392 806 429 omnes
834 378 977 425 unius
1015 371 1191 442 spiritu
1226 370 1497 424 vivebant:
1538 364 1722 438 spirare
1749 363 1896 420 illum
1931 370 2145 441 publico
2171 370 2320 421 unius

238 457 510 530 parricidio
524 447 692 502 desisse
709 486 722 509 ‚
748 466 838 517 per
854 464 1007 516 quem
1027 459 1081 495 ut
1096 442 1328 513 spiritum
1343 440 1574 503 vitalem,
1585 436 1845 507 totiusque
1862 442 2057 513 imperii
2073 456 2316 505 mentem,

238 546 319 582 tot
339 541 545 578 centena
561 520 721 573 millia
736 520 970 589 spiritum
983 516 1245 569 trahebant
1274 535 1284 566 :
1317 513 1507 566 salvum
1523 531 1627 564 non
1643 509 1739 564 effe
1753 511 1897 565 illum
1912 555 1926 576 ,
1970 515 1997 566 ὲ
2012 517 2152 585 cujus
2165 514 2322 569 salute

238 615 476 669 tanquam
504 593 594 646 filo
613 592 864 664 pendebat
892 589 1094 661 imperii
1112 586 1452 640 florentissimi
1467 584 1619 637 status
1636 621 1651 647 ‚
1690 587 2030 657 omniumque
2045 586 2183 639 salus.
2240 590 2325 641 ln-

238 685 449 725 ventum
479 665 776 736 parricidam
794 701 808 725 ‚
847 668 940 734 qui
966 679 1097 716 unus
1113 662 1288 735 cajum
1304 660 1452 710 illum
1468 658 1672 709 diritate
1685 659 1828 709 omni
1845 673 2001 730 atque
2017 660 2326 714 immanitate

239 757 547 796 teterrimum
564 736 828 807 superaret.
872 736 1027 788 Illum
1042 747 1219 806 optare
1233 731 1402 784 ausum
1417 769 1431 793 ‚
1471 732 1670 784 Utinam
1683 728 1878 802 populus
1903 735 2148 786 Romanus
2179 749 2328 786 unam
2351 748 2354 749 ’

236 817 463 869 cervicem
490 811 703 870 haberet,
747 822 977 881 paratum
1005 826 1113 859 eam
1128 807 1332 858 demere
1344 804 1537 855 scilicet
1562 823 1572 854 :
1614 803 1751 854 hunc
1768 819 2028 874 repertum
2046 843 2062 867 ,
2100 808 2331 877 quipro·

238 886 366 940 cella
383 887 576 956 patriae,
591 884 743 934 turbo
758 887 809 934 ὃς
823 880 1090 952 tempestas
1107 880 1327 951 publicae
1342 877 1528 948 quietis
1545 918 1554 933 ,
1571 893 1673 927 non
1690 890 1831 936 voto,
1850 876 1933 930 sed
1949 896 2000 930 re
2017 877 2140 949 ipsa,
2152 895 2333 932 omnes

238 960 295 1012 in
333 976 437 1011 uno
461 956 734 1027 jugularet.
814 952 1069 1007 Exstitisse
1094 970 1250 1004 unum
1270 989 1284 1012 ‚
1336 954 1477 1019 cujus
1499 949 1696 1000 animus
1711 950 1945 1003 omniurn
1963 952 2208 1003 vitiorum
2225 950 2332 1003 sen-

238 1032 346 1085 tina
364 1068 378 1091 ,
419 1030 510 1100 qui
542 1035 671 1093 θηρίον
693 1037 725 1074 ἐν
746 1034 884 1090 μορφῇ
904 1025 1097 1089 άνὲξώπε
1121 1061 1135 1084 ,
1179 1025 1230 1075 1'11
1257 1022 1424 1094 specie
1447 1020 1712 1091 figuraque
1739 1021 1958 1076 humana
1985 1023 2123 1076 ursus
2154 1025 2330 1095 bipeS‚

240 1103 458 1175 publico
487 1100 679 1170 parenti
710 1097 861 1147 vitam
900 1110 1230 1164 extorqueret
1257 1133 1272 1157 ,
1323 1113 1478 1164 quem
1508 1092 1909 1146 Lacedaemoniis
1929 1096 2142 1166 aliisque
2167 1097 2331 1169 genti-

239 1177 333 1229 bus
351 1214 365 1236 ,
392 1176 543 1226 etiam
557 1187 814 1222 mortuum
833 1167 1049 1220 deserere
1063 1183 1148 1220 aut
1162 1168 1385 1220 inultum
1400 1167 1701 1236 relinquere,
1717 1164 1852 1217 nefas
1868 1166 2062 1240 semper
2076 1168 2332 1223 summum

240 1245 414 1303 fuisset
443 1267 452 1298 :
493 1241 862 1296 sceleratissimo
889 1241 1103 1312 quidem
1131 1279 1144 1302 ,
1193 1246 1242 1294 &
1274 1242 1325 1292 in
1350 1243 1493 1292 omni
1520 1237 1820 1289 saeculorum
1838 1275 1856 1299 ,
1892 1253 2167 1303 terrarum,
2206 1261 2332 1312 gen..

240 1322 374 1373 tium
392 1357 406 1380 ,
448 1318 710 1369 nationum
731 1352 746 1376 ,
783 1314 1070 1385 linguarum
1087 1314 1354 1375 varietate,
1397 1312 1606 1373 misem,
1645 1323 1777 1362 tetro
1792 1347 1808 1372 ‚
1831 1311 2164 1371 exsecrando,
2192 1315 2331 1367 dete-

242 1392 408 1445 stabili
422 1388 679 1460 exemplo.
725 1389 864 1438 Itane
880 1385 1112 1438 desubito
1127 1385 1234 1438 fieri
1251 1385 1486 1458 potuisse,
1503 1399 1557 1437 ut
1572 1382 1727 1435 ullius
1742 1384 1889 1435 unius
1903 1387 2046 1438 omni
2063 1385 2240 1439 scelere
2257 1388 2333 1440 in..

244 1465 529 1518 flammatus
545 1460 685 1512 furor
699 1498 713 1522 ‚
755 1478 901 1511 unam
921 1463 970 1510 &
986 1460 1186 1510 unicam
1207 1460 1448 1530 Reipubl.
1492 1457 1806 1510 Columnam
1822 1472 2093 1521 everteret,
2117 1459 2332 1532 adflige-

242 1552 345 1597 ret,
383 1554 511 1589 com·
530 1537 755 1585 :muneret
775 1571 786 1593 ,
809 1531 1065 1602 disti-paret
1094 1540 1109 1583 ?
1150 1531 1204 1584 Si
1221 1550 1337 1584 cum
1353 1545 1591 1586 terrarum
1605 1528 1763 1583 vietor
1778 1569 1790 1586 ,
1821 1527 1884 1588 dy
1901 1531 2020 1584 orbis
2034 1542 2173 1584 terrae
2185 1529 2332 1585 domi..

241 1621 340 1669 tor,
371 1622 589 1680 geneum
614 1624 668 1659 ac
695 1621 947 1678 regnorum
972 1603 1212 1659 dtrzhz'tor.
1242 1608 1494 1677 generique
1520 1604 1726 1656 humano
1754 1600 1975 1673 quaedam
1997 1603 2213 1657 Deorum
2240 1607 2331 1657 im-

242 1679 694 1753 mortalmmporlw,
740 1678 963 1749 populus
987 1680 1246 1730 &omanus
1266 1716 1279 1738 ,
1319 1676 1505 1729 sederet
1524 1677 1574 1728 in
1606 1676 1672 1727 C.
1690 1676 1935 1727 Curionis
1950 1675 2154 1729 theatris
2167 1679 2328 1749 gemi-

243 1754 350 1817 niS,
393 1755 656 1806 cardinum
677 1750 982 1821 singulorum
1002 1750 1216 1802 versatili
1233 1749 1469 1820 suspensis
1486 1750 1790 1802 libramento
1806 1787 1822 1808 ‚
1851 1750 2074 1803 cardines
2090 1749 2201 1802 illos
2218 1750 2329 1804 Cu-

242 1828 323 1880 rio
339 1825 443 1896 ipse
462 1864 474 1886 ‚
514 1841 569 1876 ut
587 1825 732 1875 rebus
747 1823 925 1875 ceteris
939 1841 1107 1874 amens
1120 1837 1220 1874 erat
1234 1827 1283 1874 ὃς
1303 1841 1479 1875 vecors
1496 1860 1510 1884 ‚
1550 1834 1635 1873 aut
1652 1821 1777 1873 alius
1804 1821 1990 1892 aliquis
2005 1823 2222 1876 Curioni
2244 1843 2329 1896 ge-

244 1900 413 1952 minus
426 1914 687 1969 germanus
704 1934 717 1957 ,
756 1894 1077 1966 confringere
1091 1933 1106 1958 ,
1146 1899 1230 1947 aut
1246 1896 1408 1947 laxare
1421 1901 1471 1947 δε
1486 1894 1675 1946 solvere
1690 1891 1822 1944 auses
1837 1895 1957 1948 effer
1969 1933 1984 1957 ,
2024 1896 2256 1958 ullumne·
2266 1899 2332 1950 ab

244 1969 418 2024 inferis
434 1970 653 2022 excitata
671 1966 800 2019 furia
818 2009 829 2027 ‚
872 1966 1067 2019 facinus
1082 1970 1321 2028 atrocius,
1336 1968 1601 2039 capitalius
1615 1964 1868 2036 designare
1880 1966 2155 2038 potuisset?
2180 1969 2332 2038 Quid

245 2059 417 2096 autem
440 2040 536 2094 esse
561 2040 702 2092 aliud
730 2039 942 2110 publico
965 2042 1158 2110 parenti
1176 2079 1191 2103 ,
1230 2043 1320 2106 πρὸς
1345 2040 1378 2088 ἓν
1402 2042 1447 2087 τὸ
1466 2040 1578 2086 miv&
1600 2043 1746 2093 βλέπει
1768 2072 1784 2096 ,
1817 2042 1864 2087 ὠς
1902 2045 2038 2103 κέντρῳ
2057 2039 2194 2087 κύκλος
2219 2062 2331 2105 πεζι-

247 2115 538 2180 γξωφέμενος,
569 2130 705 2185 quem
738 2112 926 2183 Respub.
951 2124 1005 2163 ut
1030 2111 1227 2166 circulus
1248 2123 1403 2165 centro
1430 2108 1677 2184 dcssriptus
1697 2110 1911 2160 intuetur
1934 2150 1944 2166 ,
1984 2111 2140 2160 vitam
2165 2107 2330 2163 abstu-

245 2184 372 2247 lisse,
389 2186 438 2236 in
456 2197 558 2256 qua
573 2201 810 2254 tanquam
829 2183 941 2236 sede
958 2182 1059 2235 fixa
1074 2189 1124 2236 ὃς
1142 2184 1304 2236 stabili
1317 2184 1441 2236 salus
1455 2182 1685 2233 omnium
1707 2180 1973 2241 nitebatur,
1989 2199 2142 2251 quam
2159 2199 2331 2253 popu-

247 2258 359 2311 lum
374 2255 576 2328 imperii
592 2255 748 2328 ampli
757 2257 886 2309 ssimi
902 2294 917 2317 ‚
950 2259 1267 2326 quantumin
1284 2255 1529 2327 parricida
1545 2252 1654 2323 ipso
1667 2250 1785 2311 fuit,
1800 2250 1941 2305 simul
1959 2273 2014 2305 ac
2028 2252 2175 2306 semel
2192 2272 2331 2307 ever..

244 2329 357 2383 tiffe
377 2368 390 2391 ‚
413 2328 631 2382 obruisse
649 2339 664 2381 ?
697 2329 865 2381 Etiam
881 2328 1135 2381 Graecis&
1155 2329 1405 2383 Romanis
1420 2344 1556 2400 reges
1569 2324 1760 2396 semper
1773 2323 1964 2378 sanet-os
1980 2325 2145 2388 fuisse,
2159 2331 2207 2379 ὃ(
2224 2327 2330 2379 lau-

244 2404 351 2455 dari
369 2405 421 2454 in
441 2403 783 2455 monumentis
796 2401 1051 2453 annalium
1073 2403 1229 2454 ritum
1246 2403 1433 2473 populi
1453 2399 1677 2453 Romani
1690 2435 1702 2457 ,
1729 2416 1838 2467 quo
1854 2415 2112 2470 receptum
2129 2398 2232 2452 fuit
2244 2438 2260 2462 ,
2275 2419 2332 2455 ne

245 2479 352 2547 quis
383 2493 469 2529 rex
497 2475 581 2547 ezfi
599 2478 746 2527 armis
769 2487 930 2545 captus
957 2472 1085 2547 estet,
1128 2478 1237 2528 vita
1251 2478 1547 2548 privaretur.
1599 2470 1686 2523 Sic
1702 2471 1730 2522 a
1746 2469 1934 2542 Crispo
1950 2472 2187 2525 Sallustio
2205 2511 2221 2536 ,
2243 2473 2328 2527 M.

252 2547 507 2600 Cicerone
522 2587 537 2611 ,
565 2548 630 2600 C.
647 2547 785 2618 Julio
804 2545 1000 2600 Caesare
1016 2548 1478 2623 ‚sane‘t'itatemregli
1495 2547 1694 2600 nominis
1708 2545 1984 2614 praedicari.
2014 2545 2213 2599 Scholae
2228 2545 2329 2619 Py.

249 2618 524 2691 thagoricae
538 2621 734 2673 dietum
752 2619 1019 2679 celebrari,
1050 2625 1258 2671 &eadm-rou
1281 2626 1299 2667 ὁ
1320 2620 1514 2676 eamear
1526 2657 1540 2681 ,
1571 2632 1642 2669 res
1656 2614 1943 2685 divinzffima
1955 2622 2079 2675 Rex.
2134 2618 2330 2671 Ocula-

250 2691 499 2744 tiffimum-
512 2692 656 2744 illum
675 2711 868 2744 caecum
883 2689 1061 2744 vidiss‘e
1074 2726 1090 2751 ,
1127 2701 1319 2760 quanta
1334 2687 1416 2739 illa
1429 2684 1680 2752 sanstitaS,
1693 2707 1953 2760 quamque
1964 2690 2205 2746 omnibus
2218 2709 2332 2744 mo-

250 2761 330 2813 dis
345 2763 593 2815 inviolata
607 2763 701 2816 esse
716 2765 896 2817 debeat
912 2802 928 2826 ‚
966 2781 1084 2816 cum
1102 2762 1320 2822 diceret,
1361 2761 1485 2807 Δεινόν
1506 2765 1549 2808 δὲ
1572 2768 1680 2825 γένος
1701 2763 1906 2816 βασιλήϊόν
1929 2773 1982 2814 ὲςι
2016 2771 2168 2813 κτείνειν
2185 2798 2200 2822 ,
2233 2765 2326 2818 Re-

241 2850 327 2904 ges
349 2834 540 2888 orcz'dere
563 2834 721 2888 dirum
748 2836 823 2908 est.
902 2835 1063 2889 Unde
1077 2852 1198 2907 ergo
1213 2874 1226 2892 ,
1270 2851 1372 2884 non
1385 2830 1555 2884 dicam
1575 2835 1626 2886 in
1640 2832 1751 2885 ullo
1766 2832 1963 2885 Christi
1973 2832 2331 2890 sanstiflimum

252 2922 442 2957 nomen
472 2905 717 2975 professe,
759 2908 842 2961 sed
884 2910 935 2961 in
963 2907 1063 2960 ulla
1092 2907 1256 2977 specie
1271 2905 1803 2977 fi'guraquehominiS‚
1841 2919 1978 2959 tanta
1992 2904 2331 2960 feritas&im-

255 2977 466 3029 manitas
491 2978 669 3028 belluae
684 3015 699 3038 ‚
738 2994 794 3032 ut
814 2982 962 3050 regiae
977 2981 1095 3031 vitae
1106 2979 1498 3050 oppugnatione
1511 3016 1528 3041 ,
1566 2995 1807 3049 tanquam
1824 2981 1964 3050 regio
1977 2975 2200 3030 facinore
2215 2979 2330 3051 glo-⁴.

251 3049 410 3103 ‘rietur
434 3057 460 3102 ?r
486 3048 625 3105 Non
637 3048 754 3103 istos
765 3051 917 3124 quise
931 3050 1161 3108 homines
1172 3051 1281 3106 dici
1297 3050 1482 3122 volunt
1492 3089 1514 3119 a
1534 3057 1587 3108 δε
1601 3049 1804 3108 feritate
1815 3051 2003 3108 belluas
2017 3047 2296 3106 transiliunt
2308 3091 2327 3117 ,

2286 3123 2330 3197 fi·
