2504 3425
658 157 1844 217 C.CAESARCAL16ULA.
2165 164 2264 229 335

180 263 225 296 ut
257 248 434 295 laetitiam
468 246 680 310 publicam
713 250 759 295 in
794 265 1040 314 perpetuum
1074 267 1247 315 quoque
1269 267 1460 316 augeret,
1494 251 1640 313 adjecit
1661 251 1773 297 diem
1794 246 2097 305 Saturnalibus,
2133 253 2278 312 appel-

110 315 162 359 18
177 315 360 377 lavitque
393 314 654 372 Juvenalem.
722 316 902 361 Munera
915 316 1157 379 gladiatoria
1175 318 1325 380 partim
1347 319 1393 362 in
1414 316 1737 380 Amphitheatro
1761 316 1918 369 Tauri,
1953 315 2100 375 partim
2121 314 2166 358 in
2194 317 2271 361 Se-

178 380 258 440 ptis
275 380 432 440 aliquot
456 378 608 425 edidit:
645 379 799 442 quibus
821 378 990 426 inseruit
1010 396 1187 427 catervas
1206 380 1415 428 Afrorum
1442 384 1838 443 Campanorumque
1864 379 2056 441 pugilum
2081 393 2130 421 ex
2156 392 2269 423 utra-

179 459 262 505 que
297 444 469 503 regione
504 443 853 490 electissimorum.
918 447 1078 508 Neque
1101 435 1336 507 speffitculis
1361 445 1446 509 ipse
1473 444 1630 507 semper
1652 445 1856 507 praesedit:
1891 442 1958 488 sed
1982 441 2188 486 interdum
2202 452 2274 489 aut*

181 505 487 570 magistratibus
507 522 575 553 aut
597 510 739 553 amicis
759 509 997 571 praefidendi
1020 527 1170 554 munus
1191 512 1382 568 injunxit.
1450 513 1648 555 Scenicos
1664 509 1782 554 ludos
1807 513 1847 553 &
1873 505 2023 552 affidue
2040 540 2054 561 ,
2101 510 2143 550 &
2167 508 2270 552 varii

179 573 366 634 generis,
400 570 665 618 multifariam
693 571 802 619 fecit.
848 573 1060 637 quondam
1080 577 1203 619 etiam
1228 580 1268 618 &
1289 574 1540 629 nocturnos,
1575 573 1750 619 accensis
1774 588 1858 618 tota
1891 571 1992 617 urbe
2025 569 2270 617 luminibus.

181 635 328 698 Sparsit
348 640 390 679 δε
419 636 582 681 ῐῃῐΠῖΙὶει
607 639 806 681 variarum
833 656 992 694 rerum,
1029 644 1070 682 δέ
1102 641 1264 699 panaria
1284 654 1380 682 cum
1403 640 1582 700 opsonio
1605 639 1758 683 viritim
1780 636 1930 682 divisit.
1995 639 2090 696 Qa
2124 635 2272 696 epula-

179 701 296 745 tione
318 700 451 761 equiti
472 701 672 746 Romano
695 716 841 747 contra
864 708 902 746 ie
926 702 1091 746 hilarius
1119 701 1358 763 avidiusque
1382 702 1588 757 vescenti,
1623 715 1754 763 partes
1772 701 1858 746 suas
1881 698 2011 745 misit:
2045 695 2113 744 sed
2138 703 2181 744 &
2202 697 2267 744 se-

180 765 313 808 natori
334 764 391 808 ob
418 763 590 808 eandem
614 762 787 809 cauffiun
810 766 1026 810 codicillos
1049 801 1063 821 ‚
1109 764 1261 828 quibus
1283 779 1501 826 praetorem
1525 783 1622 810 eum
1645 779 1755 809 extra
1788 765 1980 809 ordinem
2014 762 2269 826 designabat.

177 827 323 873 Edidit
348 832 390 872 δε
418 825 636 873 Circenses
658 828 859 888 plurimos
879 846 900 873 a
926 846 1046 874 mane
1073 829 1198 891 usque
1220 828 1269 874 ad
1291 827 1498 891 vesperam
1524 865 1536 886 ‚
1580 830 1794 885 interjecta
1817 828 1945 872 modo
1968 825 2268 873 Africanarum

179 893 430 952 venatione,
464 890 596 936 modo
615 892 757 949 Trojae
781 891 1051 938 decursione.-
1090 897 1133 938 δε
1157 890 1356 955 quosdam
1376 896 1629 955 praecipuos,
1663 892 1797 936 minio
1821 896 1863 935 &
1887 889 2138 950 chrysocolla
2159 908 2266 936 con-

175 953 299 1001 strato
324 955 473 1000 Circo:
509 971 588 1000 nec
610 956 704 1000 ullis
726 956 801 1003 nisi
824 975 873 1002 ex
894 954 1100 1002 senatorio
1123 956 1270 1002 ordine
1294 958 1592 1021 aurigantibus.
1662 952 2138 1009 Commifit&subitos‚
2171 970 2267 1000 cum

99 1039 154 1083 ¹9
178 1035 200 1065 e
224 1019 451 1066 Gelotiana
470 1034 705 1082 apparatum
719 1020 836 1066 Circi
860 1018 1179 1085 prospicientem
1193 1024 1312 1085 pauci
1327 1040 1376 1069 cx
1397 1023 1599 1086 proximis
1609 1021 1832 1067 Maenianis
1844 1015 2125 1080 postulassent.
2169 1020 2271 1063 No·-

2169 1098 2271 1127 vum

499 1160 868 1197 TORRENT.

230 1256 371 1307 Adjecit
386 1258 476 1296 diem
496 1258 731 1308 saturnalia]
762 1260 862 1295 Dion
883 1270 965 1295 eum
983 1255 1107 1304 iuffisse
1126 1256 1203 1294 scri-

175 1306 224 1346 bit
243 1308 364 1345 diebus
381 1310 531 1361 quinque
551 1311 606 1361 agi
625 1310 825 1348 Saturnalia.
866 1309 991 1359 Atqui,
1016 1309 1200 1344 Macrobio

175 1358 259 1397 teste
272 1387 285 1403 ,
314 1372 386 1397 non
408 1359 470 1397 nisi
488 1362 593 1398 trium
611 1361 746 1399 dierum
761 1360 824 1398 sub
843 1359 995 1410 Augusto
1012 1359 1200 1396 Saturnalia

174 1408 269 1447 fuere
280 1438 292 1453 ,
322 1409 379 1448 lib.
396 1425 424 1448 1.
441 1424 513 1461 cap.
525 1425 559 1449 x.

238 1467 293 1497 18.
319 1465 359 1495 In
375 1461 627 1510 amphitheatro
638 1460 780 1510 Tauri.]
811 1460 915 1498 Liber
927 1471 1000 1510 opt.
1012 1473 1086 1497 non
1095 1460 1200 1496 habet

172 1509 366 1546 dictionem
387 1513 502 1548 Tauri.
563 1514 642 1548 Nec
669 1511 748 1548 sane
764 1510 946 1547 neceffaria
967 1510 1036 1554 est,
1062 1510 1198 1547 tametsi

172 1559 217 1596 de
235 1559 353 1596 Statilii
373 1563 477 1598 Tauri
500 1562 757 1611 amphitheatro
775 1562 944 1612 loquatur.
987 1560 1077 1600 Vide
1105 1562 1194 1611 Aug.

171 1621 359 1660 <ap.xxix.
382 1615 418 1648 δε
430 1624 556 1663 cap-xz.
569 1626 604 1649 ιι
618 1626 648 1650 1.

223 1665 394 1696 Catervas
425 1664 594 1708 Afrorum
630 1666 959 1711 Campanorumque.
978 1659 992 1707 ]
1050 1659 1123 1698 Afri
1158 1664 1196 1698 &

174 1712 348 1760 Campani
368 1712 499 1760 pugiles
516 1711 592 1762 post
610 1715 752 1749 Graecos
779 1713 934 1749 maxime
956 1710 1192 1749 laudabantur.

171 1761 261 1810 Aug.
285 1773 358 1809 cap.
376 1774 461 1799 xcvi
475 1777 526 1800 11.
565 1764 737 1799 Catervas
757 1775 875 1799 autem
894 1774 996 1800 vocat
1013 1761 1068 1799 vel
1091 1774 1198 1799 cater-

169 1813 281 1849 vatim
305 1808 518 1861 assumptos,
544 1810 598 1851 vel
617 1813 660 1849 ad
684 1811 920 1850 differentiam
939 1825 1063 1848 eorum
1077 1814 1133 1862 qui
1143 1827 1199 1850 or-

168 1860 288 1898 dinarii
306 1865 343 1897 ὅ(
362 1861 509 1910 legitimi
527 1862 792 1913 appellabantur.
826 1865 912 1913 Aug.
927 1875 1001 1912 cap.
1014 1876 1093 1900 xtv.

225 1912 507 1961 Maltifzriam]
554 1916 644 1957 Pro,
674 1913 789 1951 multis
810 1914 910 1958 locis,
943 1925 977 1951 ut
1005 1913 1105 1950 Galb.
1119 1925 1191 1963 cap.

169 1975 250 1999 xvc.
280 1963 513 2007 multifariam
531 1965 728 2014 diversique
745 1964 941 2002 tendebant.
972 1964 1044 2001 Cic.
1065 1964 1123 2001 lib.
1142 1978 1194 2001 11.

170 2012 214 2048 de
231 2015 330 2049 Orat.
360 2012 395 2048 Si
408 2026 534 2050 aarum
554 2014 610 2051 cui
623 2043 638 2058 ,
675 2016 763 2064 quod
780 2013 852 2063 effet
879 2013 1115 2058 multifariam
1142 2015 1198 2049 de-

160 2063 283 2110 s0ffi¹m
299 2091 313 2106 „
339 2065 593 2111 ammonstrare
611 2067 742 2102 vellem.
774 2068 811 2101 ὅ(
831 2064 890 2100 lib.
910 2079 937 2100 1.
969 2062 1012 2099 de
1023 2063 1200 2114 Legibus:

169 2114 318 2159 Judicia
336 2127 402 2163 qua
419 2116 593 2163 qaondam
604 2118 777 2164 nusquam
793 2124 891 2150 erant
902 2143 914 2158 ‚
937 2113 1033 2149 hodie
1042 2114 1198 2160 multifa-

169 2164 260 2201 riam
277 2166 373 2200 nulla
381 2164 475 2213 sunt.
541 2167 594 2203 Sic
606 2165 830 2214 plurifariam
850 2178 912 2214 pro
946 2164 1098 2213 pluribus
1115 2165 1196 2201 locis

170 2226 339 2265 ‹,ap.,11v.
361 2219 398 2252 ὃ(
415 2214 534 2254 Claud.
553 2229 629 2266 cap.
641 2231 720 2254 xxi.
742 2220 780 2254 δε
799 2215 1060 2265 aliquotsariam
1081 2218 1195 2255 Varro

171 2266 215 2302 de
232 2269 286 2302 Re
304 2266 415 2303 Ruit.-

229 2317 483 2362 Afrlcanarum
500 2316 645 2365 venat.]
703 2318 756 2354 Sic
783 2316 969 2367 pantheras
994 2315 1193 2360 vocabant,

174 2366 267 2416 quod
293 2366 510 2404 creberrimae
535 2370 571 2404 in
594 2368 709 2404 Africa
730 2380 825 2405 erant
844 2397 855 2412 ‚
891 2367 1194 2417 quemadmodum

176 2422 214 2454 &
232 2417 372 2460 varias,
402 2416 450 2454 ob
470 2418 620 2455 maculas
632 2432 783 2470 nempe,
811 2419 934 2469 quibus
948 2430 1044 2454 erant
1063 2417 1195 2468 conspi-

177 2480 258 2504 cuae.
298 2466 383 2503 Plin.
405 2467 586 2506 lib.v111.
615 2482 688 2520 cap.
707 2483 812 2507 xv11.
872 2469 972 2505 Unde
1001 2473 1039 2506 δε
1065 2468 1195 2505 mensae

175 2516 335 2570 quaedam
352 2517 579 2568 pantherinae,
616 2521 703 2557 Plin.
724 2520 782 2557 lib.
805 2534 846 2557 xx
860 2534 871 2556 1
885 2534 912 2557 1.
945 2532 1018 2570 cap.
1039 2532 1094 2557 xv.
1155 2523 1196 2555 Et

175 2570 350 2618 eleganter
385 2568 519 2605 Plautus
550 2570 646 2619 Epid.
694 2573 768 2619 Qi
791 2570 892 2606 varie
909 2570 1029 2606 valent
1053 2569 1196 2617 caprige-

172 2632 257 2657 num
274 2618 450 2656 hominum
465 2632 531 2655 non
539 2619 676 2668 placem
695 2620 806 2664 mihi,
831 2619 1195 2670 Nequepantherinum

196 2685 288 2708 872ίῶ5.

171 2685 193 2721 g
228 2718 412 2762 Minio&
431 2718 605 2769 chryfhcol.
629 2719 743 2768 constr.
773 2721 898 2767 ciram]
960 2720 1001 2757 Id
1030 2719 1115 2756 Plin.
1135 2719 1193 2757 lib.

175 2785 321 2809 xxx111.
336 2783 373 2807 ca
401 2785 452 2809 .v.
487 2772 640 2807 Neronis
650 2770 961 2821 principatuvilhm
971 2770 1194 2814 scribit‚cum

174 2822 241 2872 ipse
261 2785 436 2860 concolbri
459 2835 576 2872 panno
597 2823 806 2871 aurigaturus
834 2818 924 2857 effer.
982 2821 1193 2857 Concotcrem

173 2885 291 2910 autem
304 2871 480 2924 prasinum
496 2884 608 2910 vocat.
641 2875 761 2922 Quem
771 2870 927 2916 Juvenal.
940 2883 1080 2921 quoque
1091 2868 1192 2922 figni-

176 2921 258 2961 ficat
277 2927 343 2962 Sat.
372 2937 424 2961 11.
454 2937 536 2960 cum
559 2925 624 2960 ait:

607 2996 620 3003 -
645 2996 660 3003 -
685 2997 700 3003 -
718 2973 907 3022 sedsragor
924 2984 1045 3007 aurem

290 3023 462 3068 Percutit,
483 3034 648 3060 eventum
666 3024 792 3059 viridis
812 3036 875 3072 quo
895 3023 1002 3071 colligo
1018 3022 1145 3070 panni.

179 3076 221 3111 Et
237 3075 421 3110 Neronem
437 3075 558 3124 igitur,
593 3078 629 3111 ὃς
656 3076 783 3119 Caium
804 3074 836 3110 id
852 3072 962 3109 fecisse
982 3073 1195 3109 credendum

180 3123 228 3178 est
238 3151 250 3169 ,
266 3136 348 3162 cum
363 3136 504 3176 uterque
514 3126 585 3177 pari
594 3124 720 3162 insania
740 3125 887 3176 praiinx
909 3123 1196 3163 tattiomfaverit.
1247 3129 1283 3161 δε
1302 3138 1366 3161 nos
1379 3139 1391 3161 s

1304 1165 1395 1198 Cum
1418 1176 1434 1197 e
1452 1158 1667 1208 Gelotiana]
1708 1159 1761 1196 Sic
1780 1157 1989 1196 Turnebum
2007 1155 2136 1195 secutus
2154 1154 2267 1194 Pulm.

1248 1210 1365 1250 edidit.
1394 1213 1439 1249 At
1461 1225 1537 1249 mss.
1560 1225 1647 1261 quos
1660 1223 1727 1258 ego
1738 1209 1827 1252 vidi,
1841 1209 1907 1258 lege
1926 1208 2268 1252 Lotiana,L0vana‚

1247 1264 1284 1298 δε
1302 1263 1456 1299 Lutiana
1477 1262 1618 1299 habent.
1677 1259 1860 1297 Sabellicus
1879 1260 1985 1297 etiam
2013 1257 2176 1304 Joviana
2201 1256 2269 1307 legi

1249 1311 1398 1350 testatur.
1429 1314 1590 1363 Egnatius
1610 1324 1697 1350 vero
1710 1324 1752 1347 ex
1764 1310 1883 1347 codice
1906 1311 1968 1358 (ut
1985 1308 2053 1355 ait)
2071 1307 2186 1359 &ipse
2206 1319 2267 1346 MS.

1246 1364 1348 1400 nimis
1369 1362 1675 1402 inverecundeloci
1693 1361 1896 1398 sententiam
1915 1359 2117 1446 corrumspit.
2146 1360 2268 1407 Qare

1248 1414 1454 1452 Turnebum
1468 1418 1505 1451 δε
1516 1428 1584 1464 ego
1597 1413 1741 1464 sequor,
1767 1412 1925 1448 maxime
1944 1409 1992 1447 ob
2007 1410 2043 1446 in
2059 1409 2267 1458 criptionem

1245 1466 1372 1515 antiqui
1399 1465 1588 1502 marmoris
1609 1479 1617 1501 ι
1663 1475 1867 1500 srmrnono
1907 1472 2145 1518 Tl-:ssmtarfxo
2186 1470 2266 1497 SER-

1246 1525 1414 1552 CAESARIS
1455 1527 1503 1551 DE
1538 1526 1646 1551 Domo
1682 1525 1916 1551 GELonANA.
1982 1514 2156 1559 Principes
2182 1522 2269 1548 vero

1245 1563 1332 1615 saepe
1357 1578 1376 1601 e
1397 1566 1515 1601 vicinis
1544 1565 1635 1600 circo
1666 1565 1771 1600 etiam
1798 1565 2015 1613 privatorum
2037 1559 2168 1598 aedibus
2194 1558 2268 1610 spe·

1245 1613 1345 1652 &asse
1365 1615 1541 1651 Circenses
1558 1614 1724 1651 omnibus
1741 1625 1866 1650 notum
1883 1612 1941 1650 est.
2098 1654 2100 1657 ⁸

1299 1671 1352 1701 Ex
1363 1666 1527 1713 proximis
1544 1662 1764 1712 maeniana]
1795 1664 2060 1708 Moenianaquae
2073 1658 2161 1704 iim,
2182 1671 2268 1710 prae-

1243 1727 1294 1752 ter
1311 1716 1464 1759 Festum,
1493 1720 1530 1753 &
1550 1714 1724 1752 Isidorum
1744 1742 1756 1757 ,
1803 1714 1909 1750 etiam
1934 1713 2013 1757 JCti
2039 1724 2105 1749 nos
2133 1710 2264 1747 docent

1243 1766 1264 1803 l.
1279 1779 1333 1804 xx.
1374 1770 1431 1803 De
1447 1766 1556 1805 servit.
1575 1765 1648 1803 urb.
1668 1764 1774 1815 praed.
1798 1767 1837 1802 ὅ(
1856 1763 1878 1801 l.
1898 1774 2014 1802 ccxm
2027 1777 2056 1801 1.
2090 1763 2150 1799 De
2166 1760 2263 1803 verb.

1243 1821 1282 1854 &
1299 1831 1363 1855 rer.
1385 1815 1496 1868 signifi

1552 1944 1955 1978 (ΞΑεΑυιιοιεῐ.Δ

1301 2076 1311 2098 ι
1322 2067 1351 2099 8.
1367 2060 1490 2112 Sparsit
1498 2059 1551 2105 ξδ’
1560 2058 1691 2109 mzfflia
1701 2061 1884 2099 variarum
1893 2058 2039 2106 rerum]
2056 2059 2266 2107 Cuiusmodi-

1245 2111 1299 2148 illa
1317 2112 1391 2149 sunt
1409 2143 1421 2159 ,
1467 2126 1543 2164 quae
1569 2111 1727 2149 describit
1749 2114 1869 2150 Statius
1887 2109 2137 2160 el'egantiffime
2161 2111 2218 2148 lib.
2236 2126 2262 2148 ι.

1246 2163 1447 2212 Sylvarum,
1487 2164 1640 2201 carmine
1657 2162 1790 2200 ultimo.
1849 2162 1915 2200 Sed
1940 2162 1982 2198 de
2003 2161 2167 2212 Caligulae
2185 2161 2264 2198 mif-

1245 2212 1358 2251 {ilibus
1377 2215 1488 2253 scribit
1507 2213 1672 2263 Josephus
1686 2215 1721 2250 in
1732 2213 1869 2251 historia
1889 2212 1990 2249 caedis
2009 2214 2102 2258 ejus:
2127 2214 2265 2252 Πολλῖς

1244 2261 1281 2299 δὲ
1318 2265 1450 2314 ἑπῴροις
1484 2263 1705 2311 ἐπιχεομένης
1740 2267 1807 2304 τοῖς
1834 2264 1974 2310 θεωροῖς
1988 2290 2002 2305 ‚
2043 2262 2105 2298 xxi
2123 2263 2265 2299 πολλᾶν

1244 2314 1374 2364 ὀρνέων,
1403 2316 1521 2354 ὁπόσα,
1542 2316 1593 2360 τῷ
1609 2315 1742 2360 σπανίῳ
1761 2313 1865 2359 τίμιοι
1881 2315 1948 2353 τοῖς
1967 2311 2153 2357 κἾωμένοις.

1299 2371 1328 2401 Ε
1376 2366 1555 2403 Gelotiana
1597 2373 1798 2413 apparatum
1845 2364 1923 2401 circi
1969 2361 2259 2412 prospicientem]

1245 2418 1331 2452 Haec
1349 2430 1429 2455 vera
1447 2417 1606 2466 scriptura
1623 2415 1670 2451 est
1690 2415 1788 2461 hujus
1799 2414 1888 2457 loci,
1917 2425 2024 2464 quam
2035 2412 2169 2464 pridem
2180 2411 2260 2449 affe-

1243 2467 1309 2503 ruit
1330 2481 1387 2504 rex
1406 2467 1460 2504 ille
1479 2467 1675 2504 criticorum
1694 2465 1879 2502 Turnebus
1894 2493 1906 2508 ‚
1946 2467 1983 2500 ὅ(
2003 2477 2068 2501 nos
2088 2461 2261 2500 afferimus

1245 2530 1336 2553 nunc
1363 2520 1488 2555 iterum
1512 2517 1711 2553 auctoritate
1739 2515 1822 2552 libb.
1849 2515 2069 2552 bibliothecae
2092 2515 2195 2564 regiae
2224 2518 2258 2550 δε

1245 2570 1452 2605 Memmiani
1484 2569 1541 2616 (in
1559 2567 1679 2617 quibus
1700 2566 1864 2603 omnibus
1881 2564 2011 2616 liquido
2034 2563 2082 2603 stc
2102 2564 2262 2614 scriptum

1245 2617 1305 2667 ipsi
1324 2619 1496 2665 vidimus)
1526 2622 1563 2655 ὃ(
1584 2619 1672 2654 Petri
1690 2618 1825 2654 Pithoei.
1866 2614 1986 2653 favent
2006 2627 2143 2664 quoque
2159 2642 2171 2657 ‚
2200 2611 2262 2649 etsi

1245 2671 1413 2719 corrupti,
1443 2668 1545 2705 codd.
1567 2667 1700 2705 Viterb.
1723 2681 1761 2703 ac
1781 2666 1960 2708 Grossotii‚
1989 2666 2026 2701 in
2046 2664 2168 2713 quibus
2187 2663 2266 2700 scri·

1244 2730 1341 2768 ptum
1357 2720 1422 2768 lege
1440 2720 1596 2755 Lotiana.
1656 2717 1757 2754 Tolle
1776 2727 1978 2766 peccantem
1999 2715 2135 2751 literam
2153 2714 2182 2756 l,
2211 2725 2267 2749 to-

1243 2769 1352 2805 tidem
1370 2769 1488 2819 postea
1504 2767 1701 2810 restabunt,
1720 2779 1805 2816 quot
1826 2778 1907 2806 vera
1928 2765 2030 2801 leet-io
2041 2763 2181 2801 constat.
2203 2766 2261 2800 Ne

1243 2821 1343 2867 igitur
1362 2819 1540 2856 audiamus
1560 2818 1786 2854 inconcinnas
1804 2844 1817 2859 ‚
1855 2829 1939 2854 meo
1955 2814 2101 2866 quidem
2116 2816 2237 2850 animo
2246 2840 2264 2857 ,,

1243 2862 1390 2908 :iliorum
1417 2868 1693 2906 emendationes.
1731 2867 1913 2904 Gelotiana
1928 2865 1987 2904 vel
2006 2865 2134 2902 domus
2150 2864 2264 2902 velin-

1246 2921 1313 2959 sula
1332 2920 1392 2958 illis
1419 2919 1633 2969 temporibus
1662 2930 1745 2954 nota
1768 2919 1803 2954 in
1822 2916 1907 2953 urbe.
1928 2915 1990 2952 fuit
2005 2942 2022 2959 ,.
2047 2915 2108 2951 -ad
2134 2916 2266 2950 circum

1246 2984 1282 3009 ut
1302 2972 1448 3008 arbitror
1465 2971 1677 3007 maximum.
1731 2969 1782 3005 Ac
1806 2966 1885 3004 licet
1902 2967 2073 3014 conjicere
2091 2977 2134 3001 ex
2154 2977 2191 3001 ea
2212 2967 2266 3000 in«

1244 3023 1421 3072 scriptione
1439 3032 1548 3072 quam
1569 3019 1751 3065 Turnebus
1773 3017 1901 3070 profert
1918 3045 1934 3061 ‚-
1975 3018 2011 3053 in
2036 3029 2080 3052 ea
2094 3016 2263 3070 *hasunge

1248 3084 1381 3123 partem
1396 3072 1518 3113 servitii
1534 3070 1726 3120 Caesariani.
1748 3073 1750 3075 “
1780 3074 1873 3112 Eum
1888 3067 2041 3120 lapidem
2055 3066 2263 3113 subju-eunus

2130 3177 2191 3200 §Y
2222 3175 2272 3199 ΜΡ·
