<?xml version="1.0" encoding="UTF-8"?>
<!DOCTYPE html PUBLIC "-//W3C//DTD XHTML 1.0 Transitional//EN"
    "http://www.w3.org/TR/xhtml1/DTD/xhtml1-transitional.dtd">
<html xmlns="http://www.w3.org/1999/xhtml" xml:lang="en" lang="en">
 <head>
  <title>
</title>
<meta http-equiv="Content-Type" content="text/html;charset=utf-8" />
  <meta name='ocr-system' content='tesseract 3.04.00' />
  <meta name='ocr-capabilities' content='ocr_page ocr_carea ocr_par ocr_line ocrx_word'/>
</head>
<body>
  <div class='ocr_page' id='page_1' title='image "./csuetoniustranqu00suet_0782.png"; bbox 0 0 2504 3425; ppageno 0'>
   <div class='ocr_carea' id='block_1_1' title="bbox 289 130 2101 211">
    <p class='ocr_par' dir='ltr' id='par_1_1' title="bbox 289 130 2101 211">
     <span class='ocr_line' id='line_1_1' title="bbox 289 130 2101 211; baseline -0.004 -17"><span class='ocrx_word' id='word_1_1' title='bbox 289 140 391 208; x_wconf 77' lang='lat'><strong>778</strong></span> <span class='ocrx_word' id='word_1_2' title='bbox 575 130 2101 211; x_wconf 48' lang='lat' dir='ltr'><strong>JOANN15G50R011GRAEV11</strong></span> 
     </span>
    </p>
   </div>
   <div class='ocr_carea' id='block_1_2' title="bbox 239 217 2395 1027">
    <p class='ocr_par' dir='ltr' id='par_1_2' title="bbox 239 217 2395 981">
     <span class='ocr_line' id='line_1_2' title="bbox 285 217 2379 280; baseline -0.005 -14"><span class='ocrx_word' id='word_1_3' title='bbox 285 241 421 269; x_wconf 77' lang='lat' dir='ltr'>veteres</span> <span class='ocrx_word' id='word_1_4' title='bbox 448 228 494 266; x_wconf 84' lang='lat' dir='ltr'><strong>fic</strong></span> <span class='ocrx_word' id='word_1_5' title='bbox 525 229 761 280; x_wconf 73' lang='lat' dir='ltr'><strong>loquebantur.</strong></span> <span class='ocrx_word' id='word_1_6' title='bbox 820 225 955 271; x_wconf 66' lang='lat' dir='ltr'><strong>Legibus</strong></span> <span class='ocrx_word' id='word_1_7' title='bbox 974 222 1069 271; x_wconf 57' lang='grc' dir='ltr'><strong>βίω·</strong></span> <span class='ocrx_word' id='word_1_8' title='bbox 1100 219 1275 256; x_wconf 78' lang='lat' dir='ltr'>dicebatur</span> <span class='ocrx_word' id='word_1_9' title='bbox 1292 248 1304 264; x_wconf 90' lang='lat'><em>,</em></span> <span class='ocrx_word' id='word_1_10' title='bbox 1407 224 1516 265; x_wconf 80' lang='lat' dir='ltr'>Opera</span> <span class='ocrx_word' id='word_1_11' title='bbox 1531 222 1745 267; x_wconf 83' lang='lat' dir='ltr'><strong>optimatibus</strong></span> <span class='ocrx_word' id='word_1_12' title='bbox 1756 225 1840 260; x_wconf 74' lang='lat' dir='ltr'><strong>data</strong></span> <span class='ocrx_word' id='word_1_13' title='bbox 1860 224 1942 272; x_wconf 85' lang='lat' dir='ltr'><strong>est.]</strong></span> <span class='ocrx_word' id='word_1_14' title='bbox 1976 218 2217 263; x_wconf 79' lang='lat' dir='ltr'><strong>Cod.sal1nas.</strong></span> <span class='ocrx_word' id='word_1_15' title='bbox 2236 217 2379 256; x_wconf 82' lang='lat' dir='ltr'><strong>&amp;R0b.</strong></span> 
     </span>
     <span class='ocr_line' id='line_1_3' title="bbox 288 268 2382 355; baseline -0.004 -39"><span class='ocrx_word' id='word_1_16' title='bbox 288 281 344 331; x_wconf 85' lang='lat' dir='ltr'><strong>qui</strong></span> <span class='ocrx_word' id='word_1_17' title='bbox 373 292 440 317; x_wconf 84' lang='lat' dir='ltr'><strong>una</strong></span> <span class='ocrx_word' id='word_1_18' title='bbox 469 292 602 317; x_wconf 80' lang='lat' dir='ltr'>tantum</span> <span class='ocrx_word' id='word_1_19' title='bbox 631 280 706 320; x_wconf 59' lang='lat' dir='ltr'>leste</span> <span class='ocrx_word' id='word_1_20' title='bbox 730 275 933 312; x_wconf 81' lang='lat' dir='ltr'>solvebatur.</span> <span class='ocrx_word' id='word_1_21' title='bbox 993 270 1076 306; x_wconf 89' lang='lat' dir='ltr'><strong>Inde</strong></span> <span class='ocrx_word' id='word_1_22' title='bbox 1092 283 1232 355; x_wconf 58' lang='lat' dir='ltr'><strong>quor-pie</strong></span> <span class='ocrx_word' id='word_1_23' title='bbox 1255 270 1305 307; x_wconf 86' lang='lat' dir='ltr'><strong>Io·</strong></span> <span class='ocrx_word' id='word_1_24' title='bbox 1354 268 1469 317; x_wconf 86' lang='lat' dir='ltr'><strong>Steph.</strong></span> <span class='ocrx_word' id='word_1_25' title='bbox 1491 276 1586 315; x_wconf 84' lang='lat' dir='ltr'>opera</span> <span class='ocrx_word' id='word_1_26' title='bbox 1601 271 1647 306; x_wconf 80' lang='lat' dir='ltr'><strong>ab</strong></span> <span class='ocrx_word' id='word_1_27' title='bbox 1665 273 1878 319; x_wconf 83' lang='lat' dir='ltr'><em>optimatibus</em></span> <span class='ocrx_word' id='word_1_28' title='bbox 1897 276 1982 312; x_wconf 78' lang='lat' dir='ltr'><strong>data</strong></span> <span class='ocrx_word' id='word_1_29' title='bbox 2000 276 2052 322; x_wconf 81' lang='lat' dir='ltr'><strong>est.</strong></span> <span class='ocrx_word' id='word_1_30' title='bbox 2091 269 2382 319; x_wconf 75' lang='lat' dir='ltr'>Sedvulgatanon</span> 
     </span>
     <span class='ocr_line' id='line_1_4' title="bbox 239 317 2386 373; baseline -0.005 -11"><span class='ocrx_word' id='word_1_31' title='bbox 239 339 248 345; x_wconf 84' lang='lat'>·</span> <span class='ocrx_word' id='word_1_32' title='bbox 290 332 382 367; x_wconf 72' lang='lat' dir='ltr'>cutio</span> <span class='ocrx_word' id='word_1_33' title='bbox 407 330 461 366; x_wconf 79' lang='lat' dir='ltr'>illa</span> <span class='ocrx_word' id='word_1_34' title='bbox 489 330 643 366; x_wconf 70' lang='lat' dir='ltr'>manavit</span> <span class='ocrx_word' id='word_1_35' title='bbox 662 322 879 369; x_wconf 67' lang='lat' dir='ltr'>{Principem</span> <span class='ocrx_word' id='word_1_36' title='bbox 899 321 1031 370; x_wconf 73' lang='lat' dir='ltr'><strong>Iegibus</strong></span> <span class='ocrx_word' id='word_1_37' title='bbox 1044 320 1109 356; x_wconf 88' lang='lat' dir='ltr'><strong>esse</strong></span> <span class='ocrx_word' id='word_1_38' title='bbox 1135 319 1170 356; x_wconf 85' lang='lat' dir='ltr'><strong>so</strong></span> <span class='ocrx_word' id='word_1_39' title='bbox 1185 331 1305 364; x_wconf 87' lang='lat' dir='ltr'>utum,</span> <span class='ocrx_word' id='word_1_40' title='bbox 1355 317 1598 367; x_wconf 81' lang='lat' dir='ltr'>improbanda.</span> <span class='ocrx_word' id='word_1_41' title='bbox 1618 318 1665 356; x_wconf 85' lang='lat' dir='ltr'><strong>fic</strong></span> <span class='ocrx_word' id='word_1_42' title='bbox 1682 334 1789 359; x_wconf 88' lang='lat' dir='ltr'><strong>mox:</strong></span> <span class='ocrx_word' id='word_1_43' title='bbox 1816 328 1985 373; x_wconf 76' lang='lat' dir='ltr'><strong>Campum</strong></span> <span class='ocrx_word' id='word_1_44' title='bbox 2004 327 2175 362; x_wconf 67' lang='lat' dir='ltr'><em>Stellatem</em></span> <span class='ocrx_word' id='word_1_45' title='bbox 2204 318 2386 369; x_wconf 73' lang='lat' dir='ltr'><strong>majoribus</strong></span> 
     </span>
     <span class='ocr_line' id='line_1_5' title="bbox 290 367 2384 429; baseline -0.007 -11"><span class='ocrx_word' id='word_1_46' title='bbox 290 394 364 417; x_wconf 86' lang='lat' dir='ltr'><strong>non</strong></span> <span class='ocrx_word' id='word_1_47' title='bbox 382 379 475 429; x_wconf 86' lang='lat' dir='ltr'>quod</span> <span class='ocrx_word' id='word_1_48' title='bbox 492 379 654 416; x_wconf 83' lang='lat' dir='ltr'>omnibus</span> <span class='ocrx_word' id='word_1_49' title='bbox 668 376 798 423; x_wconf 75' lang='lat' dir='ltr'>legibus</span> <span class='ocrx_word' id='word_1_50' title='bbox 812 372 851 408; x_wconf 82' lang='lat' dir='ltr'><strong>fit</strong></span> <span class='ocrx_word' id='word_1_51' title='bbox 870 372 1014 414; x_wconf 82' lang='lat' dir='ltr'>solutus,</span> <span class='ocrx_word' id='word_1_52' title='bbox 1045 369 1102 407; x_wconf 89' lang='lat' dir='ltr'><strong>sed</strong></span> <span class='ocrx_word' id='word_1_53' title='bbox 1122 371 1219 407; x_wconf 83' lang='lat' dir='ltr'>certis</span> <span class='ocrx_word' id='word_1_54' title='bbox 1235 372 1308 420; x_wconf 88' lang='lat' dir='ltr'>qui·</span> <span class='ocrx_word' id='word_1_55' title='bbox 1355 367 1578 416; x_wconf 80' lang='lat' dir='ltr'><strong>consecratum</strong></span> <span class='ocrx_word' id='word_1_56' title='bbox 1594 399 1605 414; x_wconf 93' lang='lat'><em>,</em></span> <span class='ocrx_word' id='word_1_57' title='bbox 1635 384 1729 420; x_wconf 84' lang='lat' dir='ltr'>proa</span> <span class='ocrx_word' id='word_1_58' title='bbox 1745 374 1948 417; x_wconf 72' lang='lat' dir='ltr'>majoribus,</span> <span class='ocrx_word' id='word_1_59' title='bbox 1966 379 2053 412; x_wconf 76' lang='lat' dir='ltr'><strong>Tac,</strong></span> <span class='ocrx_word' id='word_1_60' title='bbox 2081 390 2107 412; x_wconf 69' lang='grc' dir='ltr'><strong>ι,</strong></span> <span class='ocrx_word' id='word_1_61' title='bbox 2130 389 2157 411; x_wconf 83' lang='lat'><strong>1.</strong></span> <span class='ocrx_word' id='word_1_62' title='bbox 2183 371 2305 408; x_wconf 83' lang='lat' dir='ltr'><em>Veteris</em></span> <span class='ocrx_word' id='word_1_63' title='bbox 2326 375 2384 414; x_wconf 86' lang='lat' dir='ltr'><strong>po-</strong></span> 
     </span>
     <span class='ocr_line' id='line_1_6' title="bbox 292 416 2384 477; baseline -0.009 -9"><span class='ocrx_word' id='word_1_64' title='bbox 292 431 461 472; x_wconf 72' lang='lat' dir='ltr'>busdam,</span> <span class='ocrx_word' id='word_1_65' title='bbox 489 442 564 477; x_wconf 69' lang='lat' dir='ltr'>qua:</span> <span class='ocrx_word' id='word_1_66' title='bbox 585 429 619 463; x_wconf 92' lang='lat' dir='ltr'><strong>in</strong></span> <span class='ocrx_word' id='word_1_67' title='bbox 636 426 776 473; x_wconf 82' lang='lat' dir='ltr'>antiquo</span> <span class='ocrx_word' id='word_1_68' title='bbox 810 432 1064 464; x_wconf 86' lang='lat' dir='ltr'>monumento,</span> <span class='ocrx_word' id='word_1_69' title='bbox 1094 422 1217 470; x_wconf 86' lang='lat' dir='ltr'>quoin</span> <span class='ocrx_word' id='word_1_70' title='bbox 1236 424 1309 458; x_wconf 89' lang='lat' dir='ltr'><strong>Ve-</strong></span> <span class='ocrx_word' id='word_1_71' title='bbox 1350 417 1424 467; x_wconf 75' lang='lat' dir='ltr'><strong>puli</strong></span> <span class='ocrx_word' id='word_1_72' title='bbox 1442 420 1586 456; x_wconf 80' lang='lat' dir='ltr'><strong>Romani</strong></span> <span class='ocrx_word' id='word_1_73' title='bbox 1608 422 1759 470; x_wconf 81' lang='lat' dir='ltr'><strong>prospera</strong></span> <span class='ocrx_word' id='word_1_74' title='bbox 1786 421 1842 457; x_wconf 83' lang='lat' dir='ltr'><strong>vel</strong></span> <span class='ocrx_word' id='word_1_75' title='bbox 1870 424 2016 470; x_wconf 67' lang='lat' dir='ltr'><strong>adversa</strong></span> <span class='ocrx_word' id='word_1_76' title='bbox 2037 425 2137 462; x_wconf 68' lang='lat' dir='ltr'><em>clasis</em></span> <span class='ocrx_word' id='word_1_77' title='bbox 2170 416 2384 470; x_wconf 56' lang='lat' dir='ltr'><strong>firiptortbug</strong></span> 
     </span>
     <span class='ocr_line' id='line_1_7' title="bbox 289 469 2385 530; baseline -0.004 -14"><span class='ocrx_word' id='word_1_78' title='bbox 289 480 485 530; x_wconf 65' lang='lat' dir='ltr'><strong>spafianum</strong></span> <span class='ocrx_word' id='word_1_79' title='bbox 514 474 734 513; x_wconf 81' lang='lat' dir='ltr'>conferuntur</span> <span class='ocrx_word' id='word_1_80' title='bbox 764 487 891 510; x_wconf 86' lang='lat' dir='ltr'>omnes</span> <span class='ocrx_word' id='word_1_81' title='bbox 917 472 960 509; x_wconf 90' lang='lat' dir='ltr'>illi</span> <span class='ocrx_word' id='word_1_82' title='bbox 996 472 1148 508; x_wconf 84' lang='lat' dir='ltr'>honores</span> <span class='ocrx_word' id='word_1_83' title='bbox 1176 475 1214 507; x_wconf 74' lang='grc' dir='ltr'><strong>δε</strong></span> <span class='ocrx_word' id='word_1_84' title='bbox 1243 472 1310 508; x_wconf 86' lang='lat' dir='ltr'><strong>im·</strong></span> <span class='ocrx_word' id='word_1_85' title='bbox 1359 479 1560 506; x_wconf 77' lang='lat' dir='ltr'><strong>memorata.</strong></span> <span class='ocrx_word' id='word_1_86' title='bbox 1583 483 1669 508; x_wconf 87' lang='lat' dir='ltr'><strong>mox</strong></span> <span class='ocrx_word' id='word_1_87' title='bbox 1687 471 1770 509; x_wconf 86' lang='lat' dir='ltr'>ibid.</span> <span class='ocrx_word' id='word_1_88' title='bbox 1792 471 1887 509; x_wconf 83' lang='lat' dir='ltr'><strong>idem</strong></span> <span class='ocrx_word' id='word_1_89' title='bbox 1913 474 2003 512; x_wconf 90' lang='lat' dir='ltr'><strong>Cod.</strong></span> <span class='ocrx_word' id='word_1_90' title='bbox 2039 479 2172 512; x_wconf 79' lang='lat' dir='ltr'><strong>Cneum</strong></span> <span class='ocrx_word' id='word_1_91' title='bbox 2194 469 2385 518; x_wconf 78' lang='lat' dir='ltr'><strong>Pompejum</strong></span> 
     </span>
     <span class='ocr_line' id='line_1_8' title="bbox 290 519 1940 576; baseline -0.008 -11"><span class='ocrx_word' id='word_1_92' title='bbox 290 531 494 568; x_wconf 77' lang='lat' dir='ltr'><strong>munitates,</strong></span> <span class='ocrx_word' id='word_1_93' title='bbox 522 540 599 576; x_wconf 80' lang='lat' dir='ltr'><strong>quae</strong></span> <span class='ocrx_word' id='word_1_94' title='bbox 619 522 846 562; x_wconf 80' lang='lat' dir='ltr'>decessoribus</span> <span class='ocrx_word' id='word_1_95' title='bbox 863 536 958 560; x_wconf 84' lang='lat' dir='ltr'>erant</span> <span class='ocrx_word' id='word_1_96' title='bbox 979 535 999 558; x_wconf 78' lang='lat' dir='ltr'>a</span> <span class='ocrx_word' id='word_1_97' title='bbox 1017 524 1131 559; x_wconf 85' lang='lat' dir='ltr'>senatu</span> <span class='ocrx_word' id='word_1_98' title='bbox 1149 525 1186 558; x_wconf 73' lang='grc' dir='ltr'><strong>ὅ(</strong></span> <span class='ocrx_word' id='word_1_99' title='bbox 1203 535 1310 573; x_wconf 81' lang='lat' dir='ltr'>popu·</span> <span class='ocrx_word' id='word_1_100' title='bbox 1359 519 1536 567; x_wconf 71' lang='lat' dir='ltr'><em>adsecutus</em></span> <span class='ocrx_word' id='word_1_101' title='bbox 1553 521 1595 568; x_wconf 85' lang='lat' dir='ltr'><strong>est</strong></span> <span class='ocrx_word' id='word_1_102' title='bbox 1612 550 1624 565; x_wconf 89' lang='lat'><em>,</em></span> <span class='ocrx_word' id='word_1_103' title='bbox 1653 535 1717 571; x_wconf 73' lang='lat' dir='ltr'><strong>pro</strong></span> <span class='ocrx_word' id='word_1_104' title='bbox 1736 523 1940 564; x_wconf 55' lang='lat' dir='ltr'><strong>adseczatm,</strong></span> 
     </span>
     <span class='ocr_line' id='line_1_9' title="bbox 290 568 2383 624; baseline -0.003 -10"><span class='ocrx_word' id='word_1_105' title='bbox 290 581 327 615; x_wconf 82' lang='lat' dir='ltr'><strong>lo</strong></span> <span class='ocrx_word' id='word_1_106' title='bbox 346 579 500 620; x_wconf 69' lang='lat' dir='ltr'><strong>tributas,</strong></span> <span class='ocrx_word' id='word_1_107' title='bbox 522 587 695 613; x_wconf 78' lang='lat' dir='ltr'>notantur.</span> <span class='ocrx_word' id='word_1_108' title='bbox 725 573 872 611; x_wconf 79' lang='lat' dir='ltr'>Peffime</span> <span class='ocrx_word' id='word_1_109' title='bbox 899 574 1017 624; x_wconf 80' lang='lat' dir='ltr'>postea</span> <span class='ocrx_word' id='word_1_110' title='bbox 1038 572 1191 623; x_wconf 78' lang='lat' dir='ltr'>prolapsa</span> <span class='ocrx_word' id='word_1_111' title='bbox 1210 574 1310 610; x_wconf 85' lang='lat' dir='ltr'>omni</span> <span class='ocrx_word' id='word_1_112' title='bbox 1420 583 1474 606; x_wconf 89' lang='lat'><strong>20.</strong></span> <span class='ocrx_word' id='word_1_113' title='bbox 1504 575 1545 606; x_wconf 90' lang='lat' dir='ltr'><strong>Ut</strong></span> <span class='ocrx_word' id='word_1_114' title='bbox 1568 581 1643 608; x_wconf 81' lang='lat' dir='ltr'><strong>tam</strong></span> <span class='ocrx_word' id='word_1_115' title='bbox 1669 573 1810 619; x_wconf 75' lang='lat' dir='ltr'><strong>senatus</strong></span> <span class='ocrx_word' id='word_1_116' title='bbox 1831 586 1936 622; x_wconf 66' lang='lat' dir='ltr'><strong>quam</strong></span> <span class='ocrx_word' id='word_1_117' title='bbox 1958 572 2070 620; x_wconf 79' lang='lat' dir='ltr'><strong>populi</strong></span> <span class='ocrx_word' id='word_1_118' title='bbox 2106 574 2232 608; x_wconf 75' lang='lat' dir='ltr'><strong>diurna</strong></span> <span class='ocrx_word' id='word_1_119' title='bbox 2264 568 2383 615; x_wconf 52' lang='lat' dir='ltr'><strong>aclas]</strong></span> 
     </span>
     <span class='ocr_line' id='line_1_10' title="bbox 287 618 2388 677; baseline -0.006 -10"><span class='ocrx_word' id='word_1_120' title='bbox 287 640 404 667; x_wconf 75' lang='lat' dir='ltr'>vetere</span> <span class='ocrx_word' id='word_1_121' title='bbox 421 626 593 677; x_wconf 80' lang='lat' dir='ltr'>disciplina</span> <span class='ocrx_word' id='word_1_122' title='bbox 615 631 652 663; x_wconf 75' lang='grc' dir='ltr'><strong>δ(</strong></span> <span class='ocrx_word' id='word_1_123' title='bbox 675 626 832 663; x_wconf 78' lang='lat' dir='ltr'>libertate</span> <span class='ocrx_word' id='word_1_124' title='bbox 852 625 919 662; x_wconf 83' lang='lat' dir='ltr'><strong>hoc</strong></span> <span class='ocrx_word' id='word_1_125' title='bbox 945 623 1108 674; x_wconf 78' lang='lat' dir='ltr'>loquendi</span> <span class='ocrx_word' id='word_1_126' title='bbox 1129 636 1238 672; x_wconf 77' lang='lat' dir='ltr'>genus</span> <span class='ocrx_word' id='word_1_127' title='bbox 1262 625 1312 660; x_wconf 91' lang='lat' dir='ltr'><strong>in-</strong></span> <span class='ocrx_word' id='word_1_128' title='bbox 1333 618 1336 676; x_wconf 53' lang='grc' dir='ltr'><strong>ᾗ</strong></span> <span class='ocrx_word' id='word_1_129' title='bbox 1364 620 1534 657; x_wconf 71' lang='lat' dir='ltr'><strong>ACtorum</strong></span> <span class='ocrx_word' id='word_1_130' title='bbox 1559 623 1870 674; x_wconf 66' lang='lat' dir='ltr'>antiquissimorum</span> <span class='ocrx_word' id='word_1_131' title='bbox 1903 623 2036 659; x_wconf 77' lang='lat' dir='ltr'><strong>senatus</strong></span> <span class='ocrx_word' id='word_1_132' title='bbox 2060 651 2071 666; x_wconf 94' lang='lat'><em>,</em></span> <span class='ocrx_word' id='word_1_133' title='bbox 2118 623 2198 659; x_wconf 79' lang='lat' dir='ltr'>anni</span> <span class='ocrx_word' id='word_1_134' title='bbox 2223 621 2388 658; x_wconf 81' lang='lat' dir='ltr'>nimirum</span> 
     </span>
     <span class='ocr_line' id='line_1_11' title="bbox 288 671 2395 727; baseline -0.005 -12"><span class='ocrx_word' id='word_1_135' title='bbox 288 679 461 727; x_wconf 84' lang='lat' dir='ltr'>terpretati</span> <span class='ocrx_word' id='word_1_136' title='bbox 480 677 553 714; x_wconf 88' lang='lat' dir='ltr'>sunt</span> <span class='ocrx_word' id='word_1_137' title='bbox 573 676 814 723; x_wconf 80' lang='lat' dir='ltr'>jurisconsulti,</span> <span class='ocrx_word' id='word_1_138' title='bbox 841 680 878 712; x_wconf 65' lang='grc' dir='ltr'><strong>ὃς</strong></span> <span class='ocrx_word' id='word_1_139' title='bbox 899 675 975 712; x_wconf 74' lang='lat' dir='ltr'>iilos</span> <span class='ocrx_word' id='word_1_140' title='bbox 993 675 1094 711; x_wconf 69' lang='lat' dir='ltr'>secuti</span> <span class='ocrx_word' id='word_1_141' title='bbox 1114 674 1217 711; x_wconf 85' lang='lat' dir='ltr'>civilis</span> <span class='ocrx_word' id='word_1_142' title='bbox 1237 688 1313 725; x_wconf 86' lang='lat' dir='ltr'>pru·</span> <span class='ocrx_word' id='word_1_143' title='bbox 1334 680 1336 722; x_wconf 49' lang='grc' dir='ltr'>ξ</span> <span class='ocrx_word' id='word_1_144' title='bbox 1369 677 1445 715; x_wconf 80' lang='lat'><strong>585.</strong></span> <span class='ocrx_word' id='word_1_145' title='bbox 1476 673 1676 723; x_wconf 81' lang='lat' dir='ltr'>exemplum</span> <span class='ocrx_word' id='word_1_146' title='bbox 1692 673 1814 710; x_wconf 84' lang='lat' dir='ltr'>illustre</span> <span class='ocrx_word' id='word_1_147' title='bbox 1834 674 1920 711; x_wconf 84' lang='lat' dir='ltr'>mihi</span> <span class='ocrx_word' id='word_1_148' title='bbox 1938 688 2009 710; x_wconf 89' lang='lat' dir='ltr'><strong>non</strong></span> <span class='ocrx_word' id='word_1_149' title='bbox 2030 675 2073 709; x_wconf 81' lang='lat' dir='ltr'><strong>ita</strong></span> <span class='ocrx_word' id='word_1_150' title='bbox 2099 672 2231 722; x_wconf 81' lang='lat' dir='ltr'>pridem</span> <span class='ocrx_word' id='word_1_151' title='bbox 2260 684 2301 707; x_wconf 86' lang='lat' dir='ltr'><strong>ex</strong></span> <span class='ocrx_word' id='word_1_152' title='bbox 2324 671 2395 706; x_wconf 85' lang='lat' dir='ltr'>Bri·</span> 
     </span>
     <span class='ocr_line' id='line_1_12' title="bbox 291 720 2388 778; baseline -0.005 -13"><span class='ocrx_word' id='word_1_153' title='bbox 291 730 415 766; x_wconf 83' lang='lat' dir='ltr'>dentiae</span> <span class='ocrx_word' id='word_1_154' title='bbox 434 727 613 770; x_wconf 69' lang='lat' dir='ltr'>dostooes,</span> <span class='ocrx_word' id='word_1_155' title='bbox 641 725 736 778; x_wconf 77' lang='lat' dir='ltr'>quasi</span> <span class='ocrx_word' id='word_1_156' title='bbox 751 728 914 778; x_wconf 77' lang='lat' dir='ltr'>Princeps</span> <span class='ocrx_word' id='word_1_157' title='bbox 940 726 1039 762; x_wconf 82' lang='lat' dir='ltr'>nullis</span> <span class='ocrx_word' id='word_1_158' title='bbox 1057 725 1190 774; x_wconf 71' lang='lat' dir='ltr'>legibus</span> <span class='ocrx_word' id='word_1_159' title='bbox 1212 754 1221 767; x_wconf 85' lang='lat'><strong><em>‚</em></strong></span> <span class='ocrx_word' id='word_1_160' title='bbox 1250 723 1313 761; x_wconf 78' lang='lat' dir='ltr'><strong>nifi</strong></span> <span class='ocrx_word' id='word_1_161' title='bbox 1364 722 1481 758; x_wconf 69' lang='lat' dir='ltr'>tannia</span> <span class='ocrx_word' id='word_1_162' title='bbox 1498 721 1591 760; x_wconf 74' lang='lat' dir='ltr'>misit</span> <span class='ocrx_word' id='word_1_163' title='bbox 1607 726 1728 762; x_wconf 84' lang='lat' dir='ltr'>virtute</span> <span class='ocrx_word' id='word_1_164' title='bbox 1758 728 1795 761; x_wconf 73' lang='grc' dir='ltr'><strong>δε</strong></span> <span class='ocrx_word' id='word_1_165' title='bbox 1815 724 1970 762; x_wconf 66' lang='lat' dir='ltr'><strong>dofflina</strong></span> <span class='ocrx_word' id='word_1_166' title='bbox 1989 726 2023 761; x_wconf 90' lang='lat' dir='ltr'><strong>in</strong></span> <span class='ocrx_word' id='word_1_167' title='bbox 2050 724 2168 774; x_wconf 84' lang='lat' dir='ltr'>primis</span> <span class='ocrx_word' id='word_1_168' title='bbox 2188 720 2388 769; x_wconf 68' lang='lat' dir='ltr'>conspicuus</span> 
     </span>
     <span class='ocr_line' id='line_1_13' title="bbox 291 773 2388 829; baseline -0.005 -13"><span class='ocrx_word' id='word_1_169' title='bbox 291 778 449 816; x_wconf 73' lang='lat' dir='ltr'>naturalis</span> <span class='ocrx_word' id='word_1_170' title='bbox 479 780 559 824; x_wconf 80' lang='lat' dir='ltr'>juris</span> <span class='ocrx_word' id='word_1_171' title='bbox 576 782 614 816; x_wconf 73' lang='grc' dir='ltr'><strong>δε</strong></span> <span class='ocrx_word' id='word_1_172' title='bbox 634 779 791 829; x_wconf 80' lang='lat' dir='ltr'>gentium</span> <span class='ocrx_word' id='word_1_173' title='bbox 818 788 1001 814; x_wconf 83' lang='lat' dir='ltr'><strong>teneretur.</strong></span> <span class='ocrx_word' id='word_1_174' title='bbox 1062 775 1170 813; x_wconf 79' lang='lat' dir='ltr'>Tales</span> <span class='ocrx_word' id='word_1_175' title='bbox 1190 776 1317 812; x_wconf 87' lang='lat' dir='ltr'>Princi-</span> <span class='ocrx_word' id='word_1_176' title='bbox 1367 773 1434 809; x_wconf 90' lang='lat' dir='ltr'><strong>Vir</strong></span> <span class='ocrx_word' id='word_1_177' title='bbox 1458 773 1476 816; x_wconf 81' lang='lat' dir='ltr'>J</span> <span class='ocrx_word' id='word_1_178' title='bbox 1485 800 1493 809; x_wconf 94' lang='lat'><strong>.</strong></span> <span class='ocrx_word' id='word_1_179' title='bbox 1511 774 1635 818; x_wconf 87' lang='lat' dir='ltr'><strong>Lock,</strong></span> <span class='ocrx_word' id='word_1_180' title='bbox 1662 779 1819 824; x_wconf 81' lang='lat' dir='ltr'>quem&amp;</span> <span class='ocrx_word' id='word_1_181' title='bbox 1837 775 1978 812; x_wconf 81' lang='lat' dir='ltr'>honoris</span> <span class='ocrx_word' id='word_1_182' title='bbox 1993 779 2031 811; x_wconf 76' lang='grc' dir='ltr'><strong>ὅ(</strong></span> <span class='ocrx_word' id='word_1_183' title='bbox 2050 775 2198 816; x_wconf 81' lang='lat' dir='ltr'>amoris,</span> <span class='ocrx_word' id='word_1_184' title='bbox 2224 783 2295 821; x_wconf 89' lang='lat' dir='ltr'><strong>quo</strong></span> <span class='ocrx_word' id='word_1_185' title='bbox 2306 783 2388 806; x_wconf 84' lang='lat' dir='ltr'><strong>eum</strong></span> 
     </span>
     <span class='ocr_line' id='line_1_14' title="bbox 292 822 2390 879; baseline -0.002 -14"><span class='ocrx_word' id='word_1_186' title='bbox 292 843 355 879; x_wconf 87' lang='lat' dir='ltr'><strong>pes</strong></span> <span class='ocrx_word' id='word_1_187' title='bbox 373 830 544 868; x_wconf 84' lang='lat' dir='ltr'>veteribus</span> <span class='ocrx_word' id='word_1_188' title='bbox 563 829 717 873; x_wconf 86' lang='lat' dir='ltr'><strong>Platoni,</strong></span> <span class='ocrx_word' id='word_1_189' title='bbox 752 828 921 865; x_wconf 78' lang='lat' dir='ltr'>Aristoteli</span> <span class='ocrx_word' id='word_1_190' title='bbox 933 857 943 871; x_wconf 92' lang='lat'>‚</span> <span class='ocrx_word' id='word_1_191' title='bbox 971 832 1008 864; x_wconf 78' lang='grc' dir='ltr'><strong>ὅ(</strong></span> <span class='ocrx_word' id='word_1_192' title='bbox 1027 828 1146 863; x_wconf 84' lang='lat' dir='ltr'>ceteris</span> <span class='ocrx_word' id='word_1_193' title='bbox 1163 825 1315 864; x_wconf 85' lang='lat' dir='ltr'><strong>Philoso·</strong></span> <span class='ocrx_word' id='word_1_194' title='bbox 1365 822 1552 877; x_wconf 75' lang='lat' dir='ltr'>prosequor</span> <span class='ocrx_word' id='word_1_195' title='bbox 1569 853 1581 868; x_wconf 95' lang='lat'><em>,</em></span> <span class='ocrx_word' id='word_1_196' title='bbox 1607 824 1717 863; x_wconf 65' lang='lat' dir='ltr'>caussh</span> <span class='ocrx_word' id='word_1_197' title='bbox 1728 827 1888 864; x_wconf 85' lang='lat' dir='ltr'><strong>nomino.</strong></span> <span class='ocrx_word' id='word_1_198' title='bbox 1918 826 2041 863; x_wconf 87' lang='lat' dir='ltr'><strong>Scribit</strong></span> <span class='ocrx_word' id='word_1_199' title='bbox 2051 824 2084 860; x_wconf 89' lang='lat' dir='ltr'><strong>id</strong></span> <span class='ocrx_word' id='word_1_200' title='bbox 2100 823 2217 860; x_wconf 84' lang='lat' dir='ltr'>secum</span> <span class='ocrx_word' id='word_1_201' title='bbox 2228 833 2390 859; x_wconf 79' lang='lat' dir='ltr'>commu-</span> 
     </span>
     <span class='ocr_line' id='line_1_15' title="bbox 292 873 2391 931; baseline -0.006 -14"><span class='ocrx_word' id='word_1_202' title='bbox 292 881 367 931; x_wconf 82' lang='lat' dir='ltr'>phis</span> <span class='ocrx_word' id='word_1_203' title='bbox 403 880 603 918; x_wconf 83' lang='lat' dir='ltr'>dicebantur</span> <span class='ocrx_word' id='word_1_204' title='bbox 635 880 780 930; x_wconf 75' lang='lat' dir='ltr'><strong>tyranni.</strong></span> <span class='ocrx_word' id='word_1_205' title='bbox 839 879 908 916; x_wconf 83' lang='lat' dir='ltr'><strong>Sed</strong></span> <span class='ocrx_word' id='word_1_206' title='bbox 939 878 982 916; x_wconf 83' lang='lat' dir='ltr'><strong>de</strong></span> <span class='ocrx_word' id='word_1_207' title='bbox 1017 877 1068 915; x_wconf 87' lang='lat' dir='ltr'><strong>his</strong></span> <span class='ocrx_word' id='word_1_208' title='bbox 1096 877 1232 915; x_wconf 78' lang='lat' dir='ltr'>uberius</span> <span class='ocrx_word' id='word_1_209' title='bbox 1261 877 1314 914; x_wconf 85' lang='lat' dir='ltr'><strong>hie</strong></span> <span class='ocrx_word' id='word_1_210' title='bbox 1367 873 1490 910; x_wconf 69' lang='lat' dir='ltr'><strong>nicasse</strong></span> <span class='ocrx_word' id='word_1_211' title='bbox 1519 874 1780 914; x_wconf 80' lang='lat' dir='ltr'><strong>Illustrissimum</strong></span> <span class='ocrx_word' id='word_1_212' title='bbox 1813 877 1998 916; x_wconf 84' lang='lat' dir='ltr'>Comitem</span> <span class='ocrx_word' id='word_1_213' title='bbox 2024 876 2068 914; x_wconf 87' lang='lat' dir='ltr'><strong>de</strong></span> <span class='ocrx_word' id='word_1_214' title='bbox 2094 874 2251 923; x_wconf 81' lang='lat' dir='ltr'><strong>Carbury</strong></span> <span class='ocrx_word' id='word_1_215' title='bbox 2278 883 2391 908; x_wconf 54' lang='lat' dir='ltr'>excera</span> 
     </span>
     <span class='ocr_line' id='line_1_16' title="bbox 293 927 1904 981; baseline 0.001 -18"><span class='ocrx_word' id='word_1_216' title='bbox 293 942 398 981; x_wconf 74' lang='lat' dir='ltr'>agere</span> <span class='ocrx_word' id='word_1_217' title='bbox 416 945 492 968; x_wconf 79' lang='lat' dir='ltr'><strong>non</strong></span> <span class='ocrx_word' id='word_1_218' title='bbox 506 931 594 968; x_wconf 75' lang='lat' dir='ltr'>licet,</span> <span class='ocrx_word' id='word_1_219' title='bbox 1368 936 1468 974; x_wconf 83' lang='lat' dir='ltr'><strong>ptum</strong></span> <span class='ocrx_word' id='word_1_220' title='bbox 1488 938 1529 962; x_wconf 83' lang='lat' dir='ltr'><strong>ex</strong></span> <span class='ocrx_word' id='word_1_221' title='bbox 1550 929 1754 978; x_wconf 76' lang='lat' dir='ltr'>perantiquo</span> <span class='ocrx_word' id='word_1_222' title='bbox 1772 927 1904 967; x_wconf 68' lang='lat' dir='ltr'><strong>codiee.</strong></span> 
     </span>
    </p>

    <p class='ocr_par' dir='ltr' id='par_1_3' title="bbox 353 977 1319 1027">
     <span class='ocr_line' id='line_1_17' title="bbox 353 977 1319 1027; baseline -0.004 -9"><span class='ocrx_word' id='word_1_223' title='bbox 353 996 406 1026; x_wconf 88' lang='lat'><strong>19.</strong></span> <span class='ocrx_word' id='word_1_224' title='bbox 436 986 527 1019; x_wconf 83' lang='lat' dir='ltr'><strong>Cum</strong></span> <span class='ocrx_word' id='word_1_225' title='bbox 543 981 661 1020; x_wconf 72' lang='lat' dir='ltr'><em>Bibulo</em></span> <span class='ocrx_word' id='word_1_226' title='bbox 678 978 785 1026; x_wconf 76' lang='lat' dir='ltr'><strong>consul</strong></span> <span class='ocrx_word' id='word_1_227' title='bbox 804 979 981 1027; x_wconf 56' lang='lat' dir='ltr'><strong>creatum]</strong></span> <span class='ocrx_word' id='word_1_228' title='bbox 1035 980 1089 1016; x_wconf 85' lang='lat' dir='ltr'><strong>Sic</strong></span> <span class='ocrx_word' id='word_1_229' title='bbox 1112 979 1220 1016; x_wconf 86' lang='lat' dir='ltr'>etiam</span> <span class='ocrx_word' id='word_1_230' title='bbox 1247 977 1319 1015; x_wconf 84' lang='lat' dir='ltr'><strong>Sal-</strong></span> 
     </span>
    </p>
   </div>
   <div class='ocr_carea' id='block_1_3' title="bbox 294 1031 1574 1121">
    <p class='ocr_par' dir='ltr' id='par_1_4' title="bbox 294 1031 1574 1121">
     <span class='ocr_line' id='line_1_18' title="bbox 294 1031 491 1073; baseline 0.005 -2"><span class='ocrx_word' id='word_1_231' title='bbox 294 1031 380 1071; x_wconf 80' lang='lat' dir='ltr'><strong>mas.</strong></span> <span class='ocrx_word' id='word_1_232' title='bbox 400 1032 491 1073; x_wconf 87' lang='lat' dir='ltr'><strong>Cod.</strong></span> 
     </span>
     <span class='ocr_line' id='line_1_19' title="bbox 1166 1074 1574 1121; baseline 0.01 -4"><span class='ocrx_word' id='word_1_233' title='bbox 1166 1077 1220 1117; x_wconf 92' lang='lat' dir='ltr'><strong>V.</strong></span> <span class='ocrx_word' id='word_1_234' title='bbox 1249 1078 1300 1118; x_wconf 90' lang='lat' dir='ltr'><strong>K.</strong></span> <span class='ocrx_word' id='word_1_235' title='bbox 1331 1074 1574 1121; x_wconf 84' lang='lat' dir='ltr'><strong>APRILES</strong></span> 
     </span>
    </p>
   </div>
   <div class='ocr_carea' id='block_1_4' title="bbox 431 1148 2260 1741">
    <p class='ocr_par' dir='ltr' id='par_1_5' title="bbox 431 1148 2260 1577">
     <span class='ocr_line' id='line_1_20' title="bbox 947 1148 1753 1194; baseline -0.005 -1"><span class='ocrx_word' id='word_1_236' title='bbox 947 1153 980 1194; x_wconf 86' lang='lat' dir='ltr'>F</span> <span class='ocrx_word' id='word_1_237' title='bbox 986 1149 1177 1193; x_wconf 85' lang='lat' dir='ltr'><strong>ASCES.</strong></span> <span class='ocrx_word' id='word_1_238' title='bbox 1206 1149 1405 1192; x_wconf 89' lang='lat' dir='ltr'><strong>PENES.</strong></span> <span class='ocrx_word' id='word_1_239' title='bbox 1435 1148 1753 1191; x_wconf 89' lang='lat' dir='ltr'><strong>AEMILIVM</strong></span> 
     </span>
     <span class='ocr_line' id='line_1_21' title="bbox 682 1201 2018 1251; baseline -0.004 0"><span class='ocrx_word' id='word_1_240' title='bbox 682 1208 852 1251; x_wconf 85' lang='lat' dir='ltr'>BENE.</span> <span class='ocrx_word' id='word_1_241' title='bbox 880 1205 1076 1250; x_wconf 89' lang='lat' dir='ltr'><strong>MANE.</strong></span> <span class='ocrx_word' id='word_1_242' title='bbox 1106 1204 1538 1247; x_wconf 86' lang='lat' dir='ltr'><strong>SACRIFICAVIT.</strong></span> <span class='ocrx_word' id='word_1_243' title='bbox 1570 1203 1668 1245; x_wconf 84' lang='lat' dir='ltr'><strong>AD.</strong></span> <span class='ocrx_word' id='word_1_244' title='bbox 1699 1201 2018 1245; x_wconf 88' lang='lat' dir='ltr'><strong>APOLLINIS</strong></span> 
     </span>
     <span class='ocr_line' id='line_1_22' title="bbox 994 1256 1749 1302; baseline -0.005 0"><span class='ocrx_word' id='word_1_245' title='bbox 994 1259 1130 1302; x_wconf 89' lang='lat' dir='ltr'><strong>OVE.</strong></span> <span class='ocrx_word' id='word_1_246' title='bbox 1160 1258 1349 1301; x_wconf 85' lang='lat' dir='ltr'><strong>FECIT.</strong></span> <span class='ocrx_word' id='word_1_247' title='bbox 1378 1256 1749 1301; x_wconf 74' lang='lat' dir='ltr'><strong>LAVREATVS</strong></span> 
     </span>
     <span class='ocr_line' id='line_1_23' title="bbox 572 1311 2131 1359; baseline -0.001 -2"><span class='ocrx_word' id='word_1_248' title='bbox 572 1315 758 1359; x_wconf 73' lang='lat' dir='ltr'><strong>HORA.</strong></span> <span class='ocrx_word' id='word_1_249' title='bbox 787 1314 1060 1359; x_wconf 82' lang='lat' dir='ltr'><strong>OCTAVA.</strong></span> <span class='ocrx_word' id='word_1_250' title='bbox 1089 1312 1378 1356; x_wconf 84' lang='lat' dir='ltr'><strong>SENATVS.</strong></span> <span class='ocrx_word' id='word_1_251' title='bbox 1407 1311 1704 1354; x_wconf 86' lang='lat' dir='ltr'><strong>COACT&#39;VS.</strong></span> <span class='ocrx_word' id='word_1_252' title='bbox 1736 1312 1815 1353; x_wconf 90' lang='lat' dir='ltr'><strong>IN.</strong></span> <span class='ocrx_word' id='word_1_253' title='bbox 1844 1311 2131 1359; x_wconf 82' lang='lat' dir='ltr'><strong>HOSTILIA</strong></span> 
     </span>
     <span class='ocr_line' id='line_1_24' title="bbox 826 1365 1867 1412; baseline -0.004 0"><span class='ocrx_word' id='word_1_254' title='bbox 826 1370 906 1412; x_wconf 88' lang='lat' dir='ltr'><strong>SC.</strong></span> <span class='ocrx_word' id='word_1_255' title='bbox 935 1368 1214 1412; x_wconf 88' lang='lat' dir='ltr'><strong>FACTVM.</strong></span> <span class='ocrx_word' id='word_1_256' title='bbox 1244 1368 1363 1410; x_wconf 93' lang='lat' dir='ltr'><strong>VTI.</strong></span> <span class='ocrx_word' id='word_1_257' title='bbox 1393 1368 1593 1410; x_wconf 77' lang='lat' dir='ltr'>Praetores</span> <span class='ocrx_word' id='word_1_258' title='bbox 1622 1365 1715 1408; x_wconf 91' lang='lat' dir='ltr'><strong>EX.</strong></span> <span class='ocrx_word' id='word_1_259' title='bbox 1746 1366 1867 1408; x_wconf 86' lang='lat' dir='ltr'>SVIS</span> 
     </span>
     <span class='ocr_line' id='line_1_25' title="bbox 801 1420 1897 1475; baseline -0.003 -8"><span class='ocrx_word' id='word_1_260' title='bbox 801 1424 1137 1468; x_wconf 88' lang='lat' dir='ltr'><strong>PERPETVIS.</strong></span> <span class='ocrx_word' id='word_1_261' title='bbox 1165 1422 1414 1465; x_wconf 89' lang='lat' dir='ltr'><strong>EDICTIS.</strong></span> <span class='ocrx_word' id='word_1_262' title='bbox 1445 1422 1554 1475; x_wconf 90' lang='lat' dir='ltr'><strong>JVS.</strong></span> <span class='ocrx_word' id='word_1_263' title='bbox 1584 1420 1897 1464; x_wconf 88' lang='lat' dir='ltr'><strong>DICERENT</strong></span> 
     </span>
     <span class='ocr_line' id='line_1_26' title="bbox 431 1474 2260 1535; baseline -0.001 -14"><span class='ocrx_word' id='word_1_264' title='bbox 431 1480 484 1535; x_wconf 88' lang='lat' dir='ltr'><strong>Q.</strong></span> <span class='ocrx_word' id='word_1_265' title='bbox 514 1478 831 1525; x_wconf 87' lang='lat' dir='ltr'><strong>MINVTIVS.</strong></span> <span class='ocrx_word' id='word_1_266' title='bbox 861 1479 1149 1523; x_wconf 89' lang='lat' dir='ltr'><strong>SCAPVLA.</strong></span> <span class='ocrx_word' id='word_1_267' title='bbox 1178 1477 1547 1520; x_wconf 90' lang='lat' dir='ltr'><strong>ACCVSATVS.</strong></span> <span class='ocrx_word' id='word_1_268' title='bbox 1576 1475 1669 1518; x_wconf 88' lang='lat' dir='ltr'><strong>DE.</strong></span> <span class='ocrx_word' id='word_1_269' title='bbox 1700 1476 1773 1517; x_wconf 89' lang='lat' dir='ltr'><strong>VI.</strong></span> <span class='ocrx_word' id='word_1_270' title='bbox 1804 1477 1857 1519; x_wconf 87' lang='lat' dir='ltr'><strong>A.</strong></span> <span class='ocrx_word' id='word_1_271' title='bbox 1886 1477 1931 1521; x_wconf 89' lang='lat' dir='ltr'><strong>P.</strong></span> <span class='ocrx_word' id='word_1_272' title='bbox 1960 1474 2260 1522; x_wconf 79' lang='lat' dir='ltr'>LENTVLO</span> 
     </span>
     <span class='ocr_line' id='line_1_27' title="bbox 899 1530 1792 1577; baseline -0.004 0"><span class='ocrx_word' id='word_1_273' title='bbox 899 1534 1076 1577; x_wconf 82' lang='lat' dir='ltr'><strong>APVD.</strong></span> <span class='ocrx_word' id='word_1_274' title='bbox 1106 1533 1206 1576; x_wconf 91' lang='lat' dir='ltr'><strong>CN.</strong></span> <span class='ocrx_word' id='word_1_275' title='bbox 1234 1531 1517 1575; x_wconf 82' lang='lat' dir='ltr'><strong>BAEBIVM.</strong></span> <span class='ocrx_word' id='word_1_276' title='bbox 1545 1531 1631 1573; x_wconf 89' lang='lat' dir='ltr'><strong>PR.</strong></span> <span class='ocrx_word' id='word_1_277' title='bbox 1661 1530 1792 1573; x_wconf 86' lang='lat' dir='ltr'><strong>VRB.</strong></span> 
     </span>
    </p>

    <p class='ocr_par' dir='ltr' id='par_1_6' title="bbox 939 1585 1722 1630">
     <span class='ocr_line' id='line_1_28' title="bbox 939 1585 1722 1630; baseline -0.005 0"><span class='ocrx_word' id='word_1_278' title='bbox 939 1587 1259 1630; x_wconf 89' lang='lat' dir='ltr'><strong>DEFENSVS.</strong></span> <span class='ocrx_word' id='word_1_279' title='bbox 1289 1588 1342 1630; x_wconf 89' lang='lat' dir='ltr'><strong>A.</strong></span> <span class='ocrx_word' id='word_1_280' title='bbox 1373 1587 1423 1629; x_wconf 90' lang='lat' dir='ltr'><strong>C.</strong></span> <span class='ocrx_word' id='word_1_281' title='bbox 1453 1585 1722 1629; x_wconf 86' lang='lat' dir='ltr'><strong>SVLPICIO</strong></span> 
     </span>
    </p>

    <p class='ocr_par' dir='ltr' id='par_1_7' title="bbox 823 1638 1852 1687">
     <span class='ocr_line' id='line_1_29' title="bbox 823 1638 1852 1687; baseline -0.006 0"><span class='ocrx_word' id='word_1_282' title='bbox 823 1643 1195 1687; x_wconf 85' lang='lat' dir='ltr'><strong>SENTENTHS.</strong></span> <span class='ocrx_word' id='word_1_283' title='bbox 1223 1640 1719 1685; x_wconf 88' lang='lat' dir='ltr'><strong>CONDEMNATVS.</strong></span> <span class='ocrx_word' id='word_1_284' title='bbox 1750 1638 1852 1682; x_wconf 90' lang='lat' dir='ltr'><strong>XV.</strong></span> 
     </span>
    </p>

    <p class='ocr_par' dir='ltr' id='par_1_8' title="bbox 1055 1695 1623 1741">
     <span class='ocr_line' id='line_1_30' title="bbox 1055 1695 1623 1741; baseline -0.005 0"><span class='ocrx_word' id='word_1_285' title='bbox 1055 1696 1420 1741; x_wconf 84' lang='lat' dir='ltr'><strong>AMPLIATVS.</strong></span> <span class='ocrx_word' id='word_1_286' title='bbox 1451 1695 1623 1739; x_wconf 87' lang='lat' dir='ltr'>XXXII</span> 
     </span>
    </p>
   </div>
   <div class='ocr_carea' id='block_1_5' title="bbox 1125 1802 1558 1849">
    <p class='ocr_par' dir='ltr' id='par_1_9' title="bbox 1125 1802 1558 1849">
     <span class='ocr_line' id='line_1_31' title="bbox 1125 1802 1558 1849; baseline -0.007 0"><span class='ocrx_word' id='word_1_287' title='bbox 1125 1806 1200 1849; x_wconf 90' lang='lat' dir='ltr'><strong>IV.</strong></span> <span class='ocrx_word' id='word_1_288' title='bbox 1230 1808 1282 1849; x_wconf 91' lang='lat' dir='ltr'><strong>K.</strong></span> <span class='ocrx_word' id='word_1_289' title='bbox 1310 1802 1558 1849; x_wconf 85' lang='lat' dir='ltr'><strong>APRILES</strong></span> 
     </span>
    </p>
   </div>
   <div class='ocr_carea' id='block_1_6' title="bbox 438 1875 2271 2356">
    <p class='ocr_par' dir='ltr' id='par_1_10' title="bbox 438 1875 2271 2356">
     <span class='ocr_line' id='line_1_32' title="bbox 975 1875 1746 1920; baseline -0.001 -2"><span class='ocrx_word' id='word_1_290' title='bbox 975 1876 1202 1920; x_wconf 86' lang='lat' dir='ltr'><strong>FASCES.</strong></span> <span class='ocrx_word' id='word_1_291' title='bbox 1232 1877 1429 1920; x_wconf 91' lang='lat' dir='ltr'><strong>PENES.</strong></span> <span class='ocrx_word' id='word_1_292' title='bbox 1458 1875 1746 1918; x_wconf 86' lang='lat' dir='ltr'><strong>LICINIVM</strong></span> 
     </span>
     <span class='ocr_line' id='line_1_33' title="bbox 603 1930 2146 1982; baseline 0.001 -9"><span class='ocrx_word' id='word_1_293' title='bbox 603 1930 1015 1974; x_wconf 86' lang='lat' dir='ltr'><strong>FVLGVRAVIT.</strong></span> <span class='ocrx_word' id='word_1_294' title='bbox 1043 1932 1301 1975; x_wconf 80' lang='lat' dir='ltr'><strong>TONVIT.</strong></span> <span class='ocrx_word' id='word_1_295' title='bbox 1330 1932 1422 1980; x_wconf 76' lang='lat' dir='ltr'><strong>ET.</strong></span> <span class='ocrx_word' id='word_1_296' title='bbox 1452 1930 1742 1982; x_wconf 90' lang='lat' dir='ltr'><strong>QVERCVS.</strong></span> <span class='ocrx_word' id='word_1_297' title='bbox 1776 1930 2001 1972; x_wconf 81' lang='lat' dir='ltr'><strong>TACTA.</strong></span> <span class='ocrx_word' id='word_1_298' title='bbox 2031 1930 2099 1972; x_wconf 87' lang='lat' dir='ltr'><strong>IN</strong></span> <span class='ocrx_word' id='word_1_299' title='bbox 2142 1973 2146 1974; x_wconf 45' lang='lat'><strong>.</strong></span> 
     </span>
     <span class='ocr_line' id='line_1_34' title="bbox 755 1983 1900 2029; baseline -0.001 -3"><span class='ocrx_word' id='word_1_300' title='bbox 755 1985 994 2028; x_wconf 85' lang='lat' dir='ltr'><strong>SVMMA.</strong></span> <span class='ocrx_word' id='word_1_301' title='bbox 1025 1987 1219 2029; x_wconf 87' lang='lat' dir='ltr'><strong>VELIA.</strong></span> <span class='ocrx_word' id='word_1_302' title='bbox 1249 1985 1520 2028; x_wconf 87' lang='lat' dir='ltr'><strong>PAVLVM.</strong></span> <span class='ocrx_word' id='word_1_303' title='bbox 1551 1986 1605 2027; x_wconf 91' lang='lat' dir='ltr'><strong>A.</strong></span> <span class='ocrx_word' id='word_1_304' title='bbox 1634 1983 1900 2026; x_wconf 87' lang='lat' dir='ltr'><strong>MERIDIE.</strong></span> 
     </span>
     <span class='ocr_line' id='line_1_35' title="bbox 658 2037 2071 2083; baseline -0.004 -1"><span class='ocrx_word' id='word_1_305' title='bbox 658 2037 817 2082; x_wconf 85' lang='lat' dir='ltr'><strong>RIXA.</strong></span> <span class='ocrx_word' id='word_1_306' title='bbox 848 2040 945 2081; x_wconf 90' lang='lat' dir='ltr'><strong>AD.</strong></span> <span class='ocrx_word' id='word_1_307' title='bbox 975 2042 1198 2083; x_wconf 86' lang='lat' dir='ltr'><strong>IANVM.</strong></span> <span class='ocrx_word' id='word_1_308' title='bbox 1229 2039 1520 2083; x_wconf 82' lang='lat' dir='ltr'><strong>INFIMVM.</strong></span> <span class='ocrx_word' id='word_1_309' title='bbox 1548 2038 1616 2081; x_wconf 90' lang='lat' dir='ltr'><strong>IN</strong></span> <span class='ocrx_word' id='word_1_310' title='bbox 1644 2038 1952 2080; x_wconf 84' lang='lat' dir='ltr'><strong>CAVPONA.</strong></span> <span class='ocrx_word' id='word_1_311' title='bbox 1980 2037 2071 2080; x_wconf 89' lang='lat' dir='ltr'><strong>ET.</strong></span> 
     </span>
     <span class='ocr_line' id='line_1_36' title="bbox 526 2091 2220 2141; baseline -0.001 -6"><span class='ocrx_word' id='word_1_312' title='bbox 526 2092 740 2135; x_wconf 87' lang='lat' dir='ltr'><strong>CAVPO.</strong></span> <span class='ocrx_word' id='word_1_313' title='bbox 770 2093 867 2134; x_wconf 85' lang='lat' dir='ltr'><strong>AD.</strong></span> <span class='ocrx_word' id='word_1_314' title='bbox 897 2094 1106 2139; x_wconf 88' lang='lat' dir='ltr'><strong>VRSVM</strong></span> <span class='ocrx_word' id='word_1_315' title='bbox 1138 2095 1501 2141; x_wconf 76' lang='lat' dir='ltr'><strong>GALEATVM.</strong></span> <span class='ocrx_word' id='word_1_316' title='bbox 1534 2093 1856 2136; x_wconf 83' lang='lat' dir='ltr'><strong>GRAVITER.</strong></span> <span class='ocrx_word' id='word_1_317' title='bbox 1887 2091 2220 2134; x_wconf 79' lang='lat' dir='ltr'><strong>SAVCIATVS</strong></span> 
     </span>
     <span class='ocr_line' id='line_1_37' title="bbox 657 2147 2039 2192; baseline -0.001 -3"><span class='ocrx_word' id='word_1_318' title='bbox 657 2148 707 2189; x_wconf 92' lang='lat' dir='ltr'><strong>C.</strong></span> <span class='ocrx_word' id='word_1_319' title='bbox 735 2148 1015 2191; x_wconf 83' lang='lat' dir='ltr'><strong>TITINIVS.</strong></span> <span class='ocrx_word' id='word_1_320' title='bbox 1048 2151 1292 2192; x_wconf 85' lang='lat' dir='ltr'><strong>AEDILIS.</strong></span> <span class='ocrx_word' id='word_1_321' title='bbox 1323 2149 1781 2192; x_wconf 88' lang='lat' dir='ltr'><strong>PL.&#39;MVLTAVIT.</strong></span> <span class='ocrx_word' id='word_1_322' title='bbox 1810 2147 2039 2189; x_wconf 85' lang='lat' dir='ltr'><strong>LANIOS</strong></span> 
     </span>
     <span class='ocr_line' id='line_1_38' title="bbox 438 2199 2271 2258; baseline -0.001 -14"><span class='ocrx_word' id='word_1_323' title='bbox 438 2201 625 2258; x_wconf 88' lang='lat' dir='ltr'><strong>QVOD.</strong></span> <span class='ocrx_word' id='word_1_324' title='bbox 655 2202 932 2243; x_wconf 86' lang='lat' dir='ltr'><strong>CARNEM.</strong></span> <span class='ocrx_word' id='word_1_325' title='bbox 963 2204 996 2243; x_wconf 85' lang='lat' dir='ltr'><strong>V</strong></span> <span class='ocrx_word' id='word_1_326' title='bbox 1004 2204 1420 2247; x_wconf 86' lang='lat' dir='ltr'><strong>ENDIDISSENT.</strong></span> <span class='ocrx_word' id='word_1_327' title='bbox 1449 2203 1699 2246; x_wconf 77' lang='lat' dir='ltr'><strong>POPVLO.</strong></span> <span class='ocrx_word' id='word_1_328' title='bbox 1729 2202 1881 2244; x_wconf 90' lang='lat' dir='ltr'><strong>NON.</strong></span> <span class='ocrx_word' id='word_1_329' title='bbox 1912 2199 2271 2243; x_wconf 74' lang='lat' dir='ltr'><strong>INSPECTAM.</strong></span> 
     </span>
     <span class='ocr_line' id='line_1_39' title="bbox 650 2256 2087 2301; baseline -0.001 -2"><span class='ocrx_word' id='word_1_330' title='bbox 650 2256 742 2299; x_wconf 90' lang='lat' dir='ltr'><strong>DE.</strong></span> <span class='ocrx_word' id='word_1_331' title='bbox 770 2256 1046 2300; x_wconf 81' lang='lat' dir='ltr'><strong>PECVNIA.</strong></span> <span class='ocrx_word' id='word_1_332' title='bbox 1074 2258 1479 2301; x_wconf 82' lang='lat' dir='ltr'><strong>MVLTATICIA.</strong></span> <span class='ocrx_word' id='word_1_333' title='bbox 1508 2257 1721 2299; x_wconf 85' lang='lat' dir='ltr'><strong>CELLA.</strong></span> <span class='ocrx_word' id='word_1_334' title='bbox 1751 2256 2087 2300; x_wconf 85' lang='lat' dir='ltr'><strong>EXTRVCTA</strong></span> 
     </span>
     <span class='ocr_line' id='line_1_40' title="bbox 938 2311 1753 2356; baseline -0.004 0"><span class='ocrx_word' id='word_1_335' title='bbox 938 2312 1036 2356; x_wconf 82' lang='lat' dir='ltr'><strong>AD.</strong></span> <span class='ocrx_word' id='word_1_336' title='bbox 1064 2313 1375 2356; x_wconf 89' lang='lat' dir='ltr'><strong>TELLVRIS.</strong></span> <span class='ocrx_word' id='word_1_337' title='bbox 1405 2311 1753 2355; x_wconf 85' lang='lat' dir='ltr'><strong>LAVERNAE.</strong></span> 
     </span>
    </p>
   </div>
   <div class='ocr_carea' id='block_1_7' title="bbox 1096 2418 1536 2460">
    <p class='ocr_par' dir='ltr' id='par_1_11' title="bbox 1096 2418 1536 2460">
     <span class='ocr_line' id='line_1_41' title="bbox 1096 2418 1536 2460; baseline 0 0"><span class='ocrx_word' id='word_1_338' title='bbox 1096 2420 1163 2460; x_wconf 94' lang='lat' dir='ltr'><strong>III.</strong></span> <span class='ocrx_word' id='word_1_339' title='bbox 1192 2418 1243 2460; x_wconf 88' lang='lat' dir='ltr'><strong>K.</strong></span> <span class='ocrx_word' id='word_1_340' title='bbox 1274 2418 1536 2460; x_wconf 86' lang='lat' dir='ltr'><strong>APRILEIS</strong></span> 
     </span>
    </p>
   </div>
   <div class='ocr_carea' id='block_1_8' title="bbox 345 2490 2432 3078">
    <p class='ocr_par' dir='ltr' id='par_1_12' title="bbox 345 2490 2432 3078">
     <span class='ocr_line' id='line_1_42' title="bbox 943 2490 1747 2534; baseline -0.001 -1"><span class='ocrx_word' id='word_1_341' title='bbox 943 2491 1168 2533; x_wconf 84' lang='lat' dir='ltr'><strong>FASCES.</strong></span> <span class='ocrx_word' id='word_1_342' title='bbox 1198 2490 1394 2534; x_wconf 85' lang='lat' dir='ltr'><strong>PENES.</strong></span> <span class='ocrx_word' id='word_1_343' title='bbox 1425 2490 1747 2532; x_wconf 82' lang='lat' dir='ltr'><strong>AEMILIVM</strong></span> 
     </span>
     <span class='ocr_line' id='line_1_43' title="bbox 915 2545 1847 2588; baseline -0.001 0"><span class='ocrx_word' id='word_1_344' title='bbox 915 2545 1237 2588; x_wconf 81' lang='lat' dir='ltr'><strong>LAPIDIEVS.</strong></span> <span class='ocrx_word' id='word_1_345' title='bbox 1268 2546 1460 2588; x_wconf 82' lang='lat' dir='ltr'><strong>PLVIT.</strong></span> <span class='ocrx_word' id='word_1_346' title='bbox 1492 2546 1570 2587; x_wconf 91' lang='lat' dir='ltr'><strong>IN.</strong></span> <span class='ocrx_word' id='word_1_347' title='bbox 1606 2545 1847 2588; x_wconf 86' lang='lat' dir='ltr'><strong>VEIENTI</strong></span> 
     </span>
     <span class='ocr_line' id='line_1_44' title="bbox 617 2599 2127 2643; baseline -0.001 -1"><span class='ocrx_word' id='word_1_348' title='bbox 617 2600 971 2643; x_wconf 83' lang='lat' dir='ltr'><strong>POSTVMIVS.</strong></span> <span class='ocrx_word' id='word_1_349' title='bbox 999 2600 1151 2643; x_wconf 84' lang='lat' dir='ltr'><strong>TRIB.</strong></span> <span class='ocrx_word' id='word_1_350' title='bbox 1179 2600 1264 2642; x_wconf 89' lang='lat' dir='ltr'><strong>PL.</strong></span> <span class='ocrx_word' id='word_1_351' title='bbox 1293 2599 1632 2642; x_wconf 88' lang='lat' dir='ltr'><strong>VIATOREM.</strong></span> <span class='ocrx_word' id='word_1_352' title='bbox 1664 2600 1844 2642; x_wconf 87' lang='lat' dir='ltr'><strong>MISIT.</strong></span> <span class='ocrx_word' id='word_1_353' title='bbox 1874 2600 1973 2642; x_wconf 93' lang='lat' dir='ltr'><strong>AD.</strong></span> <span class='ocrx_word' id='word_1_354' title='bbox 2002 2600 2127 2642; x_wconf 81' lang='lat' dir='ltr'><strong>COS.</strong></span> 
     </span>
     <span class='ocr_line' id='line_1_45' title="bbox 597 2652 2136 2709; baseline 0 -13"><span class='ocrx_word' id='word_1_355' title='bbox 597 2656 785 2709; x_wconf 89' lang='lat' dir='ltr'><strong>QVOD.</strong></span> <span class='ocrx_word' id='word_1_356' title='bbox 817 2656 874 2697; x_wconf 89' lang='lat' dir='ltr'><strong>IS.</strong></span> <span class='ocrx_word' id='word_1_357' title='bbox 906 2655 997 2697; x_wconf 88' lang='lat' dir='ltr'><strong>EO.</strong></span> <span class='ocrx_word' id='word_1_358' title='bbox 1026 2656 1138 2697; x_wconf 87' lang='lat' dir='ltr'><strong>DIE.</strong></span> <span class='ocrx_word' id='word_1_359' title='bbox 1169 2654 1484 2698; x_wconf 86' lang='lat' dir='ltr'><strong>SENATVM.</strong></span> <span class='ocrx_word' id='word_1_360' title='bbox 1515 2652 1865 2697; x_wconf 90' lang='lat' dir='ltr'><strong>NOLVISSET.</strong></span> <span class='ocrx_word' id='word_1_361' title='bbox 1896 2654 2136 2697; x_wconf 88' lang='lat' dir='ltr'><strong>COGERE</strong></span> 
     </span>
     <span class='ocr_line' id='line_1_46' title="bbox 503 2706 2240 2752; baseline -0.001 -1"><span class='ocrx_word' id='word_1_362' title='bbox 503 2709 993 2752; x_wconf 84' lang='lat' dir='ltr'><strong>INTERCESSIONE.</strong></span> <span class='ocrx_word' id='word_1_363' title='bbox 1021 2710 1064 2751; x_wconf 87' lang='lat' dir='ltr'><strong>P.</strong></span> <span class='ocrx_word' id='word_1_364' title='bbox 1095 2709 1321 2752; x_wconf 87' lang='lat' dir='ltr'><strong>DECIMI.</strong></span> <span class='ocrx_word' id='word_1_365' title='bbox 1348 2709 1503 2752; x_wconf 85' lang='lat' dir='ltr'><strong>TRIB.</strong></span> <span class='ocrx_word' id='word_1_366' title='bbox 1532 2708 1617 2750; x_wconf 91' lang='lat' dir='ltr'><strong>PL.</strong></span> <span class='ocrx_word' id='word_1_367' title='bbox 1647 2709 1766 2751; x_wconf 87' lang='lat' dir='ltr'><strong>RES.</strong></span> <span class='ocrx_word' id='word_1_368' title='bbox 1796 2709 1919 2752; x_wconf 88' lang='lat' dir='ltr'><strong>EST.</strong></span> <span class='ocrx_word' id='word_1_369' title='bbox 1949 2706 2240 2752; x_wconf 85' lang='lat' dir='ltr'><strong>SVBLATA.</strong></span> 
     </span>
     <span class='ocr_line' id='line_1_47' title="bbox 345 2760 2432 2817; baseline 0.001 -14"><span class='ocrx_word' id='word_1_370' title='bbox 345 2764 397 2817; x_wconf 84' lang='lat' dir='ltr'><strong>Q.</strong></span> <span class='ocrx_word' id='word_1_371' title='bbox 429 2765 714 2806; x_wconf 77' lang='lat' dir='ltr'><strong>AVFIDIVS.</strong></span> <span class='ocrx_word' id='word_1_372' title='bbox 745 2764 1105 2806; x_wconf 85' lang='lat' dir='ltr'><strong>MENSARIVS.</strong></span> <span class='ocrx_word' id='word_1_373' title='bbox 1135 2764 1478 2806; x_wconf 79' lang='lat' dir='ltr'><strong>TAEERNAE.</strong></span> <span class='ocrx_word' id='word_1_374' title='bbox 1507 2763 1960 2806; x_wconf 87' lang='lat' dir='ltr'><strong>ARGENTARIAE.</strong></span> <span class='ocrx_word' id='word_1_375' title='bbox 1990 2764 2089 2806; x_wconf 86' lang='lat' dir='ltr'><strong>AD.</strong></span> <span class='ocrx_word' id='word_1_376' title='bbox 2116 2760 2368 2806; x_wconf 84' lang='lat' dir='ltr'><strong>SCVTVM</strong></span> <span class='ocrx_word' id='word_1_377' title='bbox 2425 2790 2432 2798; x_wconf 90' lang='lat'><strong>·</strong></span> 
     </span>
     <span class='ocr_line' id='line_1_48' title="bbox 562 2818 2156 2862; baseline 0 -2"><span class='ocrx_word' id='word_1_378' title='bbox 562 2819 921 2862; x_wconf 75' lang='lat' dir='ltr'><strong>CIMBRICVM.</strong></span> <span class='ocrx_word' id='word_1_379' title='bbox 952 2818 1087 2861; x_wconf 85' lang='lat' dir='ltr'><strong>CVM</strong></span> <span class='ocrx_word' id='word_1_380' title='bbox 1118 2818 1364 2861; x_wconf 87' lang='lat' dir='ltr'><strong>MAGNA.</strong></span> <span class='ocrx_word' id='word_1_381' title='bbox 1392 2819 1463 2859; x_wconf 87' lang='lat' dir='ltr'><strong>Vl.</strong></span> <span class='ocrx_word' id='word_1_382' title='bbox 1493 2818 1674 2861; x_wconf 78' lang='lat' dir='ltr'><strong>AERIS.</strong></span> <span class='ocrx_word' id='word_1_383' title='bbox 1703 2819 1923 2862; x_wconf 83' lang='lat' dir='ltr'><strong>ALIENI.</strong></span> <span class='ocrx_word' id='word_1_384' title='bbox 1958 2818 2156 2860; x_wconf 83' lang='lat' dir='ltr'><strong>CESSIT</strong></span> 
     </span>
     <span class='ocr_line' id='line_1_49' title="bbox 1053 2872 1635 2916; baseline 0 -2"><span class='ocrx_word' id='word_1_385' title='bbox 1053 2872 1229 2915; x_wconf 84' lang='lat' dir='ltr'><strong>FORO.</strong></span> <span class='ocrx_word' id='word_1_386' title='bbox 1258 2873 1635 2916; x_wconf 78' lang='lat' dir='ltr'><strong>RETRACTVS.</strong></span> 
     </span>
     <span class='ocr_line' id='line_1_50' title="bbox 596 2925 2141 3024; baseline -0.001 -57"><span class='ocrx_word' id='word_1_387' title='bbox 596 2926 686 2967; x_wconf 84' lang='lat' dir='ltr'><strong>EX.</strong></span> <span class='ocrx_word' id='word_1_388' title='bbox 718 2927 974 2969; x_wconf 75' lang='lat' dir='ltr'><strong>ITINERE.</strong></span> <span class='ocrx_word' id='word_1_389' title='bbox 1002 2927 1297 3024; x_wconf 42' lang='lat' dir='ltr'><strong>CAVgSzM.</strong></span> <span class='ocrx_word' id='word_1_390' title='bbox 1324 2927 1510 3023; x_wconf 47' lang='lat' dir='ltr'><strong>IDAIXIIT.</strong></span> <span class='ocrx_word' id='word_1_391' title='bbox 1542 2929 1714 2970; x_wconf 83' lang='lat' dir='ltr'><strong>APVD.</strong></span> <span class='ocrx_word' id='word_1_392' title='bbox 1743 2928 1786 2968; x_wconf 90' lang='lat' dir='ltr'><strong>P.</strong></span> <span class='ocrx_word' id='word_1_393' title='bbox 1815 2925 2141 2970; x_wconf 82' lang='lat' dir='ltr'><strong>FONTEIVM</strong></span> 
     </span>
     <span class='ocr_line' id='line_1_51' title="bbox 454 3029 2280 3078; baseline 0.004 -8"><span class='ocrx_word' id='word_1_394' title='bbox 454 3029 544 3071; x_wconf 73' lang='lat' dir='ltr'><strong>ET.</strong></span> <span class='ocrx_word' id='word_1_395' title='bbox 574 3032 721 3073; x_wconf 84' lang='lat' dir='ltr'><strong>CVM.</strong></span> <span class='ocrx_word' id='word_1_396' title='bbox 752 3034 1072 3078; x_wconf 76' lang='lat' dir='ltr'><strong>LIOVIDVM.</strong></span> <span class='ocrx_word' id='word_1_397' title='bbox 1102 3037 1374 3077; x_wconf 76' lang='lat' dir='ltr'><strong>FACTVM.</strong></span> <span class='ocrx_word' id='word_1_398' title='bbox 1404 3036 1592 3077; x_wconf 84' lang='lat' dir='ltr'><strong>ESSET.</strong></span> <span class='ocrx_word' id='word_1_399' title='bbox 1621 3035 1767 3077; x_wconf 89' lang='lat' dir='ltr'><strong>EVM.</strong></span> <span class='ocrx_word' id='word_1_400' title='bbox 1798 3035 2024 3078; x_wconf 75' lang='lat' dir='ltr'><strong>NVLLA.</strong></span> <span class='ocrx_word' id='word_1_401' title='bbox 2054 3032 2280 3076; x_wconf 84' lang='lat' dir='ltr'><strong>FECISSE</strong></span> 
     </span>
    </p>
   </div>
   <div class='ocr_carea' id='block_1_9' title="bbox 1340 873 1348 1021">
    <p class='ocr_par' dir='ltr' id='par_1_13' title="bbox 1340 873 1348 1021">
     <span class='ocr_line' id='line_1_52' title="bbox 1340 873 1348 1021; baseline 0 2404"><span class='ocrx_word' id='word_1_402' title='bbox 1340 873 1348 1021; x_wconf 95' lang='lat' dir='ltr'><strong> </strong></span> 
     </span>
    </p>
   </div>
   <div class='ocr_carea' id='block_1_10' title="bbox 321 3078 2483 3135">
    <p class='ocr_par' dir='ltr' id='par_1_14' title="bbox 321 3078 2483 3135">
     <span class='ocr_line' id='line_1_53' title="bbox 321 3078 2483 3135; baseline 0.003 -8"><span class='ocrx_word' id='word_1_403' title='bbox 321 3084 743 3128; x_wconf 63' lang='lat' dir='ltr'><strong>DE&#39;iRzMENffl.</strong></span> <span class='ocrx_word' id='word_1_404' title='bbox 775 3078 979 3132; x_wconf 55' lang='lat' dir='ltr'><strong>ix2SSV5.</strong></span> <span class='ocrx_word' id='word_1_405' title='bbox 1010 3089 1129 3134; x_wconf 74' lang='lat' dir='ltr'><strong>EST.</strong></span> <span class='ocrx_word' id='word_1_406' title='bbox 1159 3090 1240 3134; x_wconf 84' lang='lat' dir='ltr'><strong>IN.</strong></span> <span class='ocrx_word' id='word_1_407' title='bbox 1269 3089 1561 3134; x_wconf 85' lang='lat' dir='ltr'><strong>SOLIDVM.</strong></span> <span class='ocrx_word' id='word_1_408' title='bbox 1592 3090 1712 3135; x_wconf 79' lang='lat' dir='ltr'><strong>AES.</strong></span> <span class='ocrx_word' id='word_1_409' title='bbox 1753 3089 1995 3133; x_wconf 84' lang='lat' dir='ltr'><strong>TOTVM.</strong></span> <span class='ocrx_word' id='word_1_410' title='bbox 2026 3086 2409 3133; x_wconf 80' lang='lat' dir='ltr'><strong>DISSOLVERE.</strong></span> <span class='ocrx_word' id='word_1_411' title='bbox 2478 3101 2483 3105; x_wconf 80' lang='grc'>’</span> 
     </span>
    </p>
   </div>
   <div class='ocr_carea' id='block_1_11' title="bbox 2260 3143 2406 3187">
    <p class='ocr_par' dir='ltr' id='par_1_15' title="bbox 2260 3143 2406 3187">
     <span class='ocr_line' id='line_1_54' title="bbox 2260 3143 2406 3187; baseline 0 -1"><span class='ocrx_word' id='word_1_412' title='bbox 2260 3143 2406 3187; x_wconf 68' lang='grc' dir='ltr'><strong>ΡΚΙΠ</strong></span> 
     </span>
    </p>
   </div>
  </div>
 </body>
</html>
