2504 3425
209 194 311 249 132
543 170 615 225 C.
666 168 906 223 Sue-r.
959 160 1351 224 TRANQU
1389 175 1578 212 1LL1
1632 158 1908 214 L13.11.
2090 164 2307 237 „gg-ghi

199 273 251 301 ex
275 252 501 318 improviso
533 271 557 300 a
586 248 856 299 Demochare
876 251 920 292 &
956 240 1281 305 Apollophane,
1317 239 1522 304 praefetPtis
1547 246 1769 306 Pompeji,
1802 260 1890 289 uno
1923 241 2094 290 demum
2127 249 2304 311 navigio

203 323 418 366 aeoerrime
431 317 591 379 effugit.
658 321 814 361 Iterum
827 326 921 356 cum
934 321 1076 370 praeter
1088 309 1246 352 Locros
1260 304 1478 368 Rhegium
1492 306 1667 368 pedibus
1686 310 1787 364 iret,
1822 312 1864 352 δε
1881 306 2105 370 prospectis
2128 310 2304 356 biremi-

202 357 280 428 biis
295 369 559 446 Pompeianis
572 396 717 427 terram
728 373 962 438 legentibus
975 408 988 428 ,
1001 371 1086 416 suas
1097 386 1225 426 ratus»,
1241 368 1563 416 descendissetad
1574 371 1688 416 littus
1700 406 1712 427 ‚
1736 387 1850 434 paene
1864 386 2057 432 exceptus
2068 372 2139 420 est.
2175 376 2308 420 Tunc

205 448 330 492 etiam
364 464 437 511 per
470 447 613 493 devios
652 442 834 488 tramites
875 435 1157 499 refugientem
1180 470 1194 492 ,
1237 434 1372 480 servus
1407 435 1568 479 AEmilii
1604 436 1759 490 Paulli,
1808 435 1976 479 comitis
2015 441 2122 495 ejus,
2157 438 2305 484 dolens

205 511 481 574 proscriptum
504 511 606 555 olim
632 507 683 553 ab
709 521 761 549 eo
784 516 940 565 patrem
962 500 1177 554 Paullum,
1213 502 1257 543 &
1291 496 1403 561 quasi
1436 497 1650 544 occasione
1676 500 1848 544 ultionis
1875 497 2038 555 oblata,
2071 501 2308 549 interficere

204 590 378 621 conatus
390 574 460 620 est.
528 570 624 618 Post
644 568 834 629 Pompeji
857 564 1026 628 fugam,
1062 563 1315 625 collegarum
1336 563 1511 608 alterum
1534 564 1597 608 M.
1621 562 1855 624 Lepidum,
1892 579 2020 625 quem
2034 580 2084 608 ex
2097 563 2306 613 Africain

206 640 404 684 auxilium
430 650 642 691 evocarat,
674 630 981 693 superbientem
1006 645 1071 673 xx.
1095 627 1315 690 legionum
1338 625 1515 683 fiducia,
1546 624 1803 689 summasque
1826 624 1902 673 fibi
1925 641 2057 688 partes
2086 641 2239 675 terrore
2260 646 2307 676 ac

207 704 336 747 minis
368 702 674 753 vindicantem,
707 695 897 758 spoliavit
929 693 1113 738 exercitu
1146 709 1156 736 :

205 779 325 811 tuum
346 766 558 829 relegavit.

523 904 896 941 TORRENT.

261 959 347 990 Item
368 959 569 1001 cumpraeter
595 947 744 997 Locros]
801 951 888 984 Tres
915 942 1073 987 codices,
1104 948 1233 980 Iterum

206 1009 609 1101 cunigiufnoclegentibus.
624 1051 638 1097 ]
660 1051 711 1086 Sic
724 1048 840 1086 Livius
849 1045 906 1083 lib.
921 1059 955 1084 v.
966 1055 1095 1080 terram
1112 1042 1229 1092 legens.

204 1107 243 1141 ὅ(
270 1117 364 1140 oram
392 1104 492 1140 italie
501 1102 617 1151 legens.
651 1098 772 1148 Virgil.
785 1099 965 1145 Litoraque
976 1094 1070 1142 Epiri
1083 1093 1231 1142 legimus.
1254 1133 1256 1138 ‚

205 1154 266 1191 ubi
277 1157 435 1192 Donatus
451 1154 625 1192 nauticum
640 1148 705 1187 effe
723 1147 934 1188 vocabulum
960 1145 1165 1188 annotavit,
1195 1155 1231 1180 ut

201 1207 241 1242 ὃ(
251 1205 377 1250 funem
394 1205 506 1252 legere.
1090 1246 1096 1252 ι

257 1260 418 1303 Exceptus
436 1252 513 1300 est.]
544 1255 665 1288 Horat.
684 1249 742 1287 lib.
760 1247 916 1287 111.0d.
930 1262 970 1284 xt
986 1262 1013 1284 1.
1033 1246 1230 1300 lutztarrtem

193 1305 356 1351 fruticeto
367 1304 511 1352 excipere
520 1311 651 1350 aprum.
674 1300 784 1349 dii-gil.
794 1299 910 1336 Bucol.
926 1306 1063 1346 caprum
1072 1301 1230 1344 Exczpere

199 1354 344 1404 insidiis.
374 1354 472 1391 Plura
491 1351 649 1402 exempla
665 1351 754 1400 apud
764 1351 934 1387 Nonium.
1005 1398 1010 1404 Ι
1069 1397 1074 1402 .

255 1404 393 1453 circuis
409 1403 609 1453 relegavit.]
637 1401 760 1438 Melius
779 1413 845 1438 tres
865 1412 947 1437 MSS.
966 1402 1117 1446 Crrccjos.

512 1486 910 1520 CASAUBON.

255 1551 379 1589 Dolens
391 1551 611 1602 proscriptum
629 1551 708 1588 olim
726 1551 769 1587 ab
787 1563 821 1586 eo
832 1557 968 1597 patrem
978 1545 1176 1594 Paullum]
1195 1549 1228 1583 Is

203 1600 273 1644 est,
297 1605 442 1653 opinor,
474 1606 568 1649 cujus
605 1615 738 1638 nomen
764 1599 866 1638 refert
892 1600 928 1635 in
962 1596 1228 1649 proscriptorum

201 1650 344 1696 album,
364 1654 544 1690 &caedem
555 1664 668 1690 narrat
679 1654 852 1703 Appianus
860 1649 917 1686 lib.
937 1663 988 1688 iv.
1001 1646 1061 1684 etsi
1073 1648 1227 1685 AEmilius

202 1700 248 1737 illi
266 1714 401 1740 tantum
418 1704 545 1740 dicitur.

256 1754 386 1790 Circeos
397 1754 637 1803 inperpetuum
655 1748 857 1801 relegavit]
897 1747 1064 1786 Orosius:
1086 1749 1225 1798 Lepidus

192 1801 330 1850 fiapplex
355 1805 474 1852 Caesari
482 1806 600 1851 jhc'lus
610 1799 784 1844 vitam&
803 1801 888 1836 bona
905 1800 1104 1848 impetravit
1117 1828 1129 1842 ,
1152 1808 1227 1847 per-

191 1861 292 1901 petuo
322 1856 518 1891 emendatus
553 1854 663 1891 exilio.
696 1853 799 1902 longe
834 1851 948 1886 mitius
967 1878 977 1892 ,
1010 1862 1044 1887 ut
1077 1850 1225 1900 plerique

200 1903 256 1939 alii
272 1916 418 1941 narrant.
470 1904 624 1950 Velleius
643 1904 708 1940 boc
734 1914 867 1939 tantum
895 1916 904 1937 ε
950 1900 1028 1936 Vita
1049 1914 1226 1950 rerumque

192 1953 338 2001 suarum
365 1954 554 1991 dominium
583 1954 722 2002 conceffiz
741 1954 770 1989 ei
782 1952 866 2001 sunt
893 1966 902 1984 .-
932 1950 1091 1999 spoliata,
1121 1964 1223 2000 quam

201 2003 289 2038 tueri
307 2016 372 2040 non
385 2013 520 2052 poterat
538 2033 550 2047 ,
579 2005 737 2052 dignitas.
795 2003 867 2038 Dio
887 2002 920 2036 in
942 2001 1037 2037 Italia
1057 2001 1150 2038 suisse
1168 2001 1223 2038 ha-

203 2052 314 2090 bitum
332 2068 403 2091 non
430 2054 501 2092 fine
521 2054 682 2091 custodia.
741 2053 913 2102 Appianus
930 2063 1044 2100 aperte
1063 2054 1224 2089 Suetonio

199 2116 369 2154 repugnat
401 2119 410 2141 :
435 2104 507 2145 vult
531 2102 670 2141 miffum
697 2115 718 2138 a
745 2101 878 2139 Caesare
903 2115 977 2138 non
1003 2103 1038 2138 in
1065 2102 1223 2146 exilium,

201 2152 259 2190 sed
271 2158 451 2200 Romam,
485 2168 521 2191 ut
537 2157 684 2206 privatus
702 2153 862 2203 degeret,
892 2151 1093 2202 pontificatu
1114 2154 1224 2189 maxi-

200 2218 265 2241 mo
281 2234 294 2249 ,
320 2219 425 2254 quem
461 2207 625 2256 gerebat,
652 2216 831 2241 contentus
848 2232 860 2246 ‚
895 2203 1090 2247 Ἐμῲυλίων
1120 2202 1176 2240 lib.
1190 2217 1221 2241 v.

204 2258 249 2292 Et
268 2255 347 2292 alibi
366 2270 503 2306 quoque
521 2256 616 2293 idem
638 2259 768 2292 Romae
789 2267 871 2290 eum
900 2254 934 2288 in
963 2253 1098 2290 summa
1117 2253 1221 2302 ἀδείᾳ

201 2303 268 2342 effe
287 2306 458 2344 versatum
475 2318 614 2348 narrat,
647 2306 690 2341 de
720 2304 840 2355 Lepi-ii
877 2304 1016 2350 junioris
1041 2308 1077 2340 ὃ(
1105 2306 1224 2340 matris

201 2357 441 2402 conjuratione
461 2359 494 2393 in
516 2356 705 2404 Augustum
737 2355 879 2404 loquens
904 2354 962 2390 lib.
988 2368 1037 2392 xv.
1068 2355 1153 2390 Mihi
1171 2355 1225 2392 hic

203 2406 349 2456 Appiani
384 2406 533 2457 suspecta
568 2399 654 2443 fides
690 2422 699 2443 ι
730 2419 812 2441 nam
848 2405 920 2440 Dio
958 2416 1051 2441 anno
1081 2404 1224 2441 demum

204 2467 412 2493 Dccxxxw.
440 2457 652 2493 duodecimo
691 2456 765 2506 post
795 2454 1083 2505 conspirationem
1112 2468 1227 2498 anno,

202 2505 247 2541 ab
267 2506 420 2556 Augusto
438 2508 472 2543 in
500 2507 623 2543 urbem
658 2509 866 2549 retractum,
897 2507 1016 2542 auctor
1052 2505 1098 2541 est
1130 2521 1139 2542 :
1166 2505 1228 2542 nisi

202 2555 359 2593 dicamus
398 2557 473 2607 post
508 2569 664 2594 mortem
703 2556 791 2598 filii,
828 2570 902 2591 non
929 2555 1143 2599 necessitate,
1173 2555 1228 2592 sed

202 2608 376 2643 voluntate
399 2607 454 2644 sua
474 2608 508 2643 in
527 2621 628 2658 agros
647 2605 1081 2643 secessisse&solitudinem
1105 2621 1115 2643 ι
1135 2606 1229 2657 quod

202 2656 334 2694 'videtur
350 2658 491 2694 innuere
511 2660 617 2695 etiam
637 2659 718 2694 Dio.

263 2721 316 2752 ¹7-
342 2713 393 2744 Μ.
410 2709 556 2744 Antonii
567 2703 798 2756 sacietatem]
831 2709 995 2743 Fecerant
1011 2706 1230 2757 ineptissime,

200 2756 260 2805 qui
277 2756 506 2807 superioribus
524 2758 582 2794 ista
599 2760 860 2803 coniunxerant.

258 2806 590 2842 Reconciliationilus
619 2807 728 2842 ‘curiis
763 2807 851 2843 male
873 2807 1068 2853 focillutum
1098 2807 1232 2856 abrupit

202 2853 380 2902 tandem]
398 2857 543 2892 Dictum
554 2856 601 2893 est
612 2855 903 2917 elegantisiimum
911 2858 1064 2917 Appiani
1073 2858 1115 2895 de
1126 2861 1234 2895 Oc'ta—

202 2907 474 2944 vio&Ant0nio
504 2921 514 2943 :
545 2910 693 2953 Συνεχής
713 2910 746 2946 ἦν
766 2910 880 2948 αυτοῖς
899 2925 916 2948 η
945 2906 1125 2951 petraeam}
1151 2909 1231 2957 πρός

203 2970 238 2990 τε
258 2956 318 2995 τοὶς
340 2955 502 2996 ὀπονοίοις
523 2957 560 2990 ἐκ
579 2956 800 3004 φιλοεξχίοις,
821 2958 879 2993 καὶ
903 2958 933 2997 ἔς
947 2957 1007 2998 τοὶς
1025 2958 1140 3000 πίε-εις
1160 2959 1229 2995 ὑπὸ

202 3005 337 3053 melus.
370 3005 568 3044 Afferemus
589 3009 627 3043 ὃ(
646 3006 722 3043 huic
748 3006 827 3045 loco
853 3007 965 3045 lucem
993 3022 1034 3047 ex
1053 3012 1229 3048 notatione

202 3066 413 3106 fielTIPOl'Uln.

256 3109 411 3144 A.U.C.
438 3119 550 3148 nccx,
577 3107 699 3148 Caedes
725 3107 803 3153 Julii
836 3123 845 3147 ;

1201 689 1513 754 supplicemque
1543 688 1728 736 concessa
1755 692 1838 737 vita
1871 691 2046 735 Circeos
2083 692 2126 736 in
2158 709 2310 756 perpe·-

626 761 690 808 M.
716 759 900 806 Antonii
920 756 1155 802 societatem
1176 753 1336 819 semper
1358 753 1528 801 dubiam
1553 759 1596 801 δε
1622 756 1845 813 incertam,
1877 755 2310 804 reconciliationibus·
2334 766 2391 812 17

2228 838 2314 885 que

1276 891 1485 941 Apollonia,
1517 894 1555 928 ὃ(
1585 904 1667 928 cum
1692 892 1847 929 Antonio
1875 892 2114 930 contentiones
2141 893 2242 934 variae
2268 895 2305 934 in

1279 942 1374 979 urbe.
1402 943 1571 980 Antonius
1590 941 1734 978 tandem
1755 942 1880 979 urbem
1898 943 2064 992 relinquit.

1335 994 1435 1030 A.U.
1449 995 1490 1029 C.
1511 1002 1646 1028 Dccxr.
1673 991 1806 1029 Bellum
1830 996 1867 1030 ὃ(
1885 1005 1951 1042 pax
1971 992 2173 1031 Mutinensis
2203 1010 2213 1031 :
2242 993 2309 1033 foe.

1281 1041 1345 1079 dus
1361 1041 1494 1079 facium
1521 1043 1607 1079 inter
1635 1042 1810 1079 Caesarem
1844 1047 1881 1080 δ(
1920 1043 2111 1080 Antonium
2139 1043 2308 1084 affinitate

1283 1091 1531 1137 confirmatur,
1561 1092 1685 1129 Clodia
1711 1093 1833 1130 Fulviae
1866 1091 1937 1130 filia
1963 1106 2004 1130 ex
2023 1094 2136 1143 primo
2155 1097 2306 1142 marito,

1291 1145 1382 1192 (tres
1400 1145 1495 1181 enim
1512 1142 1652 1190 habuit)
1683 1144 1836 1182 octavio
1854 1143 2061 1193 desponsata.

1338 1195 1486 1232 A.U.C.
1518 1205 1705 1230 Dccx111.
1762 1193 1876 1231 Caesar
1902 1197 2063 1231 Romam
2088 1193 2242 1232 reversus
2264 1209 2307 1236 ex

1282 1243 1375 1281 bello
1395 1242 1622 1295 Philippensi,
1651 1255 1768 1281 exorta
1797 1257 1878 1281 cum
1903 1244 2017 1283 Fulvia
2037 1245 2133 1282 soem
2154 1243 2307 1284 simulta-

1280 1306 1335 1338 te,
1362 1295 1527 1334 Clodiam
1559 1294 1697 1332 dimittit
1727 1294 1838 1332 adhuc
1863 1296 2047 1345 virginem.
2102 1294 2307 1340 Perusinum

1282 1345 1424 1383 bellum.

1336 1396 1376 1433 A.
1390 1400 1433 1433 U.
1446 1398 1487 1432 C.
1519 1406 1680 1434 nccx1v.
1740 1395 1853 1433 Caesar
1879 1398 1917 1433 ὃ(
1945 1396 2113 1433 Antonius
2138 1397 2305 1436 Brundifii

1282 1448 1491 1485 conveniunt
1518 1460 1527 1482 ε
1564 1446 1822 1483 reconciliantur
1864 1446 2031 1483 affinitate
2076 1447 2307 1497 redintegrata

1283 1510 1342 1546 per
1351 1498 1561 1539 octaviam,
1589 1509 1665 1546 quae
1684 1498 1838 1533 Antonio
1856 1496 1951 1532 nubit
1983 1512 1992 1532 z
2021 1500 2183 1534 Romam
2202 1498 2307 1538 simul

1279 1548 1513 1597 ingrediuntur
1543 1562 1551 1583 :
1583 1546 1750 1583 Antonius
1767 1546 1854 1583 redit
1870 1547 1903 1582 in
1914 1545 2044 1583 Asiam.

1334 1598 1486 1635 A.U.C.
1511 1608 1648 1635 Dccxv.
1678 1598 1848 1634 Antonius
1858 1597 1983 1633 iterum
1993 1598 2087 1635 venit
2097 1598 2304 1645 nataliam,

1279 1650 1316 1684 ὃ(
1332 1648 1375 1684 ad
1385 1649 1556 1685 Misenum
1577 1650 1858 1698 promontorium
1876 1661 1958 1685 cum
1969 1649 2121 1688 oetavio
2141 1649 2305 1702 depositis

1280 1697 1505 1736 simultatibus
1518 1697 1630 1735 foedus
1647 1711 1802 1738 renovat.

1335 1750 1376 1786 A.
1389 1753 1432 1787 U.
1447 1753 1488 1787 C.
1520 1761 1679 1787 Dccxvx.
1740 1751 1921 1787 Antonius·
1943 1763 1985 1787 ex
2020 1750 2153 1787 Graecia
2177 1752 2302 1801 repetit

1280 1799 1435 1843 Italiam,
1466 1799 1574 1851 specie
1589 1813 1697 1851 opem
1713 1799 1843 1837 ferendi
1862 1800 1985 1837 Caeshri
2013 1811 2131 1837 contra
2149 1803 2301 1853 Pompe-

1281 1851 1354 1895 jum
1384 1865 1394 1887 ε
1423 1850 1479 1887 sed
1507 1863 1669 1902 portento
1700 1853 1830 1888 territus
1846 1880 1857 1894 ,
1901 1850 2094 1901 priusquam
2127 1851 2303 1894 Caesarem

1279 1900 1528 1951 alloqueretur,
1554 1900 1732 1938 Brundisio
1750 1901 1857 1939 solvit.

1335 1952 1375 1988 A.
1388 1955 1432 1988 U.
1445 1954 1486 1988 C.
1507 1962 1651 1989 nccxw
1666 1966 1693 1989 1.
1707 1954 1877 1989 Antonius
1892 1953 1991 1989 tertio
2000 1952 2085 1990 redit
2093 1953 2128 1990 in
2137 1954 2274 1992 Italiam
2290 1971 2302 1994 ς

1280 2002 1469 2038 amicitiam
1486 2016 1567 2038 cum
1589 2002 1722 2038 Caesare
1749 2004 1891 2039 Tarenti
1916 2003 2147 2052 redintegrat,
2176 2009 2213 2041 ὃ(
2236 2017 2300 2042 ter-

1277 2052 1363 2088 tiam
1383 2066 1463 2088 cum
1475 2066 1519 2088 eo
1540 2054 1645 2101 jungit
1661 2050 1889 2095 affinitatem,
1916 2052 2080 2102 'desponsa
2090 2053 2179 2096 Julia
2189 2056 2297 2092 Odia-

1278 2103 1323 2138 vii
1339 2102 1477 2153 Antyllo
1496 2101 1569 2140 filio
1588 2103 1658 2140 suo.
1692 2102 1778 2139 Inde
1797 2103 1867 2139 abit
1887 2104 1922 2139 in
1940 2102 2081 2147 Atiam,
2111 2106 2149 2141 δε
2170 2104 2301 2145 bellum

1280 2152 1465 2191 Persicum.

1334 2204 1375 2240 A.
1388 2207 1432 2240 U.
1446 2207 1487 2241 C.
1514 2215 1675 2241 Dccx1x.
1703 2204 1853 2242 octavia
1883 2217 1964 2240 cum
1982 2204 2184 2242 muneribus
2199 2209 2237 2243 δ(
2253 2206 2300 2244 le·

1277 2254 1436 2305 gionibus
1468 2254 1511 2291 ad
1537 2256 1727 2291 Antonium
1762 2255 1924 2291 reducem
1962 2256 1996 2290 in
2029 2258 2222 2306 AEgyptum
2259 2272 2301 2295 ex

1279 2306 1463 2340 Armenica
1484 2304 1698 2355 expeditione
1717 2306 1825 2341 tendit
1845 2319 1854 2342 ε
1873 2306 2041 2342 Antonius
2059 2318 2141 2343 eam
2149 2306 2300 2347 domum

1277 2355 1385 2391 redire
1402 2355 1514 2400 iubet,
1544 2368 1666 2391 amore
1679 2354 1870 2406 Cleopatrae
1887 2367 2081 2406 occupatus.

1333 2406 1373 2442 A.
1386 2409 1428 2442 U.
1443 2408 1483 2442 C.
1505 2417 1662 2442 Dccxxi.
1684 2406 1837 2444 Reverso
1851 2407 2003 2443 Antonio
2020 2407 2065 2443 ab
2083 2407 2303 2458 expeditione

1278 2456 1461 2491 Armenica
1480 2457 1514 2492 in
1535 2459 1723 2505 AEgyptum
1741 2485 1752 2500 ‚
1781 2456 2016 2493 recrudescunt
2044 2456 2233 2497 simultates
2251 2461 2301 2497 in-

1277 2518 1327 2541 ter
1348 2519 1428 2543 eum
1446 2510 1483 2542 &
1503 2508 1695 2550 Caesarem,
1722 2505 1841 2544 frustra
1862 2519 1990 2545 tentata
2010 2519 2094 2559 pace
2105 2511 2300 2548 amicorum

1276 2555 1522 2593 intercessione.

1332 2607 1373 2644 A.
1386 2609 1482 2644 stc,
1508 2619 1691 2646 Dccxx11.
1749 2609 1941 2646 Inimicitiae
1969 2610 2056 2646 inter
2072 2609 2244 2646 Caesarem
2261 2613 2299 2646 &

1278 2657 1469 2694 Antonium
1496 2658 1667 2702 crescunt,
1695 2661 1844 2698 octavia
1868 2658 1943 2696 suas
1966 2673 2019 2697 res
2050 2659 2178 2696 habere
2198 2657 2301 2705 jussa:

1278 2708 1447 2746 Antonius
1465 2708 1567 2746 hostis
1587 2722 1667 2760 pop.
1687 2713 1795 2748 Rom.
1818 2710 2023 2762 appellatus,
2052 2709 2302 2761 velCleopatra

1281 2770 1402 2808 potius.

1334 2811 1376 2846 A.
1389 2813 1432 2847 U.
1446 2813 1487 2847 C.
1519 2822 1727 2848 Dccxx111.
1766 2813 1848 2847 Hoc
1875 2823 1970 2847 anno
1993 2822 2025 2848 a.
2057 2810 2091 2847 d.
2117 2823 2168 2849 ιν.
2200 2813 2298 2852 Non,

1282 2861 1461 2909 Septemb.
1482 2861 1589 2901 vietus
1603 2862 1772 2899 Antonius
1788 2860 1832 2897 ad
1841 2862 2004 2906 Actium,
2032 2860 2182 2912 sequenti
2191 2863 2289 2914 periit

1639 2944 1945 2980 VARIOR·

1336 3016 1475 3049 Patrem
1490 3010 1662 3049 Paullum.
1673 3009 1688 3059 ]
1700 3012 1763 3046 Per
1771 3017 1906 3058 patrem
1916 3010 2064 3060 intellige
2075 3009 2200 3047 AEmilii
2210 3010 2300 3048 istius

1281 3063 1421 3109 junioris
1436 3074 1580 3112 patrem.
1602 3074 1675 3098 non
1691 3062 1785 3097 enim
1801 3058 1903 3109 ipsius
1920 3059 2004 3099 servi
2014 3090 2026 3107 ‚
2052 3074 2096 3101 ne
2114 3075 2203 3100 erres
2219 3075 2300 3100 cum

882 3108 1006 3150 reditus
1025 3111 1165 3151 Octavii
1186 3109 1230 3150 ab
1281 3112 1506 3156 eruditissimo
1524 3113 1566 3152 A.
1577 3111 1730 3155 Schotto.
1759 3113 1817 3154 ΒΕ
1831 3123 1854 3163 1}
1868 3123 1894 3153 N
1905 3122 1927 3152 ε
1937 3124 1955 3150 c
1965 3125 1993 3152 c.

2146 3162 2306 3201 Ton-
