2504 3425
2076 238 2192 293 Fol.
2220 255 2252 306 ’ς

366 335 369 338 ⁴
435 369 1012 434 AMPLJSSJMO
1049 372 1166 434 ET
1193 371 1751 434 CLARISSIMO
1793 373 2011 434 VIRO

177 494 336 602 D.
411 496 818 607 DAV
869 504 995 608 Y‘
1050 503 1322 610 DU
1425 500 2255 611 PE-RRON0

377 661 538 721 Sacri
576 658 966 734 Confistorii,
1012 659 1360 751 publicique
1406 666 1624 728 AErarii
1665 656 2044 725 Consiliario.

333 855 816 914 AMPLISSIME
860 858 983 910 DN.

338 1012 381 1060 5
400 1014 465 1040 m„
498 997 652 1070 Agno
671 997 865 1068 semper
877 1015 994 1049 curn
1012 1008 1152 1049 metu
1167 1033 1182 1059 ,
1220 1000 1274 1050 ὃτ
1288 997 1425 1068 quasi
1439 997 1559 1050 aestu
1575 994 1727 1049 multa
1751 995 1954 1069 adversa
1975 1001 2254 1052 revertentis

228 1107 234 1117 -
277 1077 305 1132 Ξ
331 1078 390 1143 59¹
454 1083 472 1109 1'-
497 1072 672 1134 animi2
687 1071 1022 1123 donationem
1037 1069 1199 1122 libelli
1215 1071 1424 1142 alicujus
1437 1072 1535 1123 mei
1550 1069 1706 1131 faci0‚
1722 1088 1822 1121 non
1841 1086 1940 1121 tam
1961 1088 2061 1140 prae
2079 1072 2253 1123 verbo-

187 1162 201 1182 *
239 1166 246 1175 1
320 1168 326 1180 ι
434 1142 448 1195 ἔ
465 1183 473 1202 .,
501 1162 612 1196 rum
628 1157 714 1196 aut
728 1143 1081 1196 sententiarum
1100 1144 1278 1215 inopia
1294 1163 1477 1216 ,quam
1497 1145 1617 1214 quia
1632 1143 1806 1196 decori
1822 1142 2103 1195 observatio
2120 1141 2256 1195 diffi-

257 1233 261 1240 '
284 1263 287 1270 .
323 1209 330 1218 ¹
362 1265 383 1288 „-
461 1235 474 1272 ν’
503 1218 656 1269 cilem
680 1217 727 1268 se
753 1217 944 1288 praebet
962 1255 975 1277 ,
1016 1215 1116 1268 fine
1141 1235 1242 1287 qua
1267 1220 1433 1270 oratio
1457 1217 1949 1287 scriptioqueomnis
1973 1213 2110 1267 fatua
2125 1235 2256 1287 quo-

374 1290 411 1303 '“‘
495 1289 779 1342 dammodo
795 1287 1074 1360 insulsaque
1092 1288 1168 1350 sit,
1186 1290 1379 1343 neceffe
1391 1290 1480 1343 est.
1542 1290 1624 1342 Ut
1638 1291 1778 1341 enim
1795 1287 1945 1340 salem
1960 1291 2103 1358 ajunt
2120 1303 2255 1341 cete-

126 1380 136 1389 “
162 1365 227 1420 ris
254 1363 601 1418 condimentis
626 1380 722 1432 pro
746 1363 1083 1415 condimento
1107 1360 1204 1415 ess‘e
1231 1383 1241 1415 :
1285 1362 1350 1415 sic
1376 1364 1620 1416 decorum
1647 1376 1923 1414 ceterarum
1949 1362 2069 1413 vitae
2098 1361 2254 1414 afflo-

162 1456 286 1491 num
311 1436 543 1489 laudibus
561 1433 675 1506 ipsis
689 1453 783 1507 pro
800 1434 948 1487 laude
962 1433 1048 1487 est.
1091 1436 1149 1487 ln
1165 1435 1254 1488 tali
1269 1454 1388 1489 cum
1403 1436 1719 1509 cogitatione
1733 1433 1944 1487 versarer
1960 1471 1975 1496 ,
2015 1434 2066 1485 in
2083 1452 2255 1505 eoque

160 1509 333 1571 essem,
347 1524 404 1562 ut
419 1507 560 1560 hasce
577 1511 737 1560 intres
752 1508 1059 1562 C.Suetonii
1073 1507 1405 1581 Vespasianus
1420 1524 1563 1561 notas
1576 1513 1627 1560 &
1639 1507 2023 1559 emendationes
2041 1524 2173 1558 meas
2189 1521 2254 1558 ti-

162 1583 215 1635 bi
232 1581 469 1634 offerrem
484 1621 499 1639 ‚
516 1594 912 1653 argumentaque
924 1581 1180 1644 dicerem,
1194 1600 1349 1653 quare.
1362 1581 1673 1635 conveniens
1687 1581 1734 1631 in
1753 1595 1852 1632 tuae
1866 1579 2132 1652 dignitatis
2149 1598 2254 1631 am-

161 1654 435 1727 plissimam
452 1653 710 1725 personam
729 1654 815 1707 illa
827 1654 1044 1708 donatio
1059 1652 1177 1706 esset
1192 1693 1206 1717 ,
1238 1657 1531 1727 repentinus
1546 1652 1700 1713 casim,
1717 1657 1768 1705 ὃ(
1785 1652 1922 1723 quasi
1941 1651 2075 1705 Solis
2091 1651 2252 1704 Galli-

158 1728 209 1781 ci
228 1726 432 1780 occasus
449 1764 464 1789 ‚
504 1745 618 1797 quae
642 1726 950 1781 institueram
984 1725 1180 1799 praefari
1198 1764 1214 1790 ,
1252 1726 1443 1800 profari
1469 1746 1572 1780 non
1603 1724 1719 1779 sivit
1735 1762 1750 1787 ,
1790 1740 2070 1796 contraque
2095 1724 2255 1777 animi

160 1802 262 1853 mei
290 1798 584 1850 sententiam
598 1818 654 1852 ac
671 1813 852 1853 votum
867 1815 1056 1854 vertere
1071 1799 1238 1852 stilum
1254 1803 1430 1873 coegit
1447 1838 1462 1863 ,
1501 1802 1761 1871 longeque
1778 1798 1930 1849 aliam
1945 1817 1973 1849 a
1991 1795 2254 1868 proposita

161 1870 378 1926 insistere
403 1870 611 1923 dicendi
637 1873 790 1924 viam.
869 1873 1049 1925 Alacer
1063 1910 1078 1936 ‚
1116 1872 1285 1933 laetus,
1329 1873 1730 1944 experrestoque
1744 1871 1903 1922 animi
1921 1872 2102 1941 vigore
2115 1868 2253 1921 orsus

160 1963 296 1998 eram
312 1942 511 2015 praefari
525 1943 589 1996 ad
604 1957 654 1995 te
678 1945 745 1998 V.
767 1944 832 1997 C.
853 1945 1001 1997 tristis
1018 1983 1033 2007 ,
1072 1946 1399 1998 conturbatus
1418 1985 1433 2009 ,
1452 1951 1503 1998 ὃς
1517 1945 1634 1997 stilo
1649 1941 1785 2013 quasi
1802 1941 2097 1994 hebescente
2111 1941 2252 1994 aliud

159 2018 472 2091 principium
485 2035 663 2088 capere
678 2016 868 2070 neceffe
881 2018 1053 2070 habui.
1096 2017 1151 2070 N
1161 2019 1401 2082 arrabam,
1415 2018 1477 2071 ad
1495 2016 1687 2070 nostros
1692 2053 1707 2077 ,
1721 2028 1807 2066 aut
1820 2016 1995 2086 potius
2007 2015 2144 2067 orbis
2155 2028 2252 2066 ter-

162 2109 227 2143 rae
245 2128 259 2152 ‚
280 2090 427 2142 omni
442 2090 688 2162 dignitate
701 2091 956 2162 principes
974 2091 1028 2143 H
1050 2108 1079 2141 E
1099 2111 1134 2142 N
1155 2110 1189 2142 R
1203 2110 1220 2142 1
1239 2109 1274 2143 c
1294 2111 1332 2144 U
1352 2111 1395 2143 M
1421 2110 1441 2143 1
1455 2111 1504 2145 v.
1522 2104 1735 2161 patrem,
1753 2093 1805 2140 &
1821 2086 1990 2141 filium
2004 2089 2109 2158 ejus
2125 2087 2168 2138 L
2189 2106 2253 2139 U·

167 2183 203 2216 D
221 2182 256 2215 o
275 2182 307 2214 v
332 2183 347 2214 1
371 2180 405 2214 e
425 2182 463 2216 U
486 2182 526 2214 M
565 2180 701 2214 x111.
742 2163 980 2234 exempla
1017 2168 1051 2214 V
1066 2161 1302 2234 espasiani
1322 2164 1477 2234 patris
1493 2167 1544 2214 ὃς
1562 2162 1680 2214 Titi
1699 2159 1824 2223 filii,
1862 2160 2113 2232 aptissime
2129 2178 2253 2211 con-

163 2235 335 2287 venire
348 2272 364 2297 ,
402 2235 545 2304 quod
560 2234 648 2287 ille
663 2253 733 2298 re,
749 2235 835 2288 hic
850 2235 934 2306 spe
949 2253 1090 2288 arnor
1103 2236 1223 2288 ess‘et
1238 2255 1294 2289 ac
1312 2237 1559 2288 delicium
1577 2234 1774 2306 generis
1787 2232 2011 2285 humani.
2053 2235 2253 2302 Quem-

165 2306 448 2358 admodum
475 2305 802 2377 Vespasianus
828 2324 1001 2379 pater‚
1040 2309 1243 2380 imperii
1272 2309 1496 2362 Romani
1522 2308 1644 2359 alter
1673 2303 1811 2375 quasi
1841 2305 2094 2357 Camillus
2122 2303 2253 2366 fuit,

165 2379 289 2450 quia
303 2416 318 2440 ,
357 2392 414 2429 ut
443 2378 506 2430 C.
541 2379 770 2431 Suetonii
786 2399 872 2432 ore
886 2382 1054 2434 dicam
1073 2421 1088 2445 ,
1125 2386 1357 2435 incertum
1369 2381 1452 2436 diu
1472 2380 1534 2440 ὅ)
1550 2378 1878 2453 quastvczgnm
1892 2373 2253 2450 imperz'nmfitfi

166 2454 304 2525 cepit,
331 2448 655 2522 firmavitque
679 2451 869 2505 tandem
896 2476 912 2505 .·
953 2453 1018 2506 sic
1039 2456 1092 2508 H
1112 2474 1140 2506 E
1160 2474 1195 2506 N
1217 2473 1250 2505 R
1273 2474 1288 2505 i
1311 2472 1346 2506 c
1365 2474 1401 2507 υ
1426 2472 1445 2505 s
1470 2472 1538 2505 iv.
1569 2450 1931 2522 amplissimum
1958 2450 2137 2501 Galliae
2154 2451 2250 2501 im-

166 2523 366 2595 perium
390 2525 631 2594 agitatum
649 2523 966 2594 aliquamdiu
996 2531 1046 2577 ὃς
1076 2526 1324 2578 Ηιιξὶυειηε
1338 2562 1355 2587 ,
1393 2527 1448 2577 in
1463 2539 1614 2595 portu
1643 2544 1654 2576 ;
1695 2523 1759 2574 de
1775 2524 1930 2595 gradu
1949 2540 2112 2593 prope
2127 2539 2251 2573 con-

162 2595 362 2650 vulsum
380 2633 394 2658 ‚
435 2598 483 2647 in
511 2594 623 2647 sede
649 2594 810 2647 stabili
837 2594 1043 2666 fixaque
1066 2597 1359 2649 collocavit.
1440 2597 1495 2648 N
1503 2613 1561 2647 ec
1586 2613 1705 2647 vero
1731 2609 1927 2646 tantum
1957 2610 2040 2647 aut
2061 2596 2252 2646 Roma·

166 2669 220 2721 ni
236 2668 464 2722 Camillo
481 2668 696 2731 debent,
735 2682 819 2720 aut
834 2668 988 2721 Persae
1003 2670 1149 2740 Cyro
1166 2711 1179 2731 ,
1221 2683 1304 2721 aut
1323 2668 1575 2739 Philippis
1606 2672 1657 2718 δε
1686 2667 1984 2720 Alexandris
2004 2666 2253 2719 Macedo-

165 2760 251 2794 nes
269 2780 284 2804 ,
311 2741 535 2793 'Cononi
567 2739 890 2792 Athenienses
907 2778 921 2802 ,
961 2741 1178 2811 Pelagiis
1204 2756 1289 2792 aut
1317 2739 1651 2793 Ferdinandis
1679 2739 1773 2791 suis
1796 2741 1921 2792 lberi
1938 2777 1953 2803 ,
1995 2739 2251 2811 Egibertis

162 2813 262 2867 suis
280 2814 466 2885 Angli,
505 2813 716 2865 aliialiis
732 2851 746 2875 ,
785 2828 1034 2884 quantum
1061 2814 1229 2866 Gallia
1245 2815 1490 2873 Heni-im,
1505 2813 1671 2864 omnis
1684 2814 1859 2874 aetatiS‚
1874 2813 2040 2866 omnis
2057 2830 2251 2864 memo-

163 2888 250 2940 riae
276 2887 528 2959 principi,
567 2886 659 2957 qui
686 2904 814 2938 unus
840 2887 1072 2939 omnium
1103 2887 1290 2938 virtute
1315 2884 1396 2937 sua
1423 2886 1578 2938 veteri
1608 2885 1890 2938 veriverbio
1919 2884 2251 2938 fidemmaxi-

167 2978 251 3012 me
277 2958 415 3012 fecit.
494 2960 693 3012 Debere
712 2976 944 3013 annorum
970 2958 1243 3018 bonitatem,
1286 2956 1340 3011 de
1365 2962 1546 3031 magnis
1571 2977 1661 3011 non
1677 2970 1778 3011 tam
1795 2957 2031 3027 frm‘i‘z'bus
2046 2997 2060 3016 ,
2104 2974 2250 3029 quam

158 3032 458 3106 potestatibus
485 3031 722 3104 aestz‘mari.
788 3032 1009 3104 Abrupit
1034 3032 1171 3085 hunc
1198 3031 1253 3083 sti
1263 3032 1297 3082 li
1315 3030 1627 3083 meicursum
1642 3025 1848 3103 repente
1865 3069 1879 3093 ,
1920 3029 2058 3102 quasi
2076 3029 2248 3082 fulmi-

169 3105 248 3157 nis
274 3106 558 3177 interjeffiffi
573 3142 590 3169 ,
629 3103 777 3159 farnae
805 3122 940 3170 vox,
978 3122 1136 3160 unum
1153 3109 1203 3158 ὅτ
1220 3105 1428 3155 unicum
1443 3104 1543 3157 hoc
1559 3106 1760 3158 virtutis
1774 3103 2026 3176 specimen
2048 3141 2060 3163 ,
2100 3102 2247 3153 illum

1216 3178 1464 3231 Aaaaaa
1506 3196 1534 3231 2
2048 3175 2252 3246 patriae,
