2504 3425
356 238 426 292 C.
503 235 1148 293 SUETONII

2146 146 2249 200 601

1223 230 2066 304 TRANQUILLI

965 332 1273 380 LIBER
1338 333 1462 381 VII.

273 413 380 499 A.
556 409 641 495 V
757 409 799 493 I
916 411 1012 495 T
1131 413 1200 496 E
1314 411 1392 496 L
1502 411 1583 495 L
1696 406 1738 492 I
1862 404 1942 490 U
2061 407 2138 492 S

897 547 1148 594 CAP

1215 546 1511 593 UTI.

222 686 249 723 ‘w
269 677 292 729 J
358 661 613 707 -Itelliorum
637 660 848 723 originem
867 661 934 704 alii
953 661 1074 706 aliam
1088 695 1101 716 ,
1136 663 1180 705 &
1203 659 1377 722 quidem
1402 656 1735 715 diversissimam,
1768 657 1931 705 tradunt
1956 676 1966 704 ε
2002 658 2155 721 partim·
2171 661 2247 706 vess

379 739 508 771 terem
521 730 562 770 δι
579 725 790 779 nobilem,
826 725 973 785 partim
986 739 1087 770 vero
1101 739 1252 768 novam
1266 727 1309 769 δε
1323 721 1535 768 obscuram
1548 756 1561 777 ,
1594 736 1715 782 atque
1728 723 1851 767 etiarn
1867 721 2080 769 sordidam.
2113 725 2251 785 Qod

298 783 363 849 ’ἒξ
382 806 464 851 ego
485 806 557 851 per
575 789 800 835 adulatores
820 786 1201 847 obtreetatoresque
1225 787 1489 847 Imperatoris
1511 785 1677 830 Vitellii
1702 784 1877 829 evenisse
1901 788 2091 844 opinarer
2110 804 2120 830 :
2168 785 2246 832 nist

380 854 597 914 aliquanto
623 853 735 913 prius
753 849 805 894 d‘e
826 847 995 896 familiae
1018 849 1263 895 conditione
1279 850 1477 894 variatum
1499 847 1608 892 essct.
1674 845 1813 891 Exstat
1833 850 2076 910 QEulogii
2103 849 2151 893 ad
2185 855 2246 909 Q

158 913 384 960 Vitellium
398 949 411 970 ,
444 917 532 961 divi
554 912 739 976 Augusti
758 911 1003 975 quaestorem
1018 946 1031 967 ‚
1065 911 1255 968 libellus,
1289 929 1376 976 quo
1397 914 1663 965 continetur,
1693 910 1893 955 Vitellios
1914 913 2057 955 Fauno
2071 946 2083 965 ‚
2119 912 2248 958 Abo-

157 977 344 1040 riginum
358 994 456 1042 rege
468 1012 484 1036 ‚
518 981 563 1024 &
577 977 780 1034 Vitellia,
810 991 902 1040 quae
914 975 1055 1022 multis
1066 977 1170 1023 Iocis
1179 993 1255 1040 pro
1269 977 1443 1023 numine
1456 976 1660 1022 coleretur
1667 1007 1687 1033 „
1714 987 1829 1019 ortos
1840 1006 1856 1029 ,
1880 987 1968 1020 toto
1978 975 2248 1034 Latio-impeo

2141 1038 2248 1083 risse,

488 1578 862 1616 'ron-ntur.-

171 1672 341 1760 aNlfi
357 1673 542 1724 aliquando
558 1676 600 1711 de
606 1675 730 1723 fam]
761 1674 848 1713 Edit.
866 1673 995 1712 Gallica
1005 1703 1023 1720 ,.
1039 1677 1077 1712 ὅ(
1094 1687 1180 1711 unus

298 1739 317 1763 e
334 1725 454 1763 nostris
472 1738 559 1762 msss
574 1727 759 1774 aliquando
774 1726 867 1773 prius
881 1726 921 1760 de
930 1726 1024 1772 fam.
1065 1725 1181 1761 Ceteri

166 1788 294 1814 omnes
312 1776 489 1824 aliquanto
506 1783 627 1821 prius,
651 1777 697 1812 uti
715 1780 752 1812 δε
771 1777 981 1824 interpretes.

220 1826 404 1873 Exstatq'ue
422 1823 563 1872 Elegia]
592 1824 688 1867 Justo
702 1824 821 1876 Lipsio
831 1826 873 1862 ad
886 1825 996 1861 Taciti
1007 1822 1179 1861 Annalem

164 1876 302 1912 tertium
329 1873 425 1911 scribi
460 1874 646 1923 probatum
667 1902 679 1918 ,
723 1875 842 1920 Exstat
861 1875 1091 1922 QLongini‚
1123 1885 1182 1910 aut

166 1924 284 1976 (quod
300 1924 410 1963 visum
432 1924 593 1971 Mureto)
623 1923 812 1972 QClodli.
850 1924 916 1961 Sed
933 1926 1069 1974 ignotus
1090 1924 1181 1974 peni-

161 1987 216 2013 tus
233 1975 321 2011 meis
348 1973 484 2010 auribus
507 1973 675 2023 scriptor,
725 1974 871 2025 quisquis
894 1974 942 2011 est
961 2003 972 2018 ‚
1016 1974 1181 2022 Longinus

165 2025 231 2064 ille.
286 2027 342 2062 De
359 2024 468 2061 altero
488 2052 499 2067 ,
537 2027 676 2061 Sextum
703 2024 747 2061 de
774 2026 850 2062 Diis
873 2028 1035 2062 Graecum
1065 2023 1181 2060 Clodii

165 2075 342 2121 cuiusdam
361 2074 451 2125 apud
471 2075 668 2112 Arnobium
685 2075 742 2113 lib.
755 2089 788 2113 v.
810 2075 898 2114 olim
916 2076 1095 2124 comperi,
1125 2073 1181 2111 sed

165 2127 197 2162 ei
213 2130 315 2163 Sexto
332 2138 564 2176 praenomen‚-
585 2138 658 2162 non
676 2127 822 2174 Quinto,
880 2125 950 2163 Ubi
977 2124 1094 2162 frustra
1118 2122 1183 2161 esse

171 2176 287 2226 (quod
318 2176 431 2213 obiter
464 2175 737 2222 admonuerim)
783 2177 896 2213 virum
923 2176 1068 2213 dostum
1082 2203 1094 2219 ,
1125 2175 1183 2224 qui

1224 1575 1394 1627 quoniam
1414 1587 1495 1614 eam
1513 1576 1666 1615 nominis
1690 1577 1864 1616 ratiOnem
1890 1574 2005 1614 adfert·
2020 1573 2241 1620 Macrobius,

1225 1624 1321 1675 quod
1342 1638 1464 1676 potens
1483 1626 1523 1663 fit
1541 1628 1618 1666 vitae
1639 1627 1828 1665 tolerandae
1847 1656 1860 1672 ,
1900 1640 1973 1664 non
1990 1637 2121 1664 temere
2146 1625 2248 1672 suspi-

1226 1688 1345 1712 cemur
1371 1676 1549 1715 Vitelliam
1585 1680 1694 1727 potius
1722 1691 1829 1731 quam
1868 1677 2023 1715 Vitulam
2053 1676 2149 1712 scribi
2182 1675 2248 1712 illic

1225 1725 1354 1763 deberi.
1411 1729 1624 1778 Qanquam
1647 1732 1683 1765 ὅ(
1704 1731 1841 1766 vituna:
1854 1728 1971 1764 vocari
1990 1726 2116 1763 debere
2135 1725 2251 1763 videa-

1226 1787 1298 1819 tur,
1326 1787 1362 1812 ut
1386 1778 1535 1814 Vitunus
1556 1781 1676 1821 Deus,
1703 1778 1797 1827 quod
1814 1780 1922 1816 vitam
1937 1788 2078 1813 tueatur.
2109 1778 2246 1812 Verum

1225 1825 1322 1863 satius
1332 1824 1381 1862 est
1392 1853 1413 1869 ‚-
1424 1839 1460 1863 ut
1472 1831 1587 1864 Deam
1598 1828 1684 1864 hanc
1710 1828 1807 1874 (sive
1817 1827 1987 1877 Nympha
2006 1825 2128 1871 fuerit)
2151 1836 2247 1861 certo

1225 1874 1305 1913 loco
1332 1877 1648 1914 circumscribamus
1663 1905 1683 1921 ,.
1708 1877 1815 1927 qualis
1840 1880 2001 1922 Juturna,
2039 1879 2081 1912 δε
2096 1874 2246 1912 Venilia.

1227 1929 1273 1963 Ut
1292 1939 1365 1963 non
1385 1928 1515 1964 mirum
1531 1926 1573 1965 fit
1585 1927 1770 1965 obscuram
1792 1925 1886 1970 esse,-
1909 1939 1990 1963 cum
2007 1926 2042 1962 in
2063 1925 2135 1961 caeli
2159 1924 2254 1959 sena-

1227 1987 1304 2012 tum
1324 1990 1501 2027 nunquam
1520 1980 1663 2015 venerit.
1721 1980 1779 2014 De
1806 1976 1944 2015 Vitellia
1962 1987 2099 2026 quoque
2120 1975 2175 2012 via
2203 1975 2253 2010 ni-

1229 2026 1272 2062 hil
1299 2029 1447 2064 memini
1464 2041 1524 2064 me
1544 2028 1575 2064 le
1602 2027 1669 2065 isse.
1730 2028 1841 2065 Viam
1862 2025 2069 2062 Vitulariam
2090 2037 2260 2061 comme«

1229 2089 1344 2114 morat
1362 2079 1443 2115 Cic.¹
1458 2078 1502 2115 ad
1514 2042 1722 2127 Q-i-{atrem
1740 2090 1796 2128 ep.
1816 2091 1844 2114 1.
1870 2076 1926 2114 lib.
1950 2090 2027 2113 ιιι.
2045 2087 2167 2114 verum
2187 2074 2250 2110 alia

1229 2139 1322 2177 parte
1344 2128 1460 2165 Italiae.

1286 2176 1490 2227 Imperaffi]
1520 2180 1604 2216 Duo
1617 2176 1728 2216 codd..
1747 2176 1974 2227 imperitaffe,
1992 2179 2030 2215 δε
2047 2188 2134 2214 mox
2155 2186 2260 2212 mane

169 2231 265 2262 Sexto
285 2227 326 2261 de
347 2227 424 2262 Diis
443 2230 626 2262 Graecorum
647 2225 811 2276 rescripsit
828 2254 841 2270 ,
873 2227 1070 2263 Lactantius
1099 2221 1185 2262 fide·
1220 2225 1294 2276 fiffe
1311 2227 1391 2265 diu..

170 2275 300 2322 iubebit
316 2277 435 2312 Divin.
466 2275 609 2314 Institut.
626 2291 653 2314 1,
681 2289 758 2328 cap.
776 2290 880 2314 xxti.
924 2280 969 2312 Et
993 2281 1067 2312 Sex.
1108 2275 1184 2310 Clo-

167 2328 241 2362 diu>
277 2326 427 2375 (inquit)
454 2334 492 2360 tn
514 2339 546 2360 eo
555 2325 660 2370 libro,
677 2339 776 2376 quem
786 2325 1042 2375 Graecescrz'ltvstt,
1061 2329 1184 2375 &quae

170 2375 362 2425 sequuntur.
387 2376 444 2424 qui
469 2374 565 2412 locus
590 2377 793 2413 Arnobiano
819 2376 864 2412 illi
891 2377 990 2427 plane
1024 2377 1186 2425 geminus

174 2425 232 2462 est.
292 2425 345 2462 Ad
365 2425 568 2460 Suetonium
586 2425 727 2475 quidem
746 2426 839 2476 quod
857 2428 976 2463 attinet
996 2454 1008 2470 ,
1047 2439 1120 2462 non
1136 2426 1184 2464 vi-

174 2477 243 2513 deo
267 2476 325 2525 qui
358 2485 532 2523 receptam
567 2474 754 2512 lectionem
779 2475 948 2513 damnem
966 2504 987 2520 ‚.
1012 2476 1187 2526 podusque

176 2527 375 2575 interpreter
404 2523 559 2561 libellum
587 2525 639 2562 cui
666 2525 776 2562 titulus
793 2554 805 2568 ‚
849 2526 1008 2576 Elog'um
1041 2526 1186 2563 Vitellis:

186 2588 308 2612 renus..

176 2591 199 2627 b
232 2624 375 2674 Augusti
393 2622 619 2673 quesituras]
669 2625 721 2659 Ex
747 2623 798 2660 his
829 2624 960 2674 (inquit
977 2624 1184 2671 Beroaldus>

176 2676 233 2726 qui
252 2675 432 2711 Candidati
449 2674 609 2723 Principis
628 2672 840 2710 dicebantur.
896 2679 973 2722 Ego
990 2675 1102 2724 potius
1122 2676 1190 2710 Au—

177 2725 263 2775 gusti
283 2726 316 2762 in
335 2725 553 2775 expeditione
569 2724 679 2772 aliqua
696 2723 902 2771 quaestorem
913 2722 1103 2762 eum-fuisse
1120 2737 1191 2760 cre-

179 2775 322 2813 diderim
337 2803 355 2819 ,ζ
375 2787 431 2811 aut
448 2774 602 2811 militaris
616 2774 722 2809 aerarii
742 2772 962 2824 praefectum.-

1541 2328 1939 2364 Casa-uzon.-

1293 2440 1321 2464 ι.
1351 2427 1469 2475 Exstat
1497 2425 1696 2476 QEulogii
1722 2426 1772 2461 ad
1802 2429 1858 2475 9:
1875 2425 2047 2461 Vitellium
2074 2424 2244 2472 libellus]

1234 2476 1441 2522 Adjuvimus
1462 2478 1525 2514 hac
1546 2488 1640 2528 parte
1657 2477 1846 2513 minimum
1869 2487 2002 2513 veteres
2028 2475 2187 2517 codices,
2212 2477 2250 2510 ὅ(

1234 2538 1355 2563 veram
1372 2527 1560 2564 lectionem
1572 2527 1800 2577 produximus
1814 2537 1893 2562 ante
1911 2525 2119 2562 latitantem..
2141 2526 2253 2572 Qin-

1235 2586 1288 2611 tus
1307 2576 1360 2612 hic
1380 2576 1540 2627 Eulogius
1559 2605 1570 2620 ,
1593 2577 1730 2613 libertus
1753 2574 1943 2623 QVitellii
1968 2574 2028 2611 fuit
2045 2603 2057 2618 ,
2095 2573 2210 2624 estque
2229 2586 2251 2610 a

1235 2625 1503 2668 manumissione
1520 2626 1709 2677 appellatus
1728 2624 1947 2675 QVitellius
1969 2625 2130 2672 Eulogius
2146 2652 2159 2667 ,
2194 2633 2252 2660 aut

1235 2672 1369 2710 fortasse
1402 2674 1581 2723 Eclogius„
1640 2676 1707 2712 Hic
1735 2687 1771 2712 ut
1800 2686 1946 2724 patrono
1980 2672 2262 2724 gratificaretur„

1235 2725 1384 2760 stemma
1403 2725 1549 2761 Vitelliae
1568 2726 1678 2776 gentis
1696 2722 1929 2775 descripserat,
1952 2727 1989 2760 ὅ(
2002 2722 2126 2760 librum
2136 2723 2253 2760 eidem

1239 2787 1350 2811 nuncu
1376 2785 1466 2813 arat.⁴
1498 2774 1566 2811 hoc
1585 2789 1710 2826 genere
1731 2773 1838 2812 officii
1859 2774 1944 2811 soliti
1960 2774 2070 2811 liberti
2093 2785 2257 2824 patrono-

234 2830 279 2861 Et
297 2823 473 2872 Vitellius]
502 2828 590 2861 Deae
607 2824 753 2860 Vitelliae
777 2837 885 2860 nemo
913 2825 929 2869 (
940 2822 1187 2873 quod'sciam)
1240 2837 1326 2861 rum·
1359 2836 1483 2862 uorum
1513 2825 1621 2862 studia
1648 2825 1839 2862 demereri..
1875 2823 1922 2860 fic
1945 2823 2050 2868 Julius
2081 2825 2259 2862 Marathus

182 2888 310 2926 praeter
334 2877 535 2913 Suetonium
565 2875 738 2911 meminit.
797 2874 931 2910 Arnob.
954 2874 1020 2911 lib..
1040 2887 1092 2910 iv.
1132 2876 1191 2911 Vi-

1245 2874 1380 2923 Augusti
1399 2874 1535 2912 libertus
1553 2903 1575 2920 ,.
1603 2876 1646 2912 de
1664 2876 1769 2912 rebus
1785 2874 1873 2911 illius
1886 2873 1992 2911 libros
2012 2873 2162 2910 ediderat
2180 2902 2192 2917 ,
2221 2886 2257 2911 ut

182 2926 312 2964 billiam
335 2936 594 2963 commemorat
609 2953 621 2968 ,
648 2937 723 2975 quae
742 2923 786 2960 ab
804 2926 938 2962 viarum
964 2923 1137 2961 erroribus
1161 2924 1192 2960 li·
1244 2919 1325 2961 dixit
1342 2926 1464 2961 austor
1485 2926 1572 2963 libro
1596 2941 1647 2964 11.
1675 2926 1866 2975 Spartianus
1882 2930 2018 2961 :Fama
2036 2923 2166 2960 celebris
2190 2931 2260 2959 Hu-

185 2976 300 3020 beret,
324 2977 480 3014 Mser-ob.
501 2979 631 3013 Saturn.
648 2975 705 3013 lib.
724 2989 734 3012 ι
750 2987 800 3012 Π.
822 2988 896 3025 cap.
918 2989 994 3011 ιιι.
1023 2974 1195 3017 Vinum,
1245 2975 1387 3011 drianus
1406 2984 1479 3010 tum
1497 2977 1633 3024 cupidus
1644 2977 1744 3022 fuit,
1774 2985 1811 3011 ut
1831 2974 1928 3011 libro·
1946 2974 2023 3010 vita
2038 2972 2102 3021 sua
2120 2972 2260 3021 scriptos

181 3026 237 3062 seu
268 3027 281 3074 (
299 3037 335 3063 ut
351 3027 405 3062 alii
430 3025 574 3076 legunt)
608 3025 796 3063 Vitulinam
817 3053 829 3069 ‚
857 3038 934 3075 qua:
969 3025 1088 3061 loetiriae
1117 3038 1199 3073 prae—
1247 3037 1267 3058 a
1277 3024 1313 3072 ft
1332 3053 1342 3067 ,
1372 3023 1500 3062 l.'bertis
1510 3026 1583 3074 suis
1605 3026 1768 3064 litteratis
1783 3025 1938 3069 dederit,
1960 3023 2126 3075 jubemur
2136 3036 2183 3059 eos
2207 3036 2262 3058 nc-

188 3074 227 3114 lit
244 3101 265 3118 ‚-
298 3089 406 3127 quam
422 3077 497 3117 Piso
525 3078 570 3114 ait
596 3077 795 3116 Vistoriam
820 3076 1004 3116 nominari.

1066 3078 1199 3113 Verum
1249 3075 1394 3113 minibus
1405 3073 1476 3124 suis
1490 3076 1714 3126 publicarem.

2113 3125 2265 3157 Tou-
