2504 3425
511 154 585 233 D.
640 175 766 231 Oc
806 189 996 228 TAv.
1062 168 1379 224 CA-:SAR
1444 161 1938 214 AUGUSTUS.

828 281 915 311 non
941 262 1197 310 tribunatum
1223 254 1351 302 modo
1371 253 1613 316 legionum,
1646 243 1714 291 sed
1750 246 1794 287 &
1830 239 2088 304 praefefiuras
2110 239 2266 286 alarum

362 352 407 380 ac
430 351 482 380 ne
508 335 602 398 quis
624 347 768 393 expers
789 328 1012 375 castrorum
1032 325 1148 379 esset,
1183 321 1308 367 binos
1338 320 1582 382 plerumque
1617 308 1846 356 laticlavios
1880 304 2098 367 praeposuit
2123 305 2268 367 fingu-

170 271 447 334 militiamque
470 265 769 332 auspicantibus
781 303 794 323 ‚

169 337 283 384 dedit
317 353 328 380 ε

169 402 219 447 lis
243 401 330 447 alis.
392 400 600 462 Equitum
619 411 771 442 turmas
795 391 1035 457 frequenter
1059 386 1308 450 recognovit
1331 418 1344 440 ‚

180 530 184 535 .
223 539 382 575 Protimu
400 537 540 575 virilem
559 545 670 584 togam
686 531 796 571 latum
806 529 1114 572 clmummduere,
1135 540 1190 564 cu-

173 587 225 625 ria
235 588 421 637 interesse]
452 591 540 624 Haec
553 585 654 622 leffio
672 583 750 621 cod.
766 582 898 619 Viterb.
910 577 1192 622 scribo,virilem

175 648 285 686 togam
298 652 338 675 ac
352 639 460 675 latum
478 637 626 674 clavum.
654 634 812 669 Protinus
832 629 1000 682 significat
1017 630 1193 670 continue,

175 688 308 725 eodem
323 701 491 740 tempore.
550 683 711 733 Virgilius
731 697 741 719 :
1054 730 1060 734 Ι

230 745 329 777 Nam
341 738 480 775 memini
491 733 639 782 Hefiones
661 733 825 780 visentem
842 742 943 778 regna
950 730 1074 778 fiaroru

232 785 547 825 Laomedontiadem
560 783 739 818 Priamum
750 781 927 818 Salamina
937 789 1105 829 petentem
1114 803 1127 820 ,

230 839 388 874 Protinus
398 834 552 872 Arcadia
562 831 684 880 gelidos
703 830 845 878 invisere
855 830 979 875 fontes.

176 885 219 925 Id
234 887 301 929 est,
331 899 400 922 uno
435 884 630 932 eodemque
645 892 829 930 tempore,
858 892 893 915 ut
919 881 1010 916 reste
1049 876 1193 915 Servius.

176 936 319 979 Gallice,
332 945 405 971 tout
422 935 521 970 d‘usze
539 933 612 969 tire.
639 930 680 968 Id
691 930 808 979 κυρίως
821 928 869 965 est
879 930 1044 976 protinus,
1055 926 1149 977 quod
1158 929 1195 962 ὅ(

169 986 294 1033 protelo
305 985 433 1022 dicitur.
457 983 523 1021 Adi
536 980 1098 1024 Varronem‚servium,Nonium.
1111 979 1198 1012 Non

175 1035 277 1084 igitur
301 1036 473 1086 sequimur
491 1033 575 1071 alios
599 1030 699 1069 codd.
727 1032 763 1067 in
786 1030 908 1080 quibus
932 1028 1114 1077 scriptum,
1143 1026 1199 1065 vel

155 1117 159 1124 .
176 1085 276 1121 virili
298 1096 395 1134 toga,
425 1086 511 1121 utin
529 1079 726 1121 Turonensi
743 1085 781 1118 ὃ(
799 1080 910 1117 Lissaei
929 1094 939 1116 ε
970 1079 1061 1115 unde
1080 1078 1210 1127 aliquis

174 1146 271 1181 putet
285 1134 502 1172 scribendum
515 1136 668 1183 protinus
684 1144 707 1167 a
730 1130 827 1167 virili
850 1140 925 1179 toga
941 1129 997 1167 vel
1014 1128 1114 1164 virili
1128 1137 1201 1176 toga

176 1183 287 1221 latum
298 1185 437 1223 clavum
452 1184 641 1229 induerent
656 1181 784 1221 habent
794 1180 959 1219 editiones
969 1178 1131 1230 quaedam
1143 1191 1203 1217 ve-

177 1245 277 1274 teres.
695 1254 700 1259 ·

537 1322 834 1358 VARIOR.

237 1392 291 1431 38.
321 1391 420 1436 Super
435 1400 504 1424 xxx
522 1388 659 1425 ducibus
673 1385 771 1436 justos
790 1382 1015 1431 triumphos.]
1059 1384 1201 1418 Haerent

179 1435 233 1472 alii
244 1439 279 1473 in
288 1437 422 1474 salebris
432 1438 528 1484 hujus
539 1438 626 1481 loci,
647 1439 702 1487 qui
713 1434 802 1472 forte
816 1434 893 1470 inde
905 1432 1160 1475 liberabuntur,
1175 1430 1200 1467 fi

182 1487 287 1531 justos
297 1487 487 1538 triumphos
498 1489 687 1537 accipiant,
707 1500 779 1521 non
791 1485 834 1521 de
844 1486 882 1521 iis
894 1484 1015 1533 quibus
1029 1494 1120 1533 parta
1131 1493 1202 1518 erat

182 1535 322 1585 insignis
330 1537 440 1587 aliqua
451 1539 592 1575 vistoria
601 1537 715 1573 multis
727 1535 877 1572 hostibus
888 1532 978 1570 caesis
989 1562 999 1577 ‚
1013 1533 1031 1568 s
1026 1533 1068 1569 ed
1080 1533 1138 1569 ubi
1152 1533 1202 1569 ni-

184 1585 231 1621 hil
241 1587 356 1623 deerat
367 1600 509 1631 eorum,
526 1601 602 1637 quae
622 1587 772 1636 alioquin
789 1586 1035 1635 requirerentur
1046 1583 1089 1619 ad
1100 1597 1201 1633 pom-

2157 146 2257 201 181

1379 379 1472 445 post
1504 379 1676 439 longam
1707 369 2062 433 intercapedinem
2095 368 2266 413 redueto

2146 449 2263 478 more

1244 518 1516 568 angusticlavius.
1528 513 1613 552 Oth.
1626 524 1699 567 cap.
1710 523 1743 548 x,
1755 510 1847 547 Vide
1861 512 1948 547 Ner.
1960 519 2141 559 cap.xxv1.
2161 518 2270 555 aquo-

1245 570 1328 605 dam
1347 568 1545 609 laticlavia,
1576 569 1612 601 ὃ(
1629 565 1704 599 intr.
1725 574 1799 611 cap.
1811 573 1867 598 xi.

1301 619 1466 667 Equitum
1487 627 1619 652 turmas
1636 613 1723 661 freq.
1746 609 1972 661 recognovit.]
2033 610 2090 646 An
2104 621 2172 646 una
2186 619 2271 662 culp.

1254 682 1265 704 1
1279 682 1290 704 1
1304 670 1413 705 1—viris
1428 667 1511 708 illis,
1530 665 1572 700 de
1582 665 1702 714 quibus
1714 661 1815 711 paulo
1834 664 1938 700 ante?
1967 671 2107 698 anvero
2126 661 2170 696 ita
2187 657 2268 694 offi-

1250 719 1300 754 cia
1330 718 1384 754 illa
1410 717 1574 758 instituit,
1606 726 1640 750 ut
1667 712 1886 748 nihilominus
1914 725 1994 748 cum
2022 709 2144 753 vellet,
2168 711 2255 746 inter

1250 765 1350 811 eflet,
1380 779 1479 817 atque
1502 763 1654 815 praeesset
1672 764 1776 797 etiam
1793 762 1904 800 solus?
1942 762 1993 798 Ac
2006 761 2048 797 de
2071 760 2178 809 prisco
2197 760 2257 810 qui

1249 817 1333 853 dem
1348 816 1606 855 transveffionis
1632 825 1732 849 more
1751 813 1866 849 Livius
1889 811 1946 848 lib.
1970 826 2019 848 ix.
2044 810 2187 861 Dionys
2209 823 2268 849 v1.

1250 868 1369 905 Valet.
1390 869 1562 904 Maximus
1581 864 1638 901 lib.
1657 877 1709 899 11.
1722 874 1795 910 cap.
1815 877 1866 899 ιι.
1884 862 1967 898 Plin.
1981 862 2104 898 lib.xv.
2124 874 2197 912 cap.
2217 873 2268 897 ιν.

1250 920 1288 953 &
1305 920 1425 955 aua-or
1443 917 1517 954 libri
1549 915 1592 951 de
1617 914 1709 950 Viris
1734 911 1918 948 illustribus
1951 924 2023 960 cap.
2041 923 2128 946 xxxi
2143 925 2170 948 1.
2196 910 2272 947 satis

1249 968 1358 1005 multa
1371 967 1538 1005 tradidere
1557 964 1722 1002 omnibus
1740 962 1857 998 obvia.
1900 961 2006 1010 Qod
2018 973 2102 998 vero
2118 960 2273 1010 adjungit

1250 1021 1390 1056 Sueton.
1418 1031 1492 1055 non
1517 1014 1648 1067 passum
1667 1011 1732 1049 effe
1753 1011 1943 1060 Augustum
1963 1013 1997 1046 in
2021 1010 2273 1048 transvehendo

1250 1069 1297 1106 ab
1321 1068 1513 1106 accusatore
1544 1075 1759 1116 quemquam
1785 1061 1945 1104 detrahi,
1978 1060 2011 1096 id
2035 1062 2080 1096 ita
2100 1061 2273 1110 intelligo,

1254 1131 1290 1157 ut
1305 1134 1324 1156 e
1342 1132 1474 1171 pompa
1493 1117 1547 1154 illa
1565 1115 1696 1153 solenni
1714 1126 1823 1149 nemo
1843 1113 1994 1162 equitum
2012 1112 2048 1147 in
2067 1113 2117 1156 jus
2136 1113 2274 1154 vocari,

1253 1182 1310 1206 aut
1327 1172 1397 1220 rapi
1418 1167 1532 1220 posset.
1559 1165 1730 1214 accusator
1757 1163 1873 1206 enim,
1900 1162 1980 1198 teste
2008 1160 2079 1211 ipso
2105 1162 2276 1198 Cicerone

1253 1220 1312 1258 lib.
1338 1221 1382 1257 de
1399 1221 1575 1257 Partition.
1604 1230 1666 1267 pro
1684 1215 1783 1251 omni
1801 1215 1918 1250 astore
1939 1216 1975 1248 δε
1988 1213 2132 1261 petitore
2155 1214 2277 1263 accipi-

1255 1282 1318 1309 tur.
1350 1272 1457 1322 quue
1468 1270 1635 1319 Ulpianus
1653 1265 1760 1305 voluit
1776 1264 1797 1301 l.
1818 1278 1829 1300 1
1842 1278 1869 1301 1.
1900 1265 1956 1299 De
1974 1264 2009 1299 in
2025 1265 2074 1308 jus
2094 1263 2277 1305 vocando,

1257 1335 1337 1358 cum
1352 1324 1438 1359 inter
1456 1320 1530 1358 illos
1549 1332 1635 1369 quos
1652 1320 1687 1354 in
1707 1318 1755 1361 jus
1775 1315 1893 1352 vocari
1909 1327 1979 1350 non
1992 1325 2151 1363 oportet,
2172 1316 2278 1350 etiam

1257 1386 1351 1416 eum,
1371 1375 1429 1423 qui
1440 1385 1530 1422 equo
1551 1369 1686 1419 publico
1697 1368 1732 1403 in
1747 1365 1958 1413 Capitolium
1976 1363 2278 1408 transvehebatur,

1259 1435 1477 1460 annumerat.
1490 1421 1536 1458 fic
1548 1421 1641 1456 enim
1651 1419 1696 1455 ibi
1706 1415 1891 1465 legendum
1901 1412 1980 1457 elie,
1991 1415 2126 1458 Jacobo
2138 1418 2278 1453 Raevar-

1255 1474 1302 1510 do
1315 1503 1327 1517 ,
1346 1472 1601 1524 insigninostrae
1621 1471 1727 1506 aetatis
1737 1462 2174 1511 Jurisconsulto,affentior,
2196 1479 2278 1504 cum

1256 1537 1415 1561 notarum
1435 1536 1550 1560 errore
1571 1535 1633 1572 pro
1661 1520 1698 1555 in
1715 1516 1942 1565 Capitolium,
1974 1516 2012 1550 in
2031 1516 2131 1564 causa
2142 1516 2280 1564 publica

1257 1589 1346 1612 nunc
1356 1575 1402 1611 ibi
1414 1574 1574 1624 scriptum
1586 1571 1637 1610 sit.
1653 1571 1705 1608 hae
1721 1570 1815 1607 enim
1823 1578 1933 1613 notae,
1947 1577 2007 1605 CA.
2017 1578 2051 1605 P.
2063 1568 2189 1608 utrovis
2198 1580 2279 1605 mo-

183 1648 267 1685 pam
281 1637 523 1693 triumphalem
538 1652 547 1673 ε
561 1637 649 1674 adeo
660 1649 694 1674 ut
711 1636 791 1673 nihil
801 1637 898 1673 ¹vetet
908 1634 1061 1670 arbitrari
1082 1647 1122 1669 ex
1136 1633 1202 1670 istis
1258 1625 1306 1663 dO
1321 1627 1427 1676 accipi
1441 1624 1586 1675 poffunt.

183 1687 491 1735 triumphatoribus
500 1687 632 1736 aliquos
642 1684 749 1730 fuiffie,
758 1687 813 1737 qui
824 1699 867 1721 ne
876 1685 938 1721 suis
947 1683 1086 1733 quidem
1096 1684 1204 1733 auspi-

183 1736 241 1771 ciis
251 1737 435 1785 quicquam
444 1735 632 1785 gesserant,
657 1738 732 1773 imo
753 1738 809 1786 qui
827 1749 869 1772 ne
880 1732 1045 1785 gelierant
1062 1735 1202 1783 quidem

183 1796 354 1835 magnum
372 1787 452 1836 quid
464 1786 616 1836 auspiciis
636 1787 803 1830 alioriun,
828 1787 1019 1823 ambitione
1035 1782 1211 1822 scilicet&

183 1837 289 1886 gratia
309 1837 479 1886 ΡιὉνὲξῖἰ.ν
507 1840 732 1876 GRUTERUS.

239 1887 396 1922 Protinus
414 1886 553 1923 virilem
570 1889 720 1936 togam.]
753 1891 955 1924 Senatorum
968 1914 979 1930 ‚
1015 1888 1071 1936 qui
1085 1889 1205 1935 patritii

182 1948 299 1979 erant,
321 1936 383 1974 filii
399 1938 434 1973 in
453 1938 569 1988 puerili
578 1949 738 1988 praetexta
747 1938 855 1975 latum
867 1937 1001 1975 clavum
1015 1950 1201 1987 portarunt,

182 1998 220 2024 ut
230 1987 425 2024 ostendetur
435 1988 577 2024 'inferius
587 1989 630 2024 ad
644 2001 717 2039 cap.
731 2004 788 2034 94.
813 1988 967 2024 Aliorum
978 2000 1062 2024 vero
1074 1987 1204 2025 senato-

182 2050 261 2074 rum
271 2036 352 2081 filii,
372 2040 429 2088 qui
447 2052 520 2074 non
538 2051 633 2074 erant
642 2040 782 2088 patritii,
796 2052 867 2074 non
876 2036 1009 2074 fuerunt
1027 2037 1201 2084 laticlavii,

183 2086 247 2125 nifi
258 2087 442 2139 postquam
453 2089 495 2125 ad
507 2089 660 2125 honores
673 2100 910 2138 pervenerant.
925 2086 1072 2124 isidorus
1083 2089 1140 2125 lib.
1151 2104 1202 2128 1X.

181 2151 219 2183 4.
249 2141 424 2187 Qamvis
441 2150 556 2175 autem
565 2139 738 2187 senatoria
757 2140 937 2189 quisquam
967 2139 1090 2186 magiae
1111 2140 1203 2187 Cffi't,

183 2188 283 2238 usque
299 2189 346 2224 ad
362 2189 522 2238 legitimos
534 2202 638 2225 annos
654 2203 747 2239 eques
767 2196 937 2226 Romanus
954 2198 1028 2224 erat
1049 2204 1058 2223 :
1084 2190 1204 2228 deinde

184 2238 367 2286 accipiebat
383 2241 537 2275 honorem
544 2241 716 2287 senatoriae
735 2239 923 2289 dignitatis.
974 2242 1120 2279 Mutavit
1138 2241 1203 2279 hoc

183 2289 365 2339 Augustus,
390 2291 447 2339 qui
463 2290 574 2325 liberis
581 2291 798 2339 finatorum„
825 2304 887 2340 quo
901 2289 1033 2326 celerius
1051 2291 1205 2339 reipubli-

185 2351 223 2374 ιι
238 2339 465 2388 afficefierent‚
487 2341 639 2389 protinus
657 2341 794 2378 virtlem
812 2351 922 2390 togam
945 2340 1054 2377 latum
1065 2341 1203 2382 clavum

188 2387 325 2425 induere
340 2388 391 2433 Εἴ
408 2391 500 2427 curia
520 2390 835 2440 interessbpermtfit.
866 2391 935 2428 Ubi
954 2404 1034 2427 cum
1046 2393 1080 2427 in
1090 2395 1205 2432 multis

189 2451 271 2476 mss.
301 2439 462 2487 scriptum
486 2439 545 2483 sit,
571 2441 665 2491 quod
692 2440 916 2478 Casaubonus
957 2453 1072 2486 notat,
1104 2445 1203 2481 virili

186 2497 285 2537 toga,
310 2489 431 2526 malim
450 2490 561 2541 legere
591 2507 600 2528 :
629 2505 652 2526 a
672 2491 770 2527 virili
785 2501 870 2540 toga.
911 2495 990 2528 Nec
1007 2495 1103 2529 enim
1122 2508 1202 2534 cum

190 2549 274 2590 toga
293 2539 377 2577 virili
396 2539 499 2576 latum
510 2540 647 2577 clavum
660 2539 760 2578 simul
775 2542 1009 2592 accipiebant,
1038 2543 1094 2580 sed
1116 2549 1198 2582 tuni-

188 2601 271 2626 cam
290 2592 432 2627 restam.
462 2590 627 2639 Augustus
637 2602 753 2627 autem
764 2591 982 2641 permisit,ut
998 2592 1111 2630 statim
1127 2597 1200 2646 post

188 2642 322 2677 virilem
332 2652 455 2690 togam
465 2639 612 2676 sumtam
623 2652 701 2676 ante
717 2642 830 2690 gestos
844 2642 993 2678 honores
1011 2643 1117 2680 latum
1135 2647 1201 2682 cla-

188 2703 272 2728 vum
283 2692 464 2740 gestarent.
491 2693 618 2727 Latum
628 2690 763 2729 clavum
775 2703 892 2727 autem
902 2688 1083 2729 sumebant
1092 2723 1103 2737 ,
1123 2710 1201 2733 cum

185 2740 220 2777 se
230 2741 272 2776 ad
284 2741 536 2791 rempublicam
545 2740 735 2790 gerendam
745 2769 757 2783 ,
777 2745 814 2777 ὃ(
827 2743 976 2778 honores
985 2743 1203 2793 capellendos

185 2793 414 2842 accingerent.
447 2790 688 2828 Pliniusv111.
708 2805 763 2840 ep.
779 2805 834 2835 23.
865 2797 990 2829 Latum
1008 2793 1147 2832 clavum
1166 2799 1201 2834 in

186 2842 282 2878 domo
302 2855 378 2878 mea
395 2841 555 2877 induerat
575 2856 584 2875 :
596 2840 753 2889 Jiff‘agio
764 2854 835 2877 meo
850 2843 986 2891 adjutus
1002 2843 1040 2879 in
1049 2849 1203 2893 petendis

187 2891 503 2940 honoribusfuerat.
545 2890 586 2929 A.
603 2893 803 2929 Rumamus
819 2891 862 2930 de
879 2896 968 2932 Lato
985 2892 1083 2935 clavo
1098 2891 1156 2935 lib.
1172 2913 1200 2936 1.

186 2956 217 2981 c.
234 2957 286 2990 14.

508 2991 556 3051 T*
570 3027 593 3050 o
624 3026 650 3050 a
678 3026 702 3050 u
731 3024 751 3050 E
771 2990 807 3050 ⁴n
837 3026 876 3066 fr.
1091 3043 1094 3046 .

242 3071 340 3110 Bmos
353 3070 548 3123 plerumque
565 3072 794 3121 laticlavios.]
816 3075 868 3110 Sic
886 3073 1052 3110 Tribunus
1069 3072 1205 3111 laticla-

187 3122 288 3170 vius,
316 3124 580 3177 Domit.cap.x.
597 3126 634 3163 ὅ(
652 3123 698 3164 ad
707 3125 778 3172 ejus
795 3122 1028 3170 differentiam
1037 3124 1202 3179 Tribunus

1569 1727 1961 1761 Cisaunon.

1313 1805 1484 1842 Militiam
1502 1800 1826 1855 auspicantibmstm
1845 1797 2060 1834 tribunatum
2077 1798 2173 1835 modo
2183 1797 2278 1848 legio.

1259 1857 1373 1903 num.]
1394 1856 1502 1894 Libro
1519 1871 1529 1892 1
1544 1871 1553 1893 1
1568 1870 1595 1891 ι.
1607 1853 1648 1889 de
1661 1852 1805 1889 Tiberio
1819 1863 1828 1886 :
1840 1849 2012 1894 Stipendia
2019 1848 2136 1897 prima
2149 1851 2280 1898 expedi-

1256 1907 1343 1943 tione
1353 1907 1563 1943 Cantabrica
1582 1903 1737 1940 tribunus
1753 1898 1902 1937 muitum]
1913 1898 2010 1942 ficit.

1311 1959 1374 1992 Sed
1410 1956 1462 2000 ΕΒ*
1492 1956 1700 2004 praefhciuras
1736 1950 1883 1986 alaram.
1901 1945 1914 1995 ]
1973 1947 2089 1999 Ipsum
2116 1948 2278 1999 loquendi

1256 2021 1365 2058 genus
1393 2008 1518 2043 indicat
1536 2035 1548 2050 ,
1596 2002 1816 2055 praefesturas
1854 1997 1986 2034 alarum
2028 1999 2161 2036 honore
2198 2013 2278 2039 tunc

1255 2056 1390 2094 anteisse
1402 2058 1613 2097 tribunatum
1624 2053 1771 2090 militum
1790 2066 1799 2088 ε
1830 2060 1947 2085 contra
1957 2049 2087 2086 Claudii
2105 2062 2275 2102 tempore.

1257 2112 1439 2145 Suetonius
1465 2108 1523 2145 lib.
1547 2121 1580 2145 v.
1640 2102 1808 2154 Equestres
1830 2099 1974 2136 militias
1995 2101 2047 2136 ita
2076 2102 2275 2147 ordinavit,

1254 2170 1293 2195 ut
1306 2160 1374 2207 post
1396 2147 1560 2196 cohart-etia
1577 2155 1692 2199 alam,
1711 2153 1778 2202 post
1802 2149 1897 2188 alam
1913 2149 2128 2188 tribunatum
2145 2152 2278 2204 legionis

1255 2211 1367 2247 daret.

1613 2287 1912 2321 VAR10R.

1309 2360 1521 2401 Praefhffiuras
1549 2352 1732 2402 alarum]
1790 2351 1864 2389 Alae
1905 2351 1941 2387 in
1965 2351 2072 2388 veteri
2102 2351 2277 2402 republica

1256 2401 1456 2447 dicebantur
1483 2408 1561 2445 socii
1590 2407 1703 2443 Latini
1730 2404 1902 2444 nominis,
1924 2411 1997 2438 tam
2012 2403 2139 2452 equites
2168 2417 2277 2453 quam

1255 2461 1406 2511 pedites,
1433 2459 1549 2510 postea
1571 2455 1783 2493 auxiliaribus
1801 2453 1908 2504 copiis
1926 2451 1993 2488 hoc
2011 2466 2145 2489 nomen
2167 2454 2272 2493 cellit.

1256 2511 1323 2547 Sub
1342 2509 1611 2561 Imperatoribus
1630 2520 1714 2544 vero
1735 2504 1797 2541 alae
1825 2502 2025 2540 dicebantur
2044 2517 2169 2540 manus
2184 2507 2276 2555 equi-

1254 2572 1329 2599 tum
1348 2575 1390 2598 ex
1417 2561 1514 2597 sociis
1546 2558 1792 2597 collestorum,
1817 2567 1892 2604 quae
1919 2552 2046 2602 legioni
2071 2555 2275 2604 jungebatur

1255 2612 1335 2648 loco
1355 2612 1490 2662 triginta
1503 2621 1715 2649 turmarum,
1743 2619 1819 2655 quae
1834 2618 1878 2640 ex
1906 2603 2073 2653 equitibus
2101 2608 2275 2643 Romanis

1254 2663 1340 2699 olim
1377 2661 1574 2709 conscriptae
1601 2657 1794 2709 legionibus
1811 2654 2033 2692 addebantur.
2093 2658 2275 2700 Quoniam

1254 2711 1413 2763 equestris
1430 2711 1557 2748 ordinis
1577 2711 1639 2747 viri
1658 2720 1732 2745 tum
1749 2705 1915 2756 temporis
1929 2703 2074 2740 nonnisi
2094 2705 2276 2754 splendidis

1255 2761 1483 2800 curationibus
1509 2758 1803 2811 pmficiebamur,
1831 2756 2017 2806 prist-usque
2037 2754 2091 2790 ille
2107 2770 2188 2793 mos
2208 2769 2274 2794 tur-

1256 2827 1331 2850 mas
1357 2826 1398 2849 ex
1424 2814 1462 2848 iis
1487 2809 1695 2848 conficiendi
1721 2809 1820 2858 plane
1855 2805 2070 2849 exoleverat,
2095 2819 2129 2842 ut
2157 2809 2274 2846 multis

1257 2864 1360 2900 docet
1379 2868 1404 2899 NV
1414 2864 1442 2898 ir
1459 2875 1586 2911 genere
1605 2890 1616 2905 ‚
1652 2861 1794 2909 ingenio
1813 2887 1824 2901 ,
1856 2861 1893 2892 ὃ(
1921 2857 2075 2892 doctrina
2102 2870 2272 2908 magnus,

1258 2918 1435 2951 RAssoDus
1466 2916 1668 2955 Scaurus,
1696 2913 1732 2947 in
1758 2911 1852 2955 cuius
1879 2907 2006 2942 acerbo
2037 2907 2134 2943 obitu
2154 2911 2273 2957 iigen-

1258 2977 1329 3000 tem
1351 2966 1515 3009 jaeturam
1543 2961 1695 2999 fecerunt
1722 2974 1794 2997 non
1823 2958 1933 2994 solum
1959 2970 2086 2993 omnes
2105 2962 2272 3007 praeclarae

1255 3028 1361 3057 artes,
1393 3014 1447 3050 sed
1477 3017 1514 3050 δε
1545 3013 1612 3063 ipsa
1638 3011 1850 3061 respublica,
1878 3010 1912 3044 in
1941 3008 2166 3044 eruditii'hmis
2185 3011 2274 3046 notis

1255 3068 1314 3106 fuis
1333 3065 1376 3104 ad
1394 3067 1577 3117 Hyginum
1593 3063 1636 3103 de
1645 3060 1974 3106 castrametatione,
2002 3071 2110 3110 quem
2124 3061 2274 3096 omnino

1254 3118 1345 3164 vide,

1682 3169 1758 3213 23
2114 3161 2274 3199 Ton.
