2504 3425
592 158 1918 217 T13.CLAun1usCAEsAR.
2199 173 2310 231 453

222 274 314 306 rum
331 292 344 313 ,
374 255 633 320 Graeciaeque
656 258 880 320 provinciae
903 257 1135 320 principem
1151 289 1164 310 ,
1196 270 1341 302 verum
1353 253 1705 301 Latinisermonis
1717 253 1908 316 ignarum
1927 286 1941 309 ,
1967 264 2055 296 non
2076 249 2203 296 modo
2215 251 2312 300 albo

217 321 404 379 judicum
430 320 545 366 erasit
570 356 582 376 ,
635 321 702 367 sed
725 323 850 367 etiam
880 323 922 367 in
953 320 1286 384 peregrinitatem
1305 318 1478 382 redegit.
1545 321 1642 365 Nec
1675 333 1929 381 quemquam
1964 313 2040 362 nili
2077 314 2310 374 sua-voce,

220 400 448 446 utcumque
481 386 574 448 quis
595 384 726 446 poffet
749 421 762 441 ,
807 403 852 433 ac
875 385 959 432 sine
982 399 1157 447 patrono
1177 417 1191 439 ,
1225 385 1428 429 rationem
1449 384 1544 430 vitae
1564 377 1692 445 passus
1713 379 1774 428 est
1796 380 1978 430 reddere.
2044 380 2309 442 Notavitquc

217 449 371 494 multos
396 482 409 501 ,
455 453 498 494 &
532 448 730 511 quosdam
762 451 1027 514 inopinantes
1047 483 1060 504 ,
1105 451 1149 493 δε
1172 464 1221 492 ex
1248 445 1374 492 caussa
1398 448 1500 494 novi
1523 449 1688 510 generis
1708 481 1722 503 ,
1766 446 1882 511 quod
1905 445 1943 492 se
1978 442 2110 491 inscio
2140 459 2187 489 ac
2223 444 2308 491 sine

214 526 452 558 commeatu
474 513 588 558 Italia
607 512 855 560 excessissent
878 532 888 559 ε
934 511 1143 576 quendam
1168 527 1269 558 vero
1292 515 1335 556 &
1362 510 1477 573 quod
1498 526 1639 557 comes
1672 511 1780 574 regis
1819 513 1863 558 in
1899 509 2113 573 provincia
2145 505 2309 565 fuisset,

214 575 397 623 referens
418 611 433 633 ,
479 583 681 636 majorum
715 578 998 641 temporibus,
1032 575 1211 622 Rabirio
1232 572 1453 637 postumo,
1489 576 1763 622 Ptolemaeum
1787 575 2113 631 Alexandriam,
2158 572 2305 620 crediti

215 639 400 687 servandi
420 639 547 687 caussa
570 642 707 688 secuto
728 678 741 698 ,
779 641 996 701 majestatis
1017 641 1173 687 crimen
1193 638 1301 702 apud
1323 637 1480 697 judices
1503 654 1682 686 motum.
1750 642 1891 687 Plures
1925 653 2065 685 notare
2099 651 2269 682 conatus
2287 673 2303 695 ,

214 721 364 766 magna
390 705 685 768 inquisitorum
719 707 977 769 negligentia
998 740 1010 760 ,
1056 700 1126 748 scd
1165 701 1240 748 suo
1284 707 1437 760 majore
1480 702 1682 750 dedecore
1707 739 1721 760 ‚
1765 705 1961 752 innoxios
1994 702 2082 749 fere
2124 701 2303 764 reperit,

210 769 533 833 quibuscunque
552 769 796 815 coelibatum
820 804 834 826 ,
865 784 934 814 aut
962 767 1183 813 orbitatem
1203 802 1217 822 ‚
1258 779 1327 811 aut
1351 763 1575 827 egestatem
1605 767 1808 826 objiceret
1831 803 1844 822 ‚
1892 769 2059 814 maritos
2084 801 2096 822 ,
2143 780 2305 828 patres,

210 834 433 894 opulentos
456 835 496 878 se
520 833 816 894 probantibus,
849 849 903 877 eo
927 831 1098 894 quidem
1120 865 1132 886 ,
1168 830 1242 892 qui
1264 829 1430 874 sibimet
1453 831 1541 875 vim
1563 832 1676 877 ferro
1698 829 1875 877 intulisse
1893 830 2164 893 arguebatur,
2198 831 2304 875 illae—

211 895 301 942 sum
324 913 472 959 corpus
495 895 604 942 veste
628 896 812 958 deposita
835 895 1080 941 ostentante.
1143 895 1330 939 Fuerunt
1354 897 1398 937 ὅτ
1430 893 1498 940 illa
1535 897 1578 940 in
1605 893 1770 940 censura
1792 899 1878 953 ejus
1904 893 2103 940 notabilia
2125 927 2139 948 ,
2185 893 2301 955 quod

211 960 390 1006 essedum
414 975 655 1024 argenteum
669 960 875 1005 sumtuose
898 957 1144 1005 fabricatum
1159 973 1205 1003 ac
1229 958 1383 1004 vaenale
1406 958 1454 1002 ad
1470 960 1698 1022 Sigillaria,
1731 958 1881 1004 redimi
1900 957 2150 1019 concidique
2163 972 2302 1002 coram

211 1025 462 1085 imperavit:
505 1023 703 1087 quodque
733 1041 820 1069 uno
842 1025 909 1071 die
935 1025 1030 1069 XX.
1073 1023 1205 1069 edffita
1239 1018 1484 1083 proposuit,
1532 1025 1639 1069 inter
1670 1039 1762 1086 quae
1799 1022 1914 1081 duo,
1959 1037 2142 1085 quorum
2175 1021 2304 1066 altero

210 1085 492 1143 admonebat,
525 1103 565 1133 ut
597 1087 701 1134 uberi
733 1092 939 1135 vinearum
964 1102 1157 1155 proventu
1188 1084 1280 1131 bene
1313 1086 1424 1130 dolia
1446 1092 1671 1153 picarentur
1691 1104 1705 1132 .·
1741 1088 1869 1133 altero
1894 1123 1908 1145 ,
1941 1086 2042 1132 nihil
2063 1100 2162 1146 aeque
2172 1086 2313 1145 facere

135 1164 190 1206 17
211 1151 268 1197 ad
291 1155 433 1218 vipera
461 1154 626 1215 morfitm
658 1170 774 1216 quum
805 1157 893 1198 taxi
926 1151 1075 1198 arboris
1096 1154 1266 1213 fitccum.
1346 1149 1671 1213 Expeditionem
1718 1164 1844 1198 unam
1883 1152 2065 1197 omnino
2107 1145 2317 1209 suscepit,'

213 1233 390 1279 eamque
416 1215 626 1263 modicam
646 1252 659 1273 ,
706 1233 804 1262 cum
827 1217 1001 1265 decretis
1026 1214 1101 1262 sibi
1122 1234 1145 1262 a
1166 1214 1307 1260 senatu
1332 1219 1588 1262 ornamentis
1613 1214 1932 1279 triumphalibus
1953 1215 2158 1260 leviorem
2177 1214 2308 1268 maje-⁴

213 1279 302 1326 stati
327 1281 543 1344 principali
565 1282 735 1327 titulum
759 1280 1019 1328 arbitraretur
1043 1316 1057 1337 ,
1118 1280 1327 1341 velletque
1353 1277 1448 1337 justi
1477 1280 1675 1345 triumphi
1699 1280 1824 1327 decus
1849 1316 1863 1336 ‚
1904 1278 2015 1325 unde
2049 1277 2281 1340 acquireret
2288 1307 2327 1331 ,,

213 1348 470 1392 Britanniam
503 1343 762 1409 potiffimum
794 1347 953 1410 elegit:
996 1361 1135 1409 neque
1168 1355 1368 1391 tentatam
1402 1344 1476 1390 ulli
1508 1344 1601 1408 post
1634 1346 1801 1393 Divum
1833 1345 2021 1410 julium,
2054 1346 2215 1406 &tunc
2236 1354 2309 1385 tu«-

2195 1403 2308 1465 mul-

267 1484 528 1520 Litura‘tamen
544 1511 556 1527 ‚
585 1484 716 1533 inquit,
741 1481 877 1530 exstet.]
923 1481 1045 1518 Malim
1063 1496 1074 1518 ι
1109 1479 1227 1527 exstat.
1288 1478 1386 1518 Plura
1401 1479 1445 1518 ad
1467 1484 1590 1520 Horat.
1601 1481 1660 1520 lib.
1677 1496 1753 1519 111.
1778 1481 1896 1520 Od.v.

211 1532 360 1568 Dictum
382 1545 464 1571 vere
481 1533 685 1571 censorium.
711 1535 818 1580 Cujus
827 1532 1027 1582 sapientiam
1037 1530 1232 1569 diduximus
1501 1554 1516 1562 -
1536 1555 1551 1560 -
1578 1555 1593 1561 -
1613 1532 1747 1580 presens
1763 1534 1879 1568 Divus
1894 1531 2072 1570 habebitur

211 1582 249 1618 in
269 1582 390 1619 nostris
407 1583 558 1621 diatribis
574 1584 617 1621 ad
636 1583 690 1620 illa
708 1585 820 1621 Taciti
836 1611 848 1626 ‚
884 1583 1086 1619 Marcellum
1109 1594 1231 1619 memo·
1409 1582 1604 1631 Augustus,
1634 1581 1771 1630 ads‘eelis
1788 1582 1965 1618 Britannis

211 1633 267 1667 ria
292 1634 481 1681 majorum,
511 1633 564 1676 Εἴ
577 1642 685 1681 preces
704 1633 862 1682 Cafizris,
881 1640 984 1679 poene
1002 1633 1110 1681 magis
1124 1643 1230 1681 quam
1412 1635 1549 1680 Imperio
1563 1661 1572 1674 ‚
1589 1632 1765 1681 gravibus
1777 1644 1816 1667 ue
1834 1629 1950 1680 Persis.

207 1683 356 1728 infamia
374 1695 544 1727 exemere,
570 1683 627 1721 lib.
648 1697 730 1722 xiv.
756 1685 847 1721 Ann.
869 1696 897 1720 c.
916 1696 973 1728 40.
1000 1683 1229 1720 GituTExus.
1283 1683 1403 1732 Qam
1421 1681 1709 1733 Odamscripsifl'e
1720 1645 1864 1719 arsiam·
1875 1682 2060 1719 Horatium
2070 1677 2307 1731 proficiscente

1283 1734 1319 1769 in
1341 1746 1422 1770 eam
1439 1733 1694 1784 expeditionem
1711 1733 1889 1792 Augusto,
1917 1731 2057 1782 perinde
2076 1743 2116 1769 ac
2134 1729 2162 1768 fi
2178 1727 2304 1771 vicisset

260 1830 337 1866 Sine
352 1838 539 1867 commeatu
558 1829 636 1868 Ital.
652 1827 786 1877 exceffi]
836 1828 877 1865 1d
896 1826 1128 1870 senatoribus,
1158 1838 1234 1863 ma·
1257 1800 1263 1875 l
1283 1797 1330 1821 eo
1349 1784 1441 1835 ΨΩ),
1471 1784 1566 1836 qUOd
1585 1783 1714 1821 benum
1735 1783 1942 1821 mmabatur‘

205 1878 463 1931 gistratibusque
486 1878 558 1916 sine
582 1880 689 1917 libera
710 1879 882 1930 legatione
901 1892 976 1916 non
993 1877 1125 1916 licebat.
1146 1877 1229 1914 Tib.
1592 1863 1623 1897 C
1652 1874 1675 1898 Α
1703 1874 1719 1898 ⁵
1747 1873 1772 1898 Α
1800 1875 1826 1899 U
1856 1874 1876 1898 Β
1907 1874 1932 1898 0
1959 1873 1998 1898 Ν·

206 1942 283 1982 cap.
293 1944 391 1968 xxxi.
421 1929 554 1981 Aliquid
569 1932 677 1968 Dion.
1335 1926 1554 1976 splendidum
1590 1934 1710 1968 virum
1746 1934 1932 1979 Graectaque
1962 1926 2143 1978 provincia
2178 1921 2306 1980 princi-2

263 1981 401 2018 Rabirio
419 1981 606 2028 postuma]
639 1984 764 2030 Qem
782 1982 908 2018 Cicero
923 1978 1087 2017 defendit.
1276 1985 1354 2024 pem
1370 2007 1382 2022 ,
1410 1991 1534 2017 verum
1554 1982 1671 2017 Latini
1682 1981 1849 2030 sermonis
1865 1975 2062 2029 ignarum]
2119 1972 2301 2013 Similhma

264 2031 403 2069 sibimet
419 2035 497 2069 vim
502 2030 637 2080 ferm]
658 2031 762 2069 Liber
774 2043 846 2082 opt.
856 2029 923 2080 fibi
932 2041 1025 2067 metu
1034 2031 1111 2067 vim
1121 2029 1226 2076 ferro.
1283 2027 1420 2066 historia
1446 2029 1494 2067 est
1511 2059 1524 2074 ,
1560 2043 1667 2081 quam
1693 2030 1737 2068 de
1764 2031 1880 2081 legato
1905 2030 2096 2081 Lyciorum
2113 2025 2270 2076 quodam
2286 2049 2300 2065 5

210 2084 291 2119 Hoc
309 2083 407 2132 igitur
424 2082 492 2126 est,
510 2082 605 2132 quod
620 2083 698 2126 JCti
718 2082 858 2126 dicunt,
885 2082 1066 2119 neminem
1083 2080 1149 2119 esse
1166 2080 1229 2117 do-
1281 2079 1428 2116 oriundo
1446 2081 1587 2130 quidem
1603 2095 1622 2118 e
1643 2082 1749 2130 Lycia
1768 2111 1779 2125 ‚
1807 2081 1864 2118 sed
1883 2093 1966 2119 nato
1989 2082 2120 2117 Romae
2134 2104 2148 2122 ‚
2184 2084 2302 2113 narrat

207 2134 344 2170 minum
362 2133 605 2171 membrorum
630 2133 790 2176 suorum,
819 2146 883 2170 nec
901 2131 1014 2171 civem
1036 2134 1150 2182 patriae
1171 2143 1229 2168 au·
1280 2130 1352 2167 Dio
1373 2145 1384 2168 :
1422 2133 1474 2167 cui
1493 2132 1638 2169 historiae
1659 2132 1830 2183 subjungit
1845 2132 1918 2170 haec
1935 2129 2044 2171 verba
2066 2143 2078 2166 ε
2110 2124 2242 2174 συχνές
2261 2121 2300 2160 δὲ

205 2182 293 2221 ferre
310 2183 424 2222 licere.
455 2183 549 2222 Vide
569 2185 616 2221 tit.
635 2183 741 2221 Pand.
760 2184 816 2222 lib.
830 2195 917 2221 xtv¹
930 2197 941 2219 ι
955 2195 983 2220 1.
1019 2185 1077 2219 De
1097 2184 1147 2221 his
1170 2182 1227 2233 qui
1278 2176 1321 2219 dnx
1337 2188 1397 2217 zoni
1419 2183 1532 2223 ἄλλες
1550 2183 1692 2230 ἀνοιξίες
1730 2183 1903 2234 (apertior
1919 2180 2084 2220 sententia
2097 2177 2202 2217 fuerit
2219 2204 2231 2220 ,
2269 2172 2298 2211 fi

205 2245 286 2270 ante
310 2234 451 2273 sentent.
480 2246 635 2272 mortem
656 2233 718 2272 fibi
739 2234 986 2271 consciverunt.
1278 2229 1440 2281 scripseris
1456 2232 1623 2281 ἀναξίως)
1652 2235 1710 2274 τῆς
1729 2234 1908 2274 πολιτείαις
1928 2232 2105 2272 ἀπόλαυ-ε.
2162 2226 2207 2265 Id
2225 2224 2296 2267 est,

537 1764 905 1798 ToxRENT.

262 2283 467 2333 Sigillaria]
500 2287 591 2323 Ante
609 2298 683 2334 cap.
695 2300 729 2325 v.
748 2287 834 2323 Ner.
846 2295 919 2334 cap.
930 2296 1013 2322 xxvi
1027 2297 1038 2320 ι
1052 2297 1080 2320 1.
1274 2285 1398 2319 multos
1413 2297 1540 2333 quoque
1557 2284 1638 2320 alios
1653 2286 1743 2321 nullo
1752 2284 1814 2334 sico
1831 2285 1950 2322 merito
1966 2310 1979 2326 ,
2012 2282 2050 2319 in
2068 2277 2299 2328 peregrinita-

273 2348 325 2381 ¹7·
362 2340 513 2384 Eamque
537 2336 746 2382 modicam]
785 2335 853 2373 Vel
875 2331 987 2371 abesse
1010 2333 1117 2371 velim
1151 2332 1223 2369 haec
1275 2341 1342 2368 tem
1363 2334 1499 2382 redegit.

210 2384 338 2429 verba,
366 2385 421 2423 vel
438 2386 554 2428 scribi,
582 2399 721 2435 eamque
738 2385 797 2421 hoc
809 2386 917 2422 modo,
948 2387 1049 2421 Cum.
1068 2387 1138 2422 &c.
1333 2397 1386 2429 ¹7-
1418 2386 1594 2421 Leviorem
1612 2380 1970 2434 mfflveslcztiprinctspali
1997 2379 2081 2439 tia]
2138 2377 2296 2428 Plerique

263 2437 439 2471 Leviorem
457 2435 625 2483 maiestate
635 2434 848 2484 principali.]
880 2434 974 2472 Libri
992 2448 1119 2473 omnes
1143 2446 1219 2472 mss,
1272 2434 1492 2484 antiquorum
1507 2464 1519 2479 ,
1532 2435 1764 2485 principalem.
1791 2433 1884 2471 unde
1900 2436 2125 2474 Torrentius,
2142 2443 2189 2467 m.
2192 2431 2292 2478 prin-

207 2485 441 2534 Principalem.
499 2489 546 2521 Ut
562 2486 708 2522 omniuo
726 2485 913 2535 legendum
934 2496 1050 2534 putem
1069 2514 1081 2529 ,
1119 2485 1224 2521 levio·
1268 2484 1346 2530 cipis
1364 2485 1468 2522 talem
1487 2496 1513 2523 t.
1545 2489 1627 2522 Duo
1649 2486 1733 2536 regii
1752 2484 1968 2523 consentiunt
1985 2497 1997 2521 t
2034 2481 2155 2520 tertius
2162 2479 2291 2530 princi-

206 2549 277 2572 rem
293 2535 463 2585 majestate
480 2536 642 2583 Principis
660 2535 762 2572 talem
777 2536 920 2573 titulum
936 2535 1009 2572 arb.
1258 2533 1342 2579 pali.
2221 2536 2234 2571 l

261 2586 344 2634 Pcst.
377 2592 424 2623 D.
453 2584 631 2633 Julium.]
675 2585 795 2623 Scribo
815 2585 883 2634 post
901 2588 1040 2621 Divum
1056 2583 1216 2631 Julium,
1324 2592 1440 2634 Neque
1458 2594 1630 2622 tentatam
1648 2586 1709 2622 ulli
1718 2585 1784 2634 post
1805 2584 1930 2622 divum
1953 2582 2108 2631 Julium.
2126 2582 2143 2628 ]
2176 2581 2222 2618 At
2233 2592 2288 2618 eic-

205 2651 252 2673 ex
271 2635 377 2674 duob.
406 2649 486 2674 mss.
532 2641 572 2673 Et
589 2636 667 2672 sane
691 2637 795 2672 etiam
813 2637 848 2672 in
868 2637 1020 2672 nummis
1047 2634 1219 2673 veteribus
1267 2633 1345 2672 stitit
1359 2648 1465 2685 nuper
1483 2638 1611 2673 Romae
1628 2665 1640 2680 ‚
1677 2638 1734 2685 qui
1750 2646 1958 2685 argumento
1977 2633 2104 2684 aliquot
2125 2631 2286 2668 locorum

208 2688 313 2725 diffio
333 2687 403 2724 haec
421 2686 555 2737 semper
571 2687 703 2738 integra
722 2686 884 2724 scribitur.
911 2685 1020 2734 Qod
1044 2697 1128 2723 vero
1148 2696 1221 2720 ten·
1269 2687 1402 2723 Horatii
1426 2688 1568 2724 &unius
1587 2701 1606 2723 e
1623 2687 1882 2723 commentariis
1902 2682 2173 2735 pseudo-Servii,
2206 2694 2287 2731 pro-

211 2750 318 2776 tatam
337 2737 393 2775 ulli
413 2737 489 2787 post
505 2737 633 2783 Julium
655 2736 832 2773 Caesarem
858 2747 961 2784 negat
984 2735 1217 2779 Britanniam,
1268 2736 1349 2773 bare
1378 2748 1557 2774 conaretur
1585 2737 1702 2773 falsam
1722 2735 1789 2773 effe
1818 2738 1904 2773 hanc
1934 2732 2125 2785 Tranquilli
2153 2732 2288 2770 senteu-

208 2788 247 2825 id
264 2790 308 2826 ita
328 2785 481 2838 intelligo
499 2818 512 2833 ,
541 2799 577 2825 ut
603 2801 711 2824 nemo
732 2787 777 2823 illi
795 2786 924 2824 bellum
947 2785 1103 2822 intulerit.
1162 2788 1218 2822 In·
1268 2788 1362 2825 tiam.
1421 2792 1477 2824 De
1498 2789 1646 2825 Horatio
1662 2786 1872 2824 satit-fastum
1900 2785 2034 2835 pridem
2054 2797 2114 2835 per
2130 2787 2287 2820 Torren-

213 2838 318 2879 hiavit
336 2841 366 2876 ei
382 2839 523 2890 quidem
537 2839 643 2876 etiam
663 2838 817 2888 Caligula
838 2867 848 2881 ,
885 2848 959 2886 cap.
975 2849 1052 2874 xix.
1088 2839 1127 2873 δε
1143 2846 1219 2886 cap.
1268 2840 1353 2875 tium
1371 2838 1519 2889 aliosque
1536 2839 1627 2875 viros
1644 2837 1805 2876 eruditos.
1850 2837 2053 2874 Suetonium
2068 2847 2154 2873 vero
2173 2833 2284 2871 abun-

212 2903 314 2930 κων.
343 2894 382 2928 δε
399 2889 566 2941 Augustus
586 2890 630 2926 ad
645 2890 772 2928 bellum
792 2885 1223 2926 BritannicuminGalliam
1269 2888 1311 2926 de
1326 2901 1457 2926 tueatur
1473 2889 1570 2926 unius
1598 2889 1709 2925 Taciti
1736 2889 1918 2926 auitos-itas
1936 2916 1948 2932 ,
2001 2887 2097 2924 idem
2124 2885 2288 2922 tradentis

213 2941 317 2992 usque
336 2939 511 2992 profectus
528 2940 596 2984 est,
623 2940 679 2978 sed
700 2953 811 2991 neque
830 2940 884 2977 ille
906 2938 1091 2988 quicquam
1102 2948 1223 2988 praeter
1270 2940 1305 2976 in
1334 2940 1422 2977 libro
1450 2943 1506 2977 De
1530 2940 1599 2977 vita
1627 2939 1704 2983 Julii
1729 2938 1911 2990 Agricolae.
1970 2938 2037 2975 Sed
2065 2937 2185 2974 sumne
2213 2948 2283 2985 ego

215 2994 327 3030 minas
347 3021 359 3036 ,
391 2996 429 3030 &
450 2992 503 3029 hic
518 3005 655 3042 quoque
678 2992 863 3030 Dalmatiae
881 2988 1030 3027 tumultu
1047 3000 1225 3026 revocatus
1269 2990 1391 3028 inscius
1409 2994 1446 3028 δ(
1461 2992 1615 3041 ineptus,
1644 2991 1702 3041 qui
1720 2990 1870 3028 hominis
1886 2989 2058 3028 rationem
2080 2988 2281 3026 habendam

215 3041 346 3080 destitit.
407 3044 495 3080 Non
512 3041 631 3081 frustra
659 3056 745 3094 ergo
772 3039 820 3080 est
836 3072 849 3089 ‚
895 3039 1227 3093 quodpPulmannus
1271 3041 1432 3079 censeam
1449 3070 1461 3085 ,
1500 3044 1592 3086 cuius
1609 3041 1726 3092 scripta
1746 3053 1865 3091 praetet
1889 3040 2062 3091 insignem
2085 3043 2145 3078 otii
2173 3041 2281 3078 abun-

213 3093 438 3142 depraedatam
478 3106 543 3146 pro
575 3103 749 3133 tentatam
785 3092 820 3132 se
865 3090 1023 3144 reperifle
1061 3088 1225 3130 affirmat.
1269 3092 1427 3132 dantiam
1441 3092 1523 3131 nihil
1541 3092 1670 3135 habent
1684 3092 1781 3181 quold
1794 3093 1957 3132 mireris?
1982 3106 2008 3132 o
2023 3092 2155 3133 factum
2168 3091 2291 3174 malea

1709 3147 1746 3183 1,
1774 3144 1785 3180 l
1815 3157 1836 3181 2
2150 3148 2151 3151 ’
2194 3153 2264 3192 quo
