2504 3425
943 231 1211 290 PLI

564 359 665 456 V
975 348 1026 450 I

1285 231 1554 287 NII

1346 346 1459 453 T
1506 416 1513 433 ,
1779 353 1920 452 A..

314 511 456 556 LinIus
479 509 692 556 Secundus
712 503 1082 562 Novocomensis,
1116 503 1375 569 equestribus
1395 503 1557 550 militiis
1580 500 1781 550 industrie
1803 501 1996 560 funerus,
2031 512 2287 569 procuratio..

309 590 381 618 nes
402 592 574 638 quoque
593 570 957 635 splendidiffirnas'‚
992 583 1115 634 atque
1139 572 1387 623 continuas,
1423 567 1842 632 summa-integritate
1869 568 2198 627 administravit,
2235 580 2282 621 δε

306 649 443 684 tamen
469 638 711 684 liberalibus
736 635 879 682 studiis
904 647 1062 682 tantam
1084 651 1256 699 operam
1285 633 1399 680 dedit
1424 669 1437 689 ‚
1495 648 1541 678 ut
1563 650 1650 678 non
1678 650 1836 678 temere
1863 636 1961 696 quis
1985 636 2100 697 plura
2125 638 2169 682 in
2190 640 2283 686 otio

193 697 408 760 scripserit.

191 763 381 808 minibus
401 766 735 828 comprehendit.

190 826 305 872 clade
332 829 585 892 Campaniae.

480 706 625 766 Itaque
651 702 760 747 bella
784 701 957 756 omnia,
990 716 1081 762 quae
1102 717 1290 762 unquam
1312 714 1408 743 cum
1427 696 1659 743 Germanis
1682 696 1796 760 gesta
1818 696 1936 753 sunt,
1982 701 2136 763 viginti
2161 703 2287 748 volu-‘-

805 770 914 811 Item
936 765 1128 810 naturalis
1155 762 1334 809 historiae
1366 764 1536 825 triginta
1560 761 1718 823 septem
1742 760 1872 807 libros
1892 762 2082 809 absolvit.

657 833 774 876 Nam
795 846 927 892 quum
954 825 1182 874 Misenenfi
1207 826 1316 873 claffi
1347 825 1555 889 praeeffet,
1590 831 1633 871 &
1660 825 1857 887 flagrante
1888 826 2102 886 Vesebio,
2137 831 2187 876 ad
2213 848 2289 876 ex-

2157 769 2285 814 Periit

189 890 409 952 plorandas
427 897 596 956 propius
609 893 770 951 causas,
804 894 1029 940 liburnicas
1049 891 1343 955 praetendiffet:
1381 908 1544 954 neque,
1578 890 1885 935 adveriantibus
1905 893 2067 948 ventis,
2104 911 2285 941 remeare

189 954 343 1016 posset,
379 958 421 1003 vi
443 961 624 1021 pulveris
648 977 692 1004 ac
718 957 867 1005 favillae
891 958 1101 1020 oppreffus
1126 956 1207 1003 est:
1245 957 1311 1001 vel
1328 990 1341 1012 ,
1375 969 1421 1005 ut
1445 954 1614 1020 quidam
1629 953 1887 1013 existimant,
1922 974 1943 1002 a
1965 956 2081 1005 fiervo
2106 956 2183 1004 suo
2201 975 2286 1006 oc-

191 1016 320 1065 cisus:
359 1038 514 1084 quem,
548 1023 750 1070 deficiens
775 1023 899 1080 aestu,
930 1037 978 1070 ut
1005 1038 1155 1068 necem
1180 1021 1516 1075 sibimaturaret,
1549 1019 1737 1066 oraverit„

569 1140 819 1176 VINET.

246 1239 366 1285 Quum
392 1237 488 1274 Plinii
519 1252 560 1275 ex
583 1239 748 1275 Suetonio
781 1235 985 1287 Tranquillo
1019 1237 1129 1276 vitam
1156 1237 1212 1274 Pi-

191 1288 305 1324 &avio
333 1287 506 1325 edendam
536 1289 661 1326 abhinc
697 1302 807 1325 annos
845 1288 1043 1337 quindecim
1077 1290 1211 1331 curavi,

190 1350 269 1373 eam
294 1351 367 1375 non
388 1350 466 1375 ante
487 1339 641 1377 videram
654 1370 664 1384 ,
694 1353 756 1376 nec
775 1338 817 1375 de
834 1351 874 1374 ea
891 1341 1075 1389 quicquam
1099 1339 1211 1376 audie-

191 1400 267 1424 ram
291 1404 299 1425 :
341 1402 448 1439 quam
475 1391 647 1428 Arnoldus
665 1391 717 1427 ille
744 1393 909 1426 Feri-onus
939 1389 1070 1426 Tolosa
1093 1403 1134 1426 ex
1153 1403 1211 1427 ve-

189 1438 278 1475 tusto
296 1440 415 1476 codice
436 1440 595 1479 fuxensis
614 1441 833 1479 Bibliothecae
850 1440 1053 1490 descriptam
1068 1469 1080 1485 ,
1126 1441 1212 1478 mihi

187 1489 408 1540 Burdigalam
437 1491 531 1529 suam
559 1492 708 1531 misisset.
747 1506 870 1530 verum
891 1505 1038 1543 quatuor
1058 1491 1132 1541 post
1151 1504 1210 1528 an-

185 1540 236 1576 nis
257 1542 350 1577 venit
365 1542 458 1592 'forte
480 1544 515 1580 in
538 1556 661 1581 manus
683 1556 779 1580 meas
792 1543 940 1579 Historia
952 1542 1125 1579 Naturalis
1145 1543 1209 1579 Pli-

184 1591 231 1627 nii
251 1602 330 1627 ante
349 1591 506 1642 impreffil
518 1623 529 1637 ‚
558 1607 664 1645 quam
676 1606 771 1631 natus
789 1591 943 1631 fuiffem:
962 1596 995 1630 in
1007 1608 1077 1643 quo
1089 1606 1209 1630 exem-

186 1639 269 1691 plari
288 1654 367 1679 eam
386 1645 494 1681 vitam
514 1658 623 1694 quum
646 1644 840 1696 seper-istem
859 1673 871 1686 ‚
913 1659 984 1681 non
1008 1646 1106 1693 potui
1135 1659 1208 1682 non

187 1690 378 1729 succensere
400 1698 436 1731 ὃς
456 1696 657 1745 imprecari,
680 1697 737 1747 qui
756 1709 799 1732 ex
822 1695 942 1733 nostris
963 1696 1065 1732 codd.
1110 1694 1204 1733 illam

185 1740 389 1797 sustulissem.
449 1748 591 1783 Diceres
607 1749 642 1784 in
662 1745 920 1785 Vei-anensium
937 1748 1084 1796 =<gratiam
1104 1746 1136 1782 id
1157 1745 1205 1783 fe-

188 1792 267 1828 cisse
285 1823 296 1836 ,
329 1797 386 1844 qui
404 1797 550 1834 minime
569 1798 714 1835 libenter
732 1798 778 1835 ibi
798 1797 913 1847 legunt
930 1798 1082 1834 Plinium
1108 1796 1203 1834 suilie

186 1844 514 1900 Novocomensem.
565 1851 686 1897 Quum
708 1862 859 1899 namque
877 1849 911 1885 in
930 1848 1130 1898 praefatione
1142 1849 1205 1885 Pli-

189 1906 263 1929 nius
283 1896 456 1932 Catullum
469 1910 571 1935 vocet
593 1900 689 1936 stium
709 1911 992 1936 conterraneum:
1025 1901 1081 1949 qui
1101 1911 1204 1949 poeta

185 1945 332 1993 patriam
353 1945 470 1984 habuit
487 1951 717 1992 Sirmionem,
747 1949 771 1984 fi
792 1950 870 1998 quid
889 1949 950 1999 ipsi
970 1950 1013 1986 de
1040 1949 1071 1985 se
1099 1950 1206 1986 credi-

185 2007 265 2031 mus
281 2024 292 2037 ,
322 1997 532 2047 peninsulam
548 1998 640 2036 lacus
662 2000 786 2037 Benaci
816 2001 849 2035 in
877 2012 961 2049 agro
986 1999 1205 2038 Veronensi:

185 2045 335 2085 Plinium
354 2047 512 2085 Historia-2
535 2051 709 2087 Naturalis
727 2052 904 2087 auctorem
918 2079 929 2092 2
954 2054 990 2086 δ(
1008 2051 1102 2087 Plinii
1128 2051 1208 2087 alte-

185 2096 252 2134 rius
271 2098 496 2142 avunculum,
525 2101 702 2143 Tor-ellus,
731 2105 897 2137 Matnxus
922 2104 1051 2144 Rufus,
1086 2106 1123 2138 ὃς
1150 2102 1206 2138 alii

127 2191 130 2193 v
186 2149 427 2201 Veronenses,
444 2151 479 2186 in
499 2151 623 2187 mediis
642 2151 909 2202 ipsismoenibus
921 2155 1070 2188 Veronse
1086 2165 1205 2189 natum

185 2197 252 2233 efle
274 2201 498 2238 contendunt.
524 2201 618 2251 quali
630 2216 713 2239 vero
724 2202 1011 2238 conterraneidici
1021 2215 1204 2251 nequeant,

185 2250 243 2296 qui
264 2248 327 2286 sint
346 2262 478 2288 tanturn
498 2253 684 2289 exeadem
704 2265 789 2289 terra
813 2283 824 2296 ‚
864 2254 1003 2302 regione
1022 2281 1032 2294 ‚
1065 2255 1206 2301 ⁴provin-

186 2300 237 2334 cia
258 2315 267 2336 ε
297 2312 332 2337 ut
357 2303 614 2339 Novocomum
634 2333 644 2346 ‚
685 2305 778 2351 quod
799 2306 886 2353 prius
906 2299 1063 2340 Comum
1082 2302 1142 2338 suit
1159 2303 1208 2339 di-

187 2350 282 2386 &um
299 2380 310 2394 ,
339 2353 481 2388 austore
498 2354 665 2391 Strabone
684 2354 771 2391 libro
793 2356 910 2404 quinto
932 2369 940 2390 :
980 2358 1016 2390 ὃ(
1040 2357 1179 2389 Verona
1195 2384 1204 2396 ‚

184 2413 259 2449 anc
281 2403 432 2439 civitates
451 2403 524 2439 sunt
540 2405 654 2442 ambre
679 2406 712 2441 in
732 2405 857 2441 eadem
879 2405 992 2447 Italia,
1033 2404 1087 2440 illa
1106 2405 1205 2440 nimi-

185 2463 281 2496 num
298 2464 405 2502 quam
422 2465 553 2493 veteres
564 2459 725 2494 Romam
736 2455 1040 2506 Transpadanaim
1056 2460 1092 2493 ὅ(
1104 2455 1207 2492 Cisal-

194 2571 260 2580 ——-‚-
346 2577 387 2581 .....
397 2574 856 2583 ,mmm-fl,-
948 2580 978 2584 —

1262 1135 1382 1185 pinam
1399 1133 1548 1171 Galliam
1566 1132 1777 1171 vocitabant.
1827 1133 1891 1170 Sed
1911 1136 2088 1172 Suetonius
2105 1136 2285 1187 Tranquil-

1262 1187 1313 1222 lus
1330 1214 1342 1228 ,
1376 1186 1434 1235 qui
1451 1184 1598 1220 Plinium
1614 1195 1795 1233 utrumque
1811 1184 1895 1221 vidit
1913 1212 1923 1226 ,
1962 1188 1999 1220 &
2021 1188 2191 1231 juniorem
2212 1190 2287 1226 inti-

1262 1249 1363 1272 mum
1380 1235 1532 1271 amicum
1553 1234 1690 1276 habuit,
1714 1232 1808 1270 noffe
1825 1233 1901 1270 satis
1921 1235 2052 1282 potuit,
2083 1235 2145 1272 nisi
2162 1237 2282 1284 fallor,

1262 1300 1340 1337 quae
1355 1287 1486 1336 utrique
1505 1285 1612 1336 patria
1627 1283 1737 1322 fuerit.

1319 1337 1424 1372 Periit
1441 1337 1535 1372 clade
1554 1333 1781 1383 Campaniae.]
1818 1334 1910 1371 Vide
1933 1336 2115 1373 Hermolai
2144 1338 2285 1378 Barbari

1262 1386 1499 1437 castigationes
1520 1416 1531 1430 ,
1565 1387 1735 1437 quoniam
1762 1386 1796 1422 in
1826 1385 2014 1433 exemplari
2032 1387 2210 1426 Tolosano
2226 1403 2287 1441 par

1263 1438 1434 1475 mendum
1455 1449 1550 1480 erat,
1587 1449 1687 1487 atque
1706 1437 1741 1473 in
1760 1437 1798 1472 iis
1815 1436 1937 1485 quibus
1957 1435 2031 1472 usus
2051 1439 2098 1475 est
2115 1439 2212 1476 Plinii
2231 1453 2287 1478 ca-

1263 1490 1402 1537 stigator
1424 1488 1646 1525 Hermolaus.
1702 1489 1883 1524 Caeterum
1915 1487 1958 1524 de
1978 1487 2107 1525 eodem
2125 1489 2235 1528 Plinio
2255 1491 2284 1529 fi

1262 1541 1335 1590 quis
1357 1539 1449 1589 plura
1472 1537 1568 1575 noffe
1585 1539 1727 1589 cupierit
1752 1549 1862 1588 quam
1890 1538 1944 1574 hic
1979 1551 2020 1574 ex
2048 1541 2214 1578 Suetonio
2240 1541 2282 1581 sit

1263 1602 1484 1641 excerptum,
1503 1592 1529 1626 is
1546 1590 1637 1639 legat
1648 1589 1743 1626 Plinii
1763 1589 1902 1634 junioris
1918 1588 2106 1638 Epistolam
2121 1593 2283 1640 quintam

1260 1641 1335 1678 libri
1350 1643 1456 1684 tertii,
1485 1642 1691 1691 &quintam
1710 1640 1907 1684 decimam,
1935 1652 1975 1677 ac
1987 1640 2284 1682 undevicesimam

1259 1693 1334 1730 libri
1349 1692 1442 1731 texti„

1587 1780 1988 1815 Casaunou.

1313 1848 1401 1882 Non
1418 1844 1465 1882 est
1488 1847 1638 1882 Suetonii
1661 1860 1670 1882 ι
1708 1844 1800 1894 quod
1823 1848 1859 1880 ὃ(
1879 1842 1984 1878 diffio
2002 1841 2090 1878 clare
2110 1843 2219 1892 arguit
2239 1844 2276 1878 ὅ(

1257 1895 1372 1946 supina
1400 1895 1605 1946 negligentia
1623 1897 1657 1931 in
1676 1896 1759 1931 tanti
1780 1894 1841 1931 viri
1871 1893 1971 1928 rebus
1994 1894 2175 1928 memoriae
2197 1906 2278 1942 pro-

1256 1946 1386 1984 dendis.
1445 1949 1570 1989 Amat,
1590 1947 1720 1989 fateor,
1741 1944 1944 1981 brevitatem
1963 1942 2200 1991 Tranquillus:
2220 1942 2278 1979 sed

1257 1998 1425 2036 eruditam
1445 2025 1457 2040 ‚
1489 2001 1524 2033 δε
1553 2010 1629 2046 quae
1657 1994 1847 2045 cognitioni
1883 2006 2000 2029 rerum
2027 1992 2105 2028 nihil
2133 1992 2277 2031 officiat.

1259 2048 1403 2098 denique
1424 2077 1435 2091 ‚
1474 2049 1593 2084 auctor
1614 2048 1711 2092 liuius
1732 2047 1810 2081 vitae
1825 2073 1836 2087 ‚
1877 2056 1987 2092 neque
2006 2045 2184 2081 Suetonius
2205 2044 2274 2087 est,

1257 2113 1370 2150 neque
1391 2099 1571 2149 quisquam
1593 2099 1675 2134 alius
1692 2126 1703 2139 ,
1728 2097 1787 2147 qui
1806 2094 1948 2130 meliore
1968 2093 2025 2129 illo
2045 2093 2166 2131 sacculo
2183 2096 2276 2133 vixe-

1258 2152 1318 2193 rit,
1350 2150 1549 2186 {icutetiam
1573 2148 1740 2198 josephus
1754 2145 1901 2194 Scaliger
1913 2145 2159 2193 pronunciavit.
2191 2147 2281 2181 Scri-

1259 2199 1356 2250 pfisse
1376 2213 1494 2237 tamen
1516 2198 1755 2249 Tranquillum
1780 2196 1875 2233 Plinii
1894 2196 1989 2237 liuius
2006 2196 2113 2231 vitam
2131 2224 2142 2238 ,
2187 2195 2275 2232 testi·

1262 2254 1384 2287 monio
1400 2251 1445 2287 est
1462 2251 1558 2287 locus
1577 2250 1631 2286 ille
1649 2279 1660 2292 ‚
1696 2262 1801 2297 quem
1825 2260 1865 2282 ex
1884 2248 1955 2292 ejus
1975 2245 2062 2280 libro
2083 2245 2125 2281 de
2143 2246 2221 2282 viris
2237 2246 2274 2281 il-

1259 2301 1414 2338 lusti-ibus
1428 2301 1602 2337 laudatum
1627 2329 1639 2342 ,
1673 2308 1935 2336 commemorat
1966 2295 2108 2332 Achilles
2133 2297 2271 2333 Statius:

1260 2358 1355 2387 Dum
1373 2353 1463 2388 idem
1483 2353 1612 2387 Plinius
1628 2351 1763 2398 legiones
1781 2351 1817 2384 in
1839 2347 1988 2382 Siciliam
2016 2348 2148 2382 differet
2160 2376 2170 2389 ,
2199 2360 2273 2382 erta-

1251 2404 1363 2450 ptzt'one
1376 2396 1588 2447 favillarum
1617 2401 1659 2436 ab
1683 2406 1789 2435 AEtna
1806 2398 2034 2435 erm—'tantiam
2051 2425 2063 2439 ,
2082 2398 2273 2445 praestemus

1257 2454 1410 2497 interiit,
1435 2467 1527 2489 asmo
1544 2453 1687 2497 vitalina
1707 2462 1789 2489 Lv1.

1650 2576 1694 2579 ’.γ
1703 2576 1735 2578 ⁷*
1745 2571 2271 2578 emm-ma

738 2633 1756 2710 jUVENALIS

550 2756 653 2853 V
972 2753 1018 2854 Ι

1336 2750 1449 2853 T
1754 2753 1963 2851 A.-

265 2905 406 2950 Unius
452 2904 665 2966 Juvenalis
713 2907 849 2955 liberti
908 2909 1130 2970 locupletis
1182 2909 1389 2952 incertum
1446 2906 1556 2952 filius
1578 2942 1591 2960 ,
1639 2922 1689 2950 an
1724 2905 1914 2949 alumnus
1939 2938 1952 2958 ,
2007 2901 2057 2947 ad
2087 2898 2264 2945 mediam

262 2967 346 3014 fere
369 2982 525 3013 aetatem
552 2970 816 3027 declamavit,
850 2975 980 3018 animi
1009 2974 1139 3033 magis
1159 2972 1312 3026 causta,
1349 2988 1473 3033 quam
1501 2969 1616 3033 quod
1636 2968 1785 3014 scholae
1806 2981 1874 3012 aut
1897 2965 1992 3011 foro
2016 2977 2267 3026 praepararet.

156 3059 183 3091 a
206 3071 212 3076 .

258 3033 430 3078 Deinde
452 3048 677 3093 paucorum
700 3039 891 3081 veriuum
910 3040 1046 3096 Satyra
1069 3053 1154 3080 non
1181 3035 1348 3080 absurde
1375 3033 1602 3095 compoiita
1637 3035 1682 3077 in
1722 3032 1909 3079 Paridem
1933 3029 2234 3089 pantomimum
2249 3061 2266 3081 ‚

183 3112 436 3160 poetamque
473 3097 642 3143 Claudii
676 3099 866 3143 Neronis
888 3134 901 3155 ,
949 3106 1037 3158 ejus
1068 3099 1328 3146 semestribus
1361 3099 1565 3144 militiolis
1597 3110 1830 3143 tumentem
1852 3128 1867 3149 ‚
1899 3108 2033 3155 genus
2063 3089 2266 3161 scripturae

2199 3168 2268 3199 m-
