2504 3425
618 159 1002 218 THEOD.

117 304 271 349 mulare,
299 314 337 341 ut
354 303 430 354 post
447 315 550 355 cogat
568 318 759 352 evomere,

218 383 330 431 Tap&
350 381 423 433 ‘7023
446 378 583 423 ἔναξε-ω’
599 386 659 421 ἀυ-

226 430 291 473 τὲς
324 431 389 470 ἐὸὲ
420 431 526 469 δοκεῖν
559 434 638 484 ἑρςῖν

226 482 451 525 amsa-torreas
480 484 590 520 ’ἔπειτ’
618 486 726 529 ἀναγ-

224 533 323 583 κάζω
353 535 457 571 πάλιν
487 532 638 581 ἐξεμεῖν,

223 585 301 626 ἅτΤ
325 583 584 630 ἄν”κεκλόφωτί
606 601 671 630 μδ.

111 658 153 694 Et
185 655 334 699 Iustinus
360 659 491 704 Imper.
537 656 627 706 apud
654 655 840 705 Agathiam
860 655 917 694 lib.
946 669 996 693 xv.
1030 659 1134 700 Joan-

113 708 166 743 nis
206 706 278 742 Afri
316 704 404 743 furta
434 705 617 743 dissimulat
661 719 703 742 ex
732 706 898 755 stipulatu.
960 706 1136 754 Ejusmodi

112 757 255 808 spongia
274 757 480 795 Ptolemaeus
501 756 569 794 dux
585 785 597 799 ,
629 756 671 793 de
691 770 762 806 quo
780 758 907 794 Suidas.

115 799 304 846 Sed‘boni
341 808 512 858 Principes
552 807 753 858 plerumque
790 817 1026 857 procuratores
1060 805 1138 843 suos

116 871 138 896 a
154 858 248 896 furtis
277 871 460 895 coercuere
478 887 490 901 ‚
530 870 566 895 ut
585 860 720 894 Marcus
744 861 878 906 Imper.
911 858 1019 892 etiam
1052 868 1138 904 puer

115 911 208 959 apud
229 909 294 954 Jul.
322 908 532 959 Capitolin.

172 967 309 1008 Negata
337 960 405 1008 fibi
433 959 590 1007 gratuita
632 955 827 1001 libertam]
877 958 1003 1005 Neque
1043 957 1138 993 enim

115 1009 201 1048 soliti
236 1011 437 1062 plerumque
476 1007 609 1044 domini
637 1005 882 1043 manumittere
913 1008 1045 1056 gratis,
1079 1007 1137 1044 sed

117 1062 202 1101 servi
238 1061 389 1099 dominis
422 1058 605 1109 pecuniam
632 1054 760 1092 offerre
790 1071 851 1107 pro
879 1058 989 1106 capite
1016 1057 1075 1095 suo
1099 1062 1137 1095 &

115 1112 260 1163 stipulari
289 1111 506 1152 libertatem,
536 1122 610 1158 quae
627 1121 680 1146 res
704 1107 870 1145 tritissima
895 1108 963 1151 est,
991 1111 1028 1144 &
1046 1120 1138 1159 patet

116 1177 197 1201 curn
229 1161 300 1199 aliis
332 1161 415 1198 locis
448 1160 612 1196 sexcentis
639 1189 652 1204 ,
702 1170 776 1197 tum
806 1162 847 1196 L.
876 1162 1015 1196 Senecae
1042 1159 1135 1210 epist.

114 1227 214 1252 lxxx.
241 1213 300 1250 ubi
326 1210 420 1249 male
448 1219 731 1259 comparaverunt
749 1239 760 1253 ,
800 1223 862 1259 pro
880 1209 1136 1258 comparferunt.

115 1265 274 1303 Imitatus
291 1263 387 1300 enim
405 1262 559 1299 Terentii
577 1262 695 1298 locum
719 1274 760 1297 ex
777 1261 989 1298 Phormione
1008 1260 1085 1299 Ast.
1109 1275 1137 1298 1.

113 1319 165 1355 Sc.
195 1330 225 1354 ι.
242 1315 413 1366 Tangitur
432 1325 569 1363 quoque
585 1326 658 1350 non
686 1311 793 1349 semel
819 1312 871 1348 hic
899 1313 978 1349 ritus
997 1311 1033 1348 iu
1057 1313 1138 1356 Jure

116 1367 218 1406 civili.

115 1416 185 1455 Sed
218 1416 291 1453 heri
327 1414 468 1464 benigni
501 1413 606 1450 etiam
644 1415 747 1464 gratis
773 1413 1017 1451 manumittere
1054 1413 1139 1451 soliti

111 1479 256 1518 propter
291 1467 414 1502 merita
435 1494 446 1508 ‚
486 1476 522 1501 ut
545 1464 636 1515 apud
664 1469 804 1502 Terent.
864 1463 1021 1506 Andria,
1059 1468 1139 1502 Sue-

114 1530 188 1555 ton.
216 1517 259 1554 de
289 1515 487 1554 Inlustribus
519 1519 681 1554 Gramm.
710 1531 739 1554 c.
765 1529 844 1555 xvi.
874 1528 1003 1554 xvxit.
1029 1529 1134 1555 xxiv.

114 1571 153 1606 ὅ(
181 1567 225 1605 de
255 1567 366 1605 Claris
393 1567 616 1605 Rhetoribus.
648 1581 677 1605 c.
713 1581 792 1604 111.
829 1570 867 1603 &
893 1562 1016 1615 passim
1046 1566 1137 1616 apud

113 1618 199 1655 alios
215 1648 226 1662 ,
253 1630 311 1656 aut
334 1630 472 1669 propter
507 1620 683 1657 aevitatem
702 1647 713 1662 ‚
753 1628 820 1668 qua
841 1616 884 1652 de
904 1630 940 1653 re
965 1615 1132 1659 Plutarch.

113 1671 250 1706 Catone
285 1669 470 1718 superiore.
528 1669 697 1718 Sperabat
720 1668 850 1706 vetulus
873 1667 926 1704 hic
961 1667 1134 1718 bubsequa

110 1719 219 1757 talem
245 1730 383 1771 propter
409 1721 540 1756 senium
565 1733 585 1757 a
614 1717 829 1769 Vespasiano
862 1717 1135 1768 benignitatem:

109 1770 296 1819 postquam
323 1783 363 1806 ea
393 1769 468 1820 spes
492 1769 674 1809 decollavit
696 1799 708 1814 ,
746 1769 831 1807 ultus
856 1769 904 1807 est
936 1771 969 1806 se
991 1772 1071 1816 joco
1099 1771 1134 1806 in

111 1819 366 1870 Vespasianum
399 1833 434 1858 ut
464 1832 583 1858 natura
611 1833 684 1859 non
720 1830 871 1857 tenacem
904 1819 964 1857 sed
979 1820 1134 1868 pertina-

113 1884 195 1908 cem.

159 1923 223 1958 Ad
250 1921 430 1959 manubias
449 1920 503 1964 Εἴ
524 1922 663 1971 rapinas
685 1919 864 1969 neceffitate
892 1919 1127 1970 conpulsam]

110 1972 269 2009 Similiter
296 1973 338 2009 de
373 1970 587 2022 Vespasiano
621 1974 703 2010 Dio.
779 1976 820 2008 Et
849 1972 991 2022 quidem
1022 1972 1129 2009 etiarn

111 2022 196 2060 alios
230 2023 406 2074 plerosque
434 2024 608 2081 Principes
628 2051 639 2066 ,
679 2022 840 2073 Reipubl.
880 2022 1056 2060 neceiiitas
1090 2025 1128 2058 ὃς
1158 2030 1159 2033 ’

109 2071 179 2110 fisci
193 2074 346 2125 subegit,
377 2086 412 2112 ut
427 2087 579 2126 pecuniae
602 2073 785 2111 studerent.
847 2073 897 2110 Ac
924 2073 1127 2124 plerumque

110 2123 256 2174 prodigo
299 2125 501 2176 perditoque
529 2125 677 2175 Principi
710 2123 854 2161 succedit
875 2125 1124 2173 parcipromus,

107 2186 148 2209 ac
174 2175 290 2224 frugi,
330 2188 365 2213 ut
391 2178 496 2215 Avito
529 2174 724 2213 Alexander
763 2178 938 2218 Severus,
981 2175 1025 2212 de
1057 2186 1128 2224 quo

108 2226 345 2275 Lampridius,
381 2229 444 2264 Ad
462 2239 587 2264 aurum
603 2256 615 2270 ,
647 2228 756 2277 inquit
771 2254 785 2271 ,
831 2226 1050 2274 colligendum
1076 2234 1130 2262 at-

108 2284 240 2318 tentus,
266 2277 312 2311 ad
319 2277 534 2323 servandum
553 2288 673 2314 camus
687 2305 698 2321 ,
728 2280 775 2314 aii
798 2277 1044 2323 inveniendum
1062 2275 1129 2327 sol-

109 2324 220 2360 licitus
241 2354 253 2369 ,
273 2327 336 2373 fied
350 2325 424 2373 fine
442 2328 636 2377 cujustptam
662 2329 823 2374 exscidio¹,
862 2331 931 2366 δεῖ.
989 2329 1041 2365 Sic
1057 2332 1128 2367 Au—

112 2374 256 2413 relianus
292 2377 349 2426 qui
382 2376 539 2413 Gallieno
581 2376 759 2421 successit,
813 2377 856 2413 de
888 2390 958 2428 quo
1002 2380 1123 2419 Amm.

109 2426 297 2464 Marcellin.
326 2425 383 2463 lib.
410 2438 485 2464 xxx.
511 2426 692 2465 Fridericus
717 2442 794 2467 111.
822 2429 878 2477 qui
904 2431 1124 2480 Sigismundo

109 2479 146 2511 δε
167 2477 330 2519 Alberto,
360 2476 402 2512 de
418 2489 489 2526 quo
518 2479 642 2514 AEneas
663 2478 934 2518 Silvius‘c..xv1.
960 2484 1018 2518 De
1038 2481 1124 2520 statu

108 2529 278 2577 Europae,
305 2531 373 2564 &a

107 2577 175 2612 Sed
209 2577 349 2615 subinde
398 2576 530 2627 publica
575 2576 752 2616 neceffitas
802 2582 906 2617 etiam
944 2579 1123 2618 veiamen-

110 2638 185 2664 tum
206 2656 217 2671 ,
256 2632 293 2665 δ(
330 2640 495 2677 tanquam
541 2626 702 2677 siparium
727 2632 901 2673 avaritias,
937 2642 974 2666 ut
1000 2631 1121 2682 Agrip-

105 2679 194 2727 pinae
213 2706 225 2721 ,
270 2679 313 2715 de
344 2691 410 2728 qua
445 2683 487 2715 C.
515 2679 654 2715 Tacitus
692 2680 814 2717 Annali
841 2695 921 2718 x11.
960 2682 1117 2728 Cupido,

103 2728 211 2778 inquit
237 2758 249 2772 ,
292 2729 370 2765 astri
411 2729 576 2776 immensa
604 2728 774 2765 obtentum
812 2731 957 2767 habebat
976 2759 988 2773 ‚
1027 2731 1120 2780 quast

94 2778 282 2826 subsidium
333 2793 429 2826 regno
469 2788 652 2827 pararetur
681 2808 690 2821 ,
737 2783 806 2817 ἃς.
875 2778 1035 2818 Sim'iliter
1078 2782 1120 2818 de

104 2829 313 2869 Valentiano
360 2831 480 2867 Amm.
524 2828 718 2866 Marcellin..
745 2830 804 2867 lib.
843 2844 920 2870 xxx.
954 2833 1010 2867 De
1053 2831 1122 2869 aliis

109 2879 172 2916 alii.

106 2929 290 2967 Manubias
324 2943 427 2982 porro
455 2931 636 2969 Suetonius
669 2930 786 2974 dixit,
825 2931 1035 2981 (respiciens
1078 2932 1120 2969 ad

106 2980 243 3019 Caesaris
289 2995 546 3032 procuratorem
563 2981 604 3029 ,)
674 2981 889 3032 spoliationes
924 2997 934 3019 ι
986 2984 1120 3029 rapinas

104 3041 218 3069 autem
246 3033 289 3069 ad
321 3033 472 3071 honores
498 3036 535 3070 δε
564 3032 746 3069 sententias
778 3032 931 3071 venales.
992 3032 1119 3084 Vespa·

103 3078 212 3121 finnus
251 3096 487 3135 procuratores
532 3082 608 3121 suos
654 3095 820 3134 tanquam
863 3083 1020 3135 spongias
1060 3098 1114 3123 ex-

1079 165 1148 222 M
1186 172 1223 220 A
1263 183 1300 221 R
1340 184 1377 222 c
1415 186 1430 222 1
1475 185 1509 223 L
1552 189 1572 224 1
1614 188 1656 225 u
1698 187 1738 224 s.

124 254 210 295 tibus
226 253 272 292 ait
293 280 304 297 ,
341 252 376 290 se
393 232 511 292 ridere
532 253 793 305 magistratuum
817 254 907 297 furta
925 285 943 303 ,¹
978 257 1036 296 sed
1049 257 1141 297 diffi-
1191 261 1364 312 primenS,
1392 263 1439 300 eis
1459 263 1661 302 detrahebat
1677 264 1773 316 quasi
1801 266 1996 305 manubias.

2145 196 2171 249 3
2187 200 2209 234 Ι

2053 269 2212 321 Qtppe,

1191 323 1228 349 ut
1253 311 1301 349 est
1329 313 1363 349 in
1391 310 1546 353 Gloins:
1588 315 1790 361 Manum,
1826 320 1943 355 πῖλοι
1979 317 2051 355 ἀπὶ
2088 322 2213 369 ζώντων

1190 360 1430 410 ἀφαιρέμενοι,
1449 364 1484 401 id
1500 365 1570 410 est,
1581 365 1689 414 spolia
1707 366 1905 405 viventibus
1922 370 2087 406 detranat.
2106 384 2214 422 eaque

1191 411 1293 448 dere
1321 416 1435 451 Varro
1458 429 1541 454 v11.
1572 416 1617 453 de
1647 417 1748 467 Ling.
1789 421 1866 456 Lat.
1905 418 2058 457 Carisius
2096 420 2154 460 lib.
2184 437 2212 461 1.

1190 462 1314 501 Ascon.
1336 464 1372 501 in
1399 479 1411 502 1
1424 479 1476 503 11.
1497 468 1635 507 Verrin.
1654 467 1730 505 Alii.

1517 597 1548 631 C
1576 596 1607 633 A
1634 599 1671 636 P.
1728 601 1870 637 XVII.

1205 714 1215 723 ”
1241 708 1400 756 Explevit
1455 712 1585 760 censum
1620 715 1852 766 senatorum]
1920 719 2032 769 Aliqui
2074 719 2210 770 legunt:

1186 756 1347 812 {Sxplevit
1367 760 1714 808 censusnfhn.ztoriut7z
1732 797 1744 811 ,
1782 773 1851 806 Sec.
1908 769 2016 820 quue
2045 773 2214 821 accipiunt

1189 816 1263 847 ita,
1297 807 1394 864 quasi
1429 810 1504 859 post
1542 814 1732 868 Augustum
1780 818 2010 869 Vespasianus
2072 822 2212 860 censum

1188 854 1401 895 senatorium
1436 872 1572 898 auxerit.
1646 866 1710 901 Sed
1740 867 1820 903 nihil
1842 881 1861 904 a
1885 872 1960 914 Caii
1988 883 2107 908 mente
2134 873 2212 909 alie-

1189 906 1273 944 nius.
1332 911 1460 945 Narrat
1478 913 1582 956 Cajus
1609 914 1723 950 noster
1753 918 1950 967 Vespasiani
1985 920 2211 961 liberalitates.

1190 960 1278 994 Non
1313 958 1361 995 est
1397 972 1512 997 autem
1549 961 1730 1001 liberalitas
1758 979 1883 1015 aucgere
1910 969 2050 1008 censum
2080 973 2212 1012 senato-

1190 1009 1279 1045 rium
1309 1025 1318 1046 :
1350 1009 1407 1046 secl
1438 1011 1486 1048 est
1515 1010 1696 1051 liberalitas
1736 1009 1947 1055 senatoribus
1984 1022 2042 1069 qui
2077 1035 2209 1068 essent,

1190 1058 1341 1110 supplere
1381 1061 1476 1111 quod
1505 1062 1550 1098 ad
1594 1062 1734 1102 censum
1774 1068 1969 1119 legitimum
2007 1063 2129 1115 deesti,
2166 1088 2210 1111 ne

1190 1111 1311 1148 ordine
1339 1125 1546 1150 moveantur
1570 1125 1591 1149 a
1620 1116 1760 1154 censore
1783 1148 1794 1162 ‚
1839 1132 1896 1156 aut
1934 1132 2036 1170 cogat
2063 1134 2124 1159 eos
2153 1136 2214 1160 ne-

1190 1160 1322 1198 ceiiitas
1365 1162 1452 1199 ultro
1496 1163 1603 1201 latum
1652 1166 1791 1206 clavum
1838 1171 2024 1221 deponere.
2099 1173 2211 1224 Atque

1191 1209 1238 1247 sic
1275 1211 1331 1249 alii
1361 1227 1499 1263 quoque
1533 1214 1681 1265 plerique
1718 1220 1890 1270 Principes
1924 1219 2080 1259 munifici
2116 1224 2214 1261 sena-

1191 1262 1340 1306 toribus,
1367 1265 1504 1314 quinon
1524 1266 1599 1305 suo,
1629 1267 1685 1304 sed
1701 1267 1846 1307 fortunae
1866 1272 1949 1309 vitio
1967 1275 2108 1322 inopes,
2139 1274 2213 1315 sive

1192 1323 1228 1348 ut
1252 1316 1294 1350 C.
1319 1316 1457 1352 Tacitus
1487 1316 1634 1361 dixerit,
1673 1332 1812 1367 quorum
1846 1324 1986 1359 innoxia
2009 1332 2209 1372 paupertas,

1194 1364 1332 1400 censum
1367 1365 1594 1416 supplevere,
1643 1380 1677 1405 ut
1714 1371 1882 1420 Augustus
1918 1374 2009 1423 apud
2051 1375 2210 1416 Dionem

1193 1413 1250 1452 lib.
1278 1427 1357 1453 ΗΧ.
1396 1416 1469 1453 Kal
1502 1434 1580 1470 ⁷¹5¹„
1598 1420 1660 1455 τῶν
1691 1419 1869 1459 εὐῖιέντων
1894 1453 1906 1467 ,
1952 1423 2084 1466 ἐλάτἹω
2127 1427 2204 1465 τότε

1191 1464 1249 1509 μὲν
1287 1468 1350 1503 τῶν
1386 1465 1504 1511 δέκα,
1553 1471 1659 1510 obv-915
1697 1469 1735 1507 δὲ
1759 1475 1821 1509 τῶν
1867 1473 1964 1512 πέντε
2002 1475 2063 1511 καὶ
2101 1475 2209 1516 ἐἰκοσι

1191 1517 1395 1568 κεκτημένῳν
1417 1548 1429 1562 ‚
1468 1519 1657 1568 ἐχαρίσατο
1676 1550 1688 1564 ,
1727 1521 1799 1560 ὅσον
1819 1523 1931 1563 ἐνέδει.
1991 1531 2036 1562 Et
2066 1529 2212 1565 nonnul-

1189 1565 1230 1602 lis
1248 1568 1308 1616 qui
1336 1567 1458 1612 honesti
1467 1598 1480 1614 ,
1510 1583 1623 1607 minus
1644 1571 1805 1611 habentes
1830 1577 1867 1611 in
1885 1574 1997 1620 bonis,
2024 1590 2133 1626 quam
2151 1580 2210 1616 vel

1188 1626 1270 1673 tqmc
1298 1620 1407 1656 decem
1431 1650 1442 1664 ,
1478 1620 1536 1657 vel
1559 1621 1667 1669 postea
1685 1635 1723 1659 v.
1743 1623 1795 1667 Εἴ
1822 1638 1883 1662 xx.
1905 1629 2106 1675 myriadas,
2126 1642 2212 1678 gra-

1187 1667 1338 1715 tficatus
1356 1670 1397 1716 cst
1415 1699 1426 1713 ‚
1466 1671 1554 1721 quod
1582 1673 1627 1708 eis
1651 1674 1698 1709 affl
1717 1676 1826 1723 cenfics
1853 1676 2018 1722 senatorii
2028 1679 2207 1725 summam

1189 1718 1306 1755 deerat
1326 1749 1338 1764 ,
1369 1724 1439 1760 &c.
1497 1727 1588 1759 Tame
1608 1751 1619 1765 ,
1648 1724 1797 1775 intellige
1823 1738 1903 1763 ante
1931 1728 2137 1779 ampliatum
2160 1731 2206 1768 ab

1187 1769 1342 1820 Augusto
1374 1772 1543 1810 censum:
1574 1773 1684 1820 postea
1717 1789 1862 1820 autem,
1902 1778 1976 1827 post
2013 1779 2210 1830 ampliatio-

1188 1832 1283 1858 nem.
1342 1825 1395 1859 Sic
1421 1823 1616 1865 Hadrianus
1648 1828 1777 1877 Imper.
1828 1828 1916 1876 apud
1966 1831 2207 1879 Sparitanum:

1184 1873 1397 1910 senatoribus
1417 1902 1429 1916 ,
1468 1876 1527 1923 qni
1551 1888 1615 1911 non
1636 1877 1722 1912 vitio
1743 1879 1801 1925 fito
1834 1881 2054 1923 decoxerant,
2093 1884 2205 1928 patri-

1184 1925 1334 1959 monium
1352 1926 1527 1973 senatoris
1558 1925 1752 1973 prcffe,ss0nis
1781 1928 1928 1975 explevit
1951 1958 1962 1972 ‚
2008 1934 2045 1967 ὅ(
2064 1931 2218 1981 quidem-

1178 1980 1237 2018 pro
1258 1973 1441 2011 liberorum
1470 1975 1589 2019 modo,
1619 1980 1688 2015 δὶς.
1746 1979 1858 2028 Aliqui
1887 1981 1991 2017 etiam
2028 1980 2204 2032 pensioni-

1185 2022 1245 2060 bus
1263 2028 1299 2061 ὃ(
1317 2025 1438 2062 salariis
1466 2028 1581 2072 juvere
1597 2055 1607 2070 ,
1638 2038 1674 2064 ut
1707 2029 1866 2066 Tiberius
1887 2043 2086 2081 quanquam
2122 2046 2207 2083 prae·

1180 2072 1302 2123 frigide
1325 2104 1337 2119 ,
1372 2078 1523 2114 Suetonii
1548 2088 1583 2114 c.
1602 2089 1732 2115 xtvzi.
1760 2084 1801 2118 L.
1822 2084 1960 2117 Senecae
1997 2093 2033 2119 c,
2056 2097 2097 2121 v1
2110 2097 2139 2121 1.
2165 2087 2207 2121 δε

1180 2123 1342 2174 sequente
1365 2127 1421 2165 lib.
1448 2141 1502 2164 11.
1526 2126 1569 2163 de
1586 2126 1739 2166 Benefic.
1755 2134 1796 2169 C.
1808 2132 1919 2169 Tacit.
1940 2132 2063 2170 Annali
2088 2148 2140 2171 ιι.
2166 2138 2204 2171 &

1181 2177 1300 2221 Nero,
1330 2177 1386 2215 sed
1405 2176 1613 2228 impensius,
1643 2183 1780 2218 Sueton.
1801 2192 1835 2218 c.
1855 2195 1887 2219 x.

1181 2228 1260 2265 Nec
1292 2241 1378 2265 vero
1418 2228 1602 2267 senatorius
1637 2231 1753 2267 census
1780 2234 1896 2268 austus
1921 2233 2202 2283 avespafiano,

1180 2277 1238 2314 sed
1256 2278 1350 2316 idem
1371 2278 1432 2316 sub
1467 2279 1679 2329 Vespasiano
1698 2281 1758 2317 suit
1778 2311 1790 2325 ,
1828 2284 1884 2332 qui
1903 2293 2063 2332 tempore
2083 2286 2202 2335 Augu-

1180 2329 1243 2372 sti,
1273 2341 1316 2366 Hs
1345 2329 1528 2368 duodecies
1546 2360 1557 2374 ,
1587 2328 1656 2367 sive
1678 2332 1720 2367 ad
1741 2332 1833 2382 vulgi
1857 2331 2125 2372 aestimationem
2138 2327 2201 2374 au-

1178 2392 1320 2417 reorum
1358 2381 1465 2417 millia
1496 2395 1572 2418 xxx.
1614 2383 1713 2418 Patet
1749 2385 1864 2432 Satyra
1910 2384 2066 2426 Juvenal.
2100 2399 2198 2432 xiv,

1179 2443 1287 2479 quam
1315 2431 1374 2468 sub
1406 2431 1616 2481 Vespafiano
1643 2431 1826 2483 scriptam,
1856 2433 1982 2471 indicio
2015 2433 2064 2472 est
2096 2435 2199 2476 illud:

1289 2535 1365 2544 --
1381 2514 1482 2551 Lucri
1501 2513 1601 2552 bonus
1617 2513 1658 2560 est
1675 2515 1752 2550 odor
1773 2526 1815 2550 ex
1832 2527 1868 2551 re

1292 2564 1468 2612 Qalibet.

1177 2634 1306 2682 Tangit
1354 2633 1448 2668 enim
1505 2632 1652 2681 vestigal
1691 2633 1871 2676 Judaicum
1904 2647 1922 2669 e
1968 2631 2055 2671 lotio
2088 2661 2101 2678 ,
2153 2633 2204 2670 de

1175 2696 1244 2730 quo
1271 2680 1356 2718 iufra
1387 2694 1421 2719 c.
1442 2696 1571 2719 xx111.
1600 2687 1715 2733 Satyra
1741 2698 1825 2722 vero
1857 2683 1912 2720 illa
1941 2685 2058 2721 census
2096 2697 2200 2734 eque-

1175 2733 1241 2768 ster
1278 2733 1529 2782 quadringenta
1556 2731 1736 2781 sestertia,
1776 2737 1803 2772 is
1846 2747 1930 2775 vero
1957 2734 2076 2785 triplex
2103 2734 2203 2771 sena<-

1176 2784 1251 2819 tori.

1176 2838 1274 2869 Smne
1294 2862 1312 2877 ,A
1336 2834 1442 2883 inquit

1171 2893 1276 2930 genta
1299 2899 1308 2918 :
1679 2930 1685 2934 .

1177 2934 1344 2970 medei-ies
1363 2963 1375 2977 ,
1413 2946 1448 2971 ut
1474 2938 1509 2970 St
1537 2936 1691 2977 Juvenali
1723 2950 1731 2971 :

1176 2986 1273 3020 Nam
1312 2984 1399 3021 libro
1443 2997 1525 3021 [ιν.
1571 2998 1643 3020 non
1691 2985 1794 3021 semel
1824 3014 1835 3028 ‚
1882 2985 2020 3022 censum
2063 2986 2196 3023 senato-

1175 3035 1261 3071 rium
1290 3037 1427 3071 :ructum
1448 3033 1538 3072 fuiffe
1567 3037 1612 3071 ait
1642 3049 1674 3072 v.
1705 3039 1741 3072 δε
1769 3049 1821 3073 xx.
1854 3036 2035 3085 myriadas.
2095 3038 2203 3086 Atqui.

1176 3084 1241 3122 hoc
1270 3085 1317 3123 est
1340 3087 1442 3124 decies
1467 3115 1480 3131 ,
1525 3098 1561 3123 ut
1589 3085 1688 3124 tradit
1722 3085 1918 3125 Plutarchus
1951 3088 1986 3124 in
2022 3088 2188 3173 Αιιῐοιιὶίο,

2081 3139 2134 3180 jus
2153 3148 2204 3173 us÷

1469 2863 1489 2876 ,.
1517 2834 1598 2869 dms
1625 2836 1750 2882 equites
1767 2863 1779 2877 ‚
1811 2835 1874 2880 fac
1903 2835 2007 2871 tertia
2033 2837 2199 2885 quadrin-

1367 2887 1417 2921 Ac
1455 2885 1619 2919 Suetonio
1664 2884 1804 2926 quidem
1850 2883 2034 2921 senatorius
2079 2887 2198 2924 census

1783 2934 1840 2971 sed
1862 2936 1970 2971 Dioni
1996 2936 2043 2972 est
2076 2938 2201 2974 decies,
