2504 3425
444 166 1978 224 TxFLAv1usVEspas1Aan.
2190 170 2295 237 ⁶35*

182 263 375 326 junxisset
396 298 410 322 ,
444 264 593 310 ancilla
615 261 846 309 haberetur.
913 264 1041 307 Neve
1069 260 1255 307 filiorum
1287 258 1465 305 familias
1492 255 1797 304 feneratoribus
1826 256 2020 320 exigendi
2047 256 2190 304 crediti
2221 266 2283 316 jus

183 345 383 392 umquam
405 327 504 374 esset
531 343 540 371 ε
586 325 669 372 hoc
692 326 750 372 est
773 362 786 383 ‚
823 343 875 372 ne
900 325 991 388 post
1013 341 1172 388 patrum
1197 323 1368 386 quidem
1394 338 1585 368 mortem.
1656 322 1821 367 Ceteris
1844 322 1887 365 in
1918 320 2039 366 rebus
2060 320 2191 367 statim
2228 326 2278 369 ab

107 397 156 427 ¹2
179 394 302 439 initio
322 393 585 454 Principatus
615 389 744 455 usque
765 391 814 437 ad
839 392 1022 445 exitum,
1056 390 1191 435 civilis
1211 392 1253 432 &
1278 388 1474 433 clemens.
1536 385 1872 432 Mediocritatetn
1908 384 2117 445 pristinam
2139 402 2272 449 neque

175 456 443 503 diffimulavit
471 472 670 519 umquam
686 489 698 511 ,
735 471 782 501 ac
806 453 1048 515 frequenter
1074 455 1196 498 etiam
1220 467 1297 513 prae
1322 451 1359 496 se
1381 453 1489 496 tulit.
1555 452 1674 508 Quin
1691 454 1733 494 &
1758 465 1955 494 conantes
1978 448 2176 511 quosdam
2191 454 2274 496 ori--

167 523 314 584 ginem
337 521 468 566 Flavii
488 521 654 582 generis
674 519 724 564 ad
744 519 979 565 conditores
999 519 1222 570 Reatinos,
1259 517 1543 576 comitemque
1556 514 1775 567 Herculis,
1809 528 1922 570 cujus
1948 528 2272 561 monumentum

169 583 294 629 exstat
329 587 398 630 via
431 585 612 640 Salaria,
653 581 819 628 'referre
845 617 859 638 ,
915 581 1035 626 irrisit
1069 582 1189 624 ultro.
1260 577 1470 639 Adeoque
1506 576 1610 622 nihil
1645 591 1987 622 ornamentorum
2021 577 2273 623 extrinsecus

168 648 319 711 cupide
353 650 554 710 appetivit
579 683 593 704 ‚
642 661 687 693 ut
719 644 921 707 triumphi
953 644 1020 689 die
1054 643 1247 705 fatigatus
1280 641 1464 685 tarditate
1509 645 1552 686 &
1588 638 1938 701 taedio‘pornpae‚
1974 657 2061 685 non
2095 644 2276 697 reticii&

166 714 254 758 rit:
289 717 427 757 merito
449 717 494 774 se
516 712 643 778 pleffi
660 745 674 767 ,
717 714 785 773 qui
816 708 1052 774 triumphum
1072 742 1085 762 ,
1139 706 1244 769 quast
1279 717 1347 747 aut
1380 702 1552 748 debitum
1585 702 1796 768 majoribus
1820 706 1903 763 sitis
1923 739 1935 758 ‚
1982 718 2048 749 aut
2072 707 2270 767 speratum

166 793 355 838 umquam
377 775 478 837 fibi,
511 790 597 821 tam
627 780 750 840 inepte
773 774 895 834 senex
926 772 1157 837 concupisset.
1224 771 1293 813 Ac
1320 783 1372 810 ne
1401 766 1702 812 Tribuniciam
1724 767 1896 827 quidem
1922 766 2190 829 potestatem,
2227 776 2271 816 dc

167 843 298 887 Patris
319 842 456 904 patriae
480 839 804 902 appellationem
826 835 903 881 nisi
927 834 1017 880 sero
1044 833 1211 894 recepit.
1280 832 1398 876 Nam
1435 828 1781 874 consuetudinem
1814 829 2026 876 salutantes
2044 830 2272 888 scrutandi,

2073 912 2266 943 manente

1301 978 1356 1003 12.
1378 966 1576 1002 Conditores
1596 961 1793 1011 Reatinos.}
1822 965 1874 1001 Sic
1899 963 2021 1015 Virgil.
2037 964 2169 1004 lib.v11
2185 982 2212 1004 ι.

1355 1022 1387 1052 T
1382 1029 1443 1052 um
1458 1028 1520 1052 rex
1537 1015 1747 1057 Evandrus,
1775 1019 1927 1050 Romane
1945 1015 2094 1051 conditor
2111 1020 2210 1053 arcis.

1243 1067 1379 1103 condere
1405 1067 1500 1104 enim
1529 1079 1593 1117 pro
1620 1065 1748 1115 κτίζειν
1773 1064 1863 1114 apud
1902 1068 2060 1102 aristo-:es
2098 1064 2266 1116 fiequens,

1245 1119 1385 1202 Sffton.
1407 1118 1494 1167 Aug.
1515 1129 1588 1167 cap.
1600 1129 1684 1155 ch1
1698 1129 1709 1152 ι
1724 1129 1751 1153 ι.
1781 1113 1988 1163 Masgabam
2004 1145 2017 1160 ‚
2045 1115 2141 1166 quast
2161 1118 2272 1153 condi-

1244 1173 1278 1203 to
1297 1181 1350 1204 em
1366 1167 1495 1216 insula,
1522 1166 1640 1206 κτίς-ην
1659 1177 1782 1202 vocare
1797 1166 2024 1213 confiteverat.

1300 1224 1378 1255 Non
1398 1215 1606 1265 reticuerim]
1638 1220 1681 1254 In
1699 1216 1837 1266 optimo
1856 1215 1935 1253 cod.
1963 1229 2023 1252 nec
2032 1216 2214 1255 reticuerit.

164 978 263 1015 enim
284 976 468 1027 loquuntur
496 973 618 1025 optimi
638 970 763 1023 passim
782 972 953 1009 austores.
1011 969 1116 1007 Aliter
1144 980 1194 1005 ta-

165 1040 250 1065 men
269 1025 413 1078 Lipfius.

212 1085 554 1183 Recenfitosenatug
582 1093 859 1170 2555?th
888 1133 925 1168 δε
942 1129 1039 1168 Rob.
1071 1128 1186 1180 Steph.

158 1184 283 1233 recenfh
298 1184 435 1232 senatu.

215 1233 421 1272 Remaledici
445 1231 548 1272 civile
561 1231 688 1282 fafilue
703 1230 798 1280 effla]
830 1227 1037 1269 Gloffirium
1049 1232 1191 1267 Graeco-

167 1286 358 1324 Latinum:
386 1280 642 1331 Ἀντιλοῶορῶ,
663 1282 886 1320 Remaledico.
912 1283 1085 1319 Gnoxov.

221 1336 337 1372 Civile
353 1335 476 1384 fusique
489 1332 583 1381 effa}
613 1332 731 1369 Civile
749 1332 890 1375 dicitur,
914 1331 1008 1382 quod
1029 1332 1090 1378 juri
1107 1341 1191 1368 con-

162 1385 367 1424 sentaneum
386 1385 445 1424 est.
476 1396 535 1423 ut:
552 1383 668 1420 Civile
683 1384 746 1431 est,
771 1383 860 1433 quod
881 1395 904 1419 a
922 1393 954 1418 te
965 1382 1189 1430 adverfizrius

162 1448 241 1474 tuus
259 1436 362 1485 exigit
382 1464 393 1480 ,
420 1445 459 1472 ut
476 1437 526 1472 rei
543 1446 648 1482 quam
668 1434 759 1483 apud
775 1443 806 1469 te
820 1433 921 1482 fuisse
933 1433 1105 1478 fatearis,
1133 1446 1191 1468 ex-

162 1486 277 1524 hibeas
306 1486 532 1523 venditorem.
561 1496 645 1521 nam
674 1496 698 1519 a
726 1482 921 1531 transeunte
949 1482 1001 1527 Εἴ
1020 1483 1128 1532 ignoto
1157 1493 1190 1519 te

163 1536 271 1585 emiffi·
283 1564 296 1580 ,
325 1537 433 1574 dicere
448 1548 516 1573 non
537 1535 715 1578 convenit,
739 1533 870 1570 volenti
886 1533 1020 1570 evitare
1038 1532 1190 1570 alienam

162 1585 244 1623 bono
273 1586 350 1623 viro
365 1585 595 1635 suspicionem.
625 1584 646 1621 l.
673 1584 800 1622 Civile.
831 1587 874 1621 C.
897 1583 942 1620 de
963 1584 1080 1622 Furtis.
1119 1587 1191 1621 Cu-

153 1639 213 1686 jus
243 1637 352 1685 magis
369 1639 525 1685 gratiam
552 1634 702 1683 prestare
737 1647 841 1684 quam
879 1633 1067 1684 relinquere
1099 1636 1192 1682 apud

163 1687 344 1724 inimicum
361 1701 420 1735 Jus
441 1688 489 1722 ad
505 1686 542 1733 se
568 1685 772 1733 translatum
790 1685 885 1720 licere
907 1685 964 1727 ei,
1004 1684 1105 1722 civile
1133 1685 1186 1732 est.

160 1737 306 1774 Incivile
324 1747 442 1773 contra
455 1765 466 1780 ,
485 1737 639 1785 iniquum
654 1762 667 1777 ,
689 1734 837 1771 alienum
853 1747 872 1770 a
892 1737 973 1780 jure.
1007 1735 1125 1772 Celsus
1141 1749 1190 1772 ικ.

159 1788 244 1838 Dig.
282 1786 423 1822 Incivt'le
448 1787 490 1832 est
512 1784 574 1832 nifi
604 1794 678 1819 tota
700 1785 766 1832 lege
783 1785 952 1832 petspec'sa
971 1798 1042 1820 una
1069 1785 1190 1834 aliqua

151 1836 328 1886 particula
371 1837 439 1884 ejus
481 1832 649 1883 propofita
693 1834 852 1882 judicare
893 1833 951 1870 vel
986 1834 1188 1883 respondere.

161 1889 368 1926 Mune-sus,
941 1885 945 1891 ¹

486 1946 521 1980 T
546 1957 570 1981 ο
598 1956 625 1981 ιι
653 1957 680 1982 R
712 1955 734 1980 E
761 1955 786 1980 N
819 1955 856 1981 T.

213 2003 315 2034 Neve
323 1995 476 2044 filiorum
484 1994 607 2041 fiam]
656 1994 698 2033 Id
725 2006 864 2046 quoque
886 2005 965 2031 ante
985 1993 1188 2045 Vespasiani

161 2058 321 2097 tempora
340 2047 459 2096 saepius
479 2056 631 2082 cautum.
667 2058 752 2082 nam
770 2049 808 2083 ὅ(
832 2046 991 2082 Laetoriae
1018 2045 1100 2095 legis
1127 2046 1190 2081 cir-

162 2099 467 2147 cumscriptionem
491 2095 762 2133 adolescentium
789 2095 993 2135 vindicantis
1026 2096 1190 2133 meminit

162 2150 292 2187 Cicero
309 2148 367 2186 lib.
395 2161 472 2184 111.
509 2149 566 2196 Qe
587 2146 687 2184 offic.
719 2151 756 2184 ὅ(
778 2147 916 2183 Plautus
944 2145 1115 2183 Pseudolo
1141 2147 1190 2183 le-

162 2212 248 2249 gem
263 2201 406 2249 quinam
432 2198 644 2236 vicenariam
666 2208 931 2234 commemorat
949 2226 960 2240 ,
999 2211 1074 2247 quae
1093 2209 1188 2234 veta-

163 2261 216 2286 ret
231 2248 501 2286 adolescentibus
513 2250 699 2298 pecuniam
711 2248 782 2285 dari
798 2259 943 2290 mutuO,
970 2247 1015 2284 nb
1032 2248 1100 2297 ipsa
1123 2248 1136 2296 (
1151 2260 1187 2285 ut
1206 2263 1208 2282 z

163 2300 314 2350 opinor)
336 2309 454 2342 aerare,
483 2299 568 2334 intra
587 2311 695 2348 quam
711 2298 743 2335 id
763 2299 1018 2349 prohiberetur,
1050 2310 1069 2334 a
1085 2310 1185 2348 poeta

165 2348 214 2387 fic
232 2347 450 2400 appellatam.
507 2352 641 2385 Verum
670 2362 752 2385 cum
776 2349 820 2385 ab
839 2349 1013 2397 improbis
1032 2348 1186 2386 foenera—

164 2400 295 2437 toribus
313 2399 405 2448 leges
424 2396 659 2441 eluderentur,
685 2397 818 2435 necesse
836 2398 897 2435 fuit
922 2399 1048 2436 eadem
1076 2400 1118 2435 de
1148 2414 1183 2436 re

166 2459 288 2489 cavere
308 2449 435 2498 s'aepius.
460 2459 544 2484 nam
562 2449 794 2485 &Claudium
813 2448 926 2485 scribit
943 2451 1057 2486 Tacit.
1087 2450 1184 2486 initio

167 2503 242 2539 iibri
267 2515 319 2538 ιι.
349 2498 471 2536 Annal.
501 2496 575 2547 lege
593 2498 659 2534 lata
680 2498 843 2536 saevitiam
861 2498 1071 2535 creditorum
1091 2513 1186 2535 coer-

1298 1268 1455 1316 Consuet.
1477 1267 1671 1314 salutantes
1689 1264 1909 1315 scrutandi]
1956 1268 2049 1303 Hinc
2063 1267 2273 1314 scrutatores

1247 1318 1328 1356 disti
1346 1318 1470 1356 Claud.
1492 1330 1570 1367 cap.
1591 1330 1691 1355 xxxv.
1724 1329 1797 1354 non
1818 1317 1914 1353 enim
1934 1327 2066 1353 temere
2093 1319 2202 1367 quivis
2226 1319 2270 1356 ad

1246 1371 1339 1410 vii-”os
1376 1370 1545 1421 principes
1583 1368 1865 1404 admittebantur.
1924 1367 2027 1404 Unde
2056 1367 2271 1406 admistionis

1247 1418 1408 1457 officium
1437 1433 1523 1458 mox
1553 1430 1628 1468 cap.
1647 1431 1727 1456 x1v.
1784 1421 1827 1454 Et
1852 1416 2099 1454 admissionum
2129 1422 2272 1466 Traiani

1244 1468 1446 1508 facilitatem
1467 1469 1583 1507 laudat
1605 1468 1690 1506 Plin.
1731 1470 1901 1518 Panegyr.
1933 1469 1999 1505 Sed
2019 1472 2057 1506 ὃ(
2079 1469 2169 1520 apud
2200 1474 2274 1508 Vo-

1246 1521 1376 1571 piscum
1402 1521 1586 1558 Aureliano
1613 1521 1754 1556 citantur
1786 1519 1861 1555 libri
1887 1519 2039 1566 Accoleji
2071 1519 2270 1565 cujusdam,

1245 1572 1302 1622 qui
1322 1572 1482 1622 Magister
1509 1569 1758 1607 admistionum
1777 1569 1862 1607 illius
1879 1570 2046 1619 Principis
2063 1569 2183 1608 fuerat.
2222 1570 2268 1608 fic

1247 1624 1343 1659 enim
1370 1623 1490 1660 locum
1518 1621 1612 1658 illum
1642 1622 1793 1657 restituo.
1848 1622 1957 1667 Cujus
1994 1621 2168 1670 dignitatis
2195 1634 2274 1658 me-

1245 1673 1346 1710 minit
1372 1675 1476 1710 etiam
1502 1672 1682 1709 Ammian.
1728 1669 1945 1707 Marcellinus
1970 1671 2026 1709 lib.
2051 1685 2106 1709 xv.
2144 1674 2182 1708 δε
2202 1672 2271 1710 Ad-

1242 1723 1454 1761 miffionales
1474 1736 1535 1760 eos
1550 1724 1607 1772 qui
1623 1721 1828 1758 admittendi
1850 1723 1900 1767 jus
1915 1721 2091 1758 habebant
2112 1750 2124 1764 ,
2157 1722 2272 1772 appel.

1243 1773 1484 1824 latLamprid.
1508 1772 1718 1809 Alexandro.
1777 1774 1915 1808 Verum
1953 1772 2069 1821 (quod
2098 1771 2162 1809 huc
2193 1787 2273 1822 pro-

1246 1825 1320 1872 pius
1338 1824 1486 1874 spectat)
1520 1823 1695 1873 eleganter
1711 1820 1906 1858 admodum
1928 1821 2181 1872 Vespasianum
2199 1824 2270 1860 lau-

1245 1873 1303 1911 dat
1323 1875 1408 1912 Plin.
1429 1875 1487 1912 lib.
1505 1887 1589 1910 xxxi
1604 1887 1656 1910 11.
1680 1884 1755 1922 cap.
1779 1885 1790 1907 ι
1804 1886 1814 1907 ι
1830 1886 1857 1908 ι.
1889 1871 1983 1921 quod
2004 1872 2180 1920 :equaliter
2207 1887 2270 1923 pu-

1247 1923 1396 1961 blicabat
1413 1925 1627 1975 Principem,
1654 1935 1737 1959 cum
1755 1921 1888 1958 Claudii
1907 1920 2048 1957 Caesaris
2066 1921 2178 1959 liberti
2214 1924 2273 1960 ad-

1245 1975 1445 2012 miffionem
1464 1988 1527 2026 pro
1546 1974 1686 2011 arbitrio
1705 1972 1787 2008 dare
1805 1968 2076 2014 consuevissent,
2108 1972 2269 2022 permisso

1243 2025 1281 2062 iis
1298 2027 1420 2076 quibus
1439 2022 1625 2067 dedissent,
1648 2024 1752 2060 etiam
1765 2023 1929 2073 Principis
1939 2023 2130 2073 imaginem
2141 2024 2175 2060 in
2185 2036 2269 2062 anu-

1243 2076 1278 2112 lo
1297 2091 1427 2126 gerere.
1487 2075 1695 2124 Eodemque
1717 2073 1847 2123 spestat
1874 2076 2012 2110 Senecae
2040 2072 2136 2111 locus
2154 2073 2212 2111 lib.
2237 2090 2264 2112 1.

1243 2126 1286 2163 de
1306 2127 1505 2164 Clementia
1526 2137 1600 2174 cap.
1618 2138 1652 2162 x.
1682 2136 1762 2161 cum
1783 2124 1948 2160 cohortem
1964 2124 2117 2172 primam
2133 2124 2269 2160 interi-b-

1243 2178 1289 2213 ris
1309 2177 1509 2226 admzffionis
1526 2175 1677 2226 appellat
1696 2187 1756 2211 eos
1775 2173 1882 2224 ipsos,
1898 2175 1957 2224 qui
1976 2175 2127 2223 primum
2146 2175 2267 2213 amici-

1241 2227 1296 2264 tiae
1310 2227 1429 2265 locum
1446 2226 1539 2278 apud
1556 2228 1730 2276 Principes
1750 2224 1927 2261 tenebant.
1984 2225 2065 2271 Qua
2084 2223 2127 2259 de
2156 2238 2193 2260 re
2218 2224 2267 2261 la-

1241 2280 1305 2316 tius
1322 2279 1434 2316 multo
1450 2307 1461 2322 ,
1491 2289 1594 2327 atque
1612 2276 1759 2325 apertius
1776 2274 1872 2310 idem
1898 2277 2029 2312 Seneca
2054 2272 2112 2312 lib.
2138 2273 2182 2311 de
2201 2278 2264 2313 Be.

1239 2329 1377 2371 nefivl.
1395 2341 1635 2379 cap.xxx111.
1658 2330 1696 2363 δε
1717 2337 1842 2364 xxxiv.

1587 2418 1896 2453 VA¹R10R.

1298 2507 1353 2530 12.
1373 2494 1540 2528 Comitem
1560 2488 1748 2537 Herculis.]
1790 2486 2015 2525 Conabantur
2043 2488 2186 2538 quidam
2203 2492 2262 2541 qui

169 2550 267 2591 cniffe
284 2580 296 2595 ,
325 2563 369 2585 ne
388 2551 422 2585 in
439 2559 591 2585 mortem
610 2560 792 2598 parentum
807 2550 966 2598 pecunias
982 2548 1061 2586 filiis
1086 2549 1188 2585 fami-
1239 2544 1418 2593 antiquarii
1436 2540 1502 2578 ess!
1518 2540 1683 2578 volebant
1701 2568 1712 2582 ³
1754 2537 1966 2589 Vespasiano
1985 2538 2160 2577 adulantes
2182 2554 2263 2590 per-

166 2603 227 2640 lias
252 2600 382 2638 foenori
410 2599 538 2636 darent.
597 2602 685 2635 Eam
715 2599 814 2648 igitur
847 2598 964 2647 legem
992 2598 1188 2649 neglectam
1240 2591 1399 2636 suadere,
1430 2604 1512 2627 eum
1532 2604 1605 2626 non
1629 2588 1773 2628 tnmvili
1793 2601 1920 2638 genere
1934 2601 2172 2638 procreatum,
2200 2591 2259 2629 sed

166 2650 399 2702 Vespafianus
433 2649 616 2687 revocavit.
675 2651 801 2698 Neque
843 2640 884 2684 id'
914 2647 1046 2698 profuit.
1094 2649 1189 2685 aliter
1238 2642 1363 2679 ducere
1381 2655 1490 2692 gem-18
1509 2653 1529 2677 a
1547 2640 1702 2690 quodam
1723 2641 1852 2676 comite
1875 2638 2052 2682 Herculis,
2080 2642 2259 2691 quiReaie

165 2705 260 2741 enim
279 2703 340 2740 suo
358 2714 444 2738 mox
470 2712 631 2750 tempore
656 2697 817 2736 usitatum
838 2697 954 2743 fuisse,
976 2698 1188 2744 ostenditJu-
1239 2692 1414 2736 condidit,
1454 2692 1511 2728 Ubi
1530 2703 1626 2727 ΜΝΞ
1650 2702 1722 2727 erat
1737 2718 1748 2733 ι
1786 2702 1935 2738 eUfflqtlt‘ae
1954 2689 2096 2728 Flavum
2111 2691 2260 2744 appella-

165 2753 279 2796 venal.
306 2765 388 2790 cum
406 2753 453 2788 ait
471 2753 541 2787 Sat.
559 2764 568 2786 1
584 2765 595 2786 ι
609 2763 636 2786 ι.
1238 2754 1314 2780 tum
1333 2743 1508 2781 volebant.
1540 2743 1570 2785 J.
1589 2744 1753 2779 Lmsms.
2212 2747 2214 2749 ’

380 2825 394 2831 -
419 2825 434 2831 -
459 2824 474 2831 -
492 2801 602 2846 funus
615 2799 813 2848 promittere
824 2807 937 2848 patrts
1297 2796 1359 2831 Via
1393 2792 1564 2842 saturius]
1618 2794 1708 2840 Qiae
1741 2790 1852 2830 vicina
1881 2801 1953 2828 erat
1978 2800 2085 2840 portae
2114 2789 2257 2828 Collati-

279 2860 350 2891 Nec
372 2853 470 2895 volo,
495 2863 554 2886 nec
567 2851 702 2899 poffitm.
1242 2858 1294 2882 na:
1317 2874 1329 2888 ,
1352 2856 1419 2894 qua
1443 2844 1554 2881 ibatur
1580 2842 1623 2879 ad
1651 2841 1807 2879 Sabinos.
1843 2839 1935 2877 dista
1961 2852 2077 2877 aurem
2100 2840 2174 2878 haec
2201 2842 2258 2880 via

168 2909 284 2945 Lenes
311 2905 411 2954 igitur
437 2903 549 2939 bonas
576 2901 712 2950 semper
735 2900 989 2938 foeneratorum
1014 2902 1092 2939 vicit
1125 2902 1190 2939 im-
1243 2896 1289 2934 sic
1306 2896 1392 2939 suit,
1422 2893 1517 2944 quod
1539 2893 1701 2943 perhanc
1720 2890 1765 2928 sal
1780 2889 1823 2928 ad
1848 2890 1994 2929 Sabinos
2008 2889 2255 2931 transferretur.

171 2939 342 3008 prozitas,
373 2964 410 2990 ut
429 2953 472 2990 de
490 2949 624 2989 Fufidio
651 2951 708 2988 illo
730 2952 788 2988 suo
808 2952 866 2989 lib.
891 2966 918 2988 1.
948 2955 1016 2989 Sat.
1042 2966 1095 2990 ιι.
1125 2964 1190 2989 tra-
1245 2952 1359 2986 IDEM-

170 3009 218 3045 dit
236 3010 357 3044 Horat.
379 3008 417 3041 δε
437 3003 480 3040 de
500 3002 693 3040 Macedone
711 3003 791 3046 thi
814 3003 857 3039 ad
886 3005 918 3039 S.
947 3004 989 3039 C.
1021 3002 1190 3041 Macedo-

169 3058 332 3099 nianum,
355 3053 450 3105 quod
476 3065 550 3091 tam
561 3053 722 3141 ‹praeclari
749 3052 1019 3091 adolescentium
1045 3053 1191 3092 circum-

169 3108 336 3158 scriptoris
354 3118 487 3145 nomen
504 3103 559 3141 illu
590 3115 650 3141 rat.

1299 2995 1581 3043 Consuetudinem
1600 2992 1794 3042 salutantes
1804 2989 2027 3040 firutandi.]
2054 2993 2156 3028 Hunc
2177 2990 2264 3028 abo-

1247 3050 1326 3086 levit
1355 3061 1494 3085 moreni
1525 3042 1756 3094 Vespasianus
1774 3072 1786 3086 ‚
1815 3054 1922 3092 quem
1950 3039 2110 3078 Claudius
2139 3042 2266 3093 primus

1250 3099 1405 3141 instituit,
1439 3098 1490 3134 cui
1508 3097 1661 3134 maxime
1681 3092 1842 3180 favpllmt:
1868 3096 1905 3130 δε
1925 3093 2061 3130 merito.
2094 3103 2174 3130 nam
2203 3089 2263 3127 sub

1681 3148 1732 3183 Li
1804 3158 1822 3180 z
2219 3152 2265 3178 eo
