2504 3425
575 155 1726 212 PRAEFATIOCASAUBONI.
2132 182 2232 236 103

164 254 270 313 bus
285 248 523 324 praesidio
537 250 600 304 ad
616 270 727 305 eam
741 269 848 304 rem
863 248 1151 313 neceffariO,
1163 249 1340 320 abjeci.
1370 247 1527 302 Enim
1542 269 1663 304 vero
1679 261 1860 322 praeter
1873 265 2082 304 omnem
2098 252 2239 326 spem

161 326 359 398 experti
377 323 544 377 sumus
561 362 577 387 ,
600 327 746 396 quod
763 324 850 376 ille
863 326 955 384 ait,
989 359 1053 370 ---
1072 332 1181 388 πείςῃ
1197 327 1269 377 θὴν
1292 323 1431 371 πάντα
1443 336 1633 372 τελεῖται.
1665 323 1806 376 Nam
1823 324 1960 376 unde
1975 344 2238 397 nunquam

161 398 505 452 existimaram
523 436 536 459 ‚
564 398 750 452 affulsit
764 396 935 450 nostro
955 397 1074 449 huic
1090 395 1301 465 incepto
1319 393 1410 445 lux
1440 413 1450 444 :
1480 393 1546 445 de
1561 412 1669 464 quo
1684 415 1802 449 cum
1820 397 2146 452 clarissimum
2161 401 2238 453 vi-

162 490 273 526 rum
292 510 308 534 ,
352 471 639 544 Augustum
657 472 941 525 Thuanum
959 509 975 533 ,
1000 469 1145 540 super
1158 481 1333 519 caetera
1349 466 1534 518 decora
1550 468 1827 522 nostrarum
1846 489 2060 543 quoque
2073 472 2238 526 litera-

161 564 273 598 rum
288 563 457 597 amore
470 549 522 596 &
537 547 996 617 cognitionejuxta
1011 558 1255 612 magnum
1273 581 1283 598 ‚
1317 537 1636 609 scripsissem,
1659 544 1960 613 impetravit
1976 550 2015 597 is
2032 546 2159 599 mihi
2173 548 2237 600 ab

161 618 521 672 humanissimo
537 617 935 686 dostissimoque
953 617 1102 668 Petro
1122 612 1332 665 Pithoeo
1346 612 1597 664 auxilium
1615 615 1726 666 libri
1748 616 2073 688 manuscripti
2100 641 2110 672 :
2141 620 2236 691 qui

88 744 91 747 .
162 694 311 746 nobis
328 706 524 764 quanto
538 691 645 744 usui
662 690 815 743 fuerit
834 727 848 751 ,
890 689 985 735 οὶυτό
1002 693 1134 745 δείξει.
1215 682 1507 736 Adfuerunt
1524 704 1646 739 mox
1662 694 1710 740 ὃῑ
1728 690 1846 749 alia,
1890 705 1992 743 tam
2006 696 2236 764 expetita

160 766 356 837 semper
371 805 386 830 ‚
414 783 570 837 quam
587 764 832 835 insperata
847 762 935 814 diu
949 757 1286 813 adminicula:
1314 775 1534 826 quorum
1549 758 1637 811 suo
1655 761 1772 813 loco
1789 761 1923 816 facta
1935 783 1961 816 a
1975 766 2122 818 nobis
2141 765 2232 819 fin-

160 841 375 915 gulatim
390 838 586 891 mentio
601 838 685 889 est.
743 836 1000 888 Omnium
1016 848 1185 885 tamen
1203 830 1484 880 maximum
1503 867 1517 892 ,
1546 849 1606 881 ne
1622 835 1752 901 quid
1767 835 2095 899 dissimulem,
2113 837 2233 904 fuit,

160 913 309 985 quod
325 911 417 984 ipsi
433 910 581 962 nobis
596 910 714 961 oleo
729 912 780 959 &
793 925 949 976 opera
965 905 1130 956 nostra
1145 902 1461 973 paravimus:
1491 902 1617 954 dum
1634 906 1771 956 enim
1788 906 1980 978 singula
1999 912 2232 966 Suetonii

159 1004 282 1039 cum
305 986 363 1038 iis
377 981 734 1037 contendimus
752 1017 766 1040 ,
805 996 919 1048 quae
936 977 1073 1048 apud
1089 991 1295 1027 caeteros
1312 973 1495 1044 scripta
1510 973 1750 1046 leguntur
1764 1015 1778 1040 ‚
1803 981 1976 1032 multis
1994 1020 2008 1043 ,
2035 983 2123 1035 nisi
2137 984 2232 1038 fal-

157 1061 310 1113 limur
322 1095 338 1120 ,
377 1056 506 1109 locis
521 1054 688 1106 lucem
707 1050 923 1104 fecimus
940 1087 956 1112 ,
982 1067 1138 1120 quam
1154 1049 1344 1120 priores
1360 1047 1652 1118 interpretes
1669 1068 1770 1102 non
1787 1049 2025 1106 fecerant.
2067 1058 2233 1126 Qiod

158 1151 263 1186 non
278 1151 341 1185 eo
354 1130 496 1192 dico,
512 1141 571 1180 ut
585 1123 994 1179 doctissimorum
1013 1122 1284 1174 hominum
1301 1120 1535 1172 laudibus
1549 1121 1857 1177 obtrectem:
1896 1126 2233 1196 praestiterunt

155 1206 264 1268 alii,
275 1217 528 1276 quantum
543 1215 775 1272 tempora
791 1194 1132 1269 permiserunt:
1148 1195 1253 1256 alii,
1268 1207 1517 1264 quantum
1530 1211 1620 1265 per
1631 1194 1822 1248 diversa
1837 1196 1999 1251 studia
2012 1205 2062 1252 ὃς
2075 1221 2231 1255 occu-

156 1280 394 1354 pationes
409 1276 584 1330 licuit:
613 1288 790 1325 omnes
807 1308 822 1333 ,
847 1284 1105 1340 quantum
1121 1281 1399 1340 potuerunt
1417 1290 1426 1321 :
1456 1285 1566 1337 quo
1584 1269 1740 1337 majus
1754 1270 1956 1339 aliquid
1972 1274 2105 1326 velle
2119 1277 2229 1328 exi-

155 1373 291 1428 gere,
306 1369 418 1424 pars
431 1346 706 1419 injustitiae.
734 1343 864 1396 Non
882 1340 1061 1395 vidiffe
1076 1359 1162 1394 eos
1175 1341 1369 1404 omnia,
1387 1339 1525 1393 haud
1537 1339 1761 1410 ipsorum
1779 1343 1948 1415 culpa,
1966 1345 2047 1399 sed
2064 1345 2230 1402 fatum

158 1433 211 1482 δε
238 1429 323 1480 lex
354 1425 585 1478 humanae
614 1432 800 1471 naturae
829 1416 914 1469 est.
992 1418 1165 1486 Quare
1178 1431 1346 1484 neque
1362 1414 1436 1466 illi
1451 1413 1534 1466 sua
1549 1413 1696 1466 laude
1711 1412 1981 1470 fraudandi
1999 1456 2013 1480 ‚
2055 1438 2229 1492 neque

157 1502 327 1560 nobi5‚
341 1511 427 1550 aut
443 1497 505 1549 iis
520 1494 613 1565 qui
628 1509 718 1545 nos
734 1509 889 1562 porro
905 1488 1174 1559 sequentur
1189 1525 1203 1548 ‚
1217 1487 1383 1539 aditus
1398 1488 1460 1540 ad
1475 1486 1685 1538 eandem
1700 1489 1920 1558 palmam
1937 1492 2117 1545 debuit
2132 1493 2231 1550 esse

158 1569 447 1648 praeclusus,
494 1568 629 1621 Laus
640 1564 702 1636 est
706 1560 890 1638 publica
906 1605 917 1623 ‚
962 1562 1134 1632 inquit
1147 1560 1248 1613 ille.
1292 1562 1459 1631 Atqui
1478 1559 1683 1612 fuerunt
1700 1598 1713 1622 ‚
1741 1564 1834 1633 qui
1850 1581 1953 1616 rem
1969 1583 2051 1618 me
2065 1563 2228 1619 faetu-

156 1666 270 1701 rum
285 1646 510 1698 dicerent
528 1641 746 1692 Laevino
759 1633 1044 1688 Torrentio
1057 1634 1172 1687 viro
1189 1632 1460 1685 clariffimo
1475 1651 1654 1704 parum
1669 1649 1874 1705 gratam,
1892 1638 2037 1706 quod
2054 1638 2105 1690 in
2120 1641 2226 1710 ejus

158 1718 385 1779 messem,
399 1730 457 1767 ut
467 1714 667 1781 aiebant
685 1749 698 1772 ,
720 1708 903 1762 falcem
920 1709 1193 1779 injicerem.
1247 1705 1363 1778 Ego
1379 1725 1499 1758 vero
1514 1704 1620 1758 falli
1639 1724 1723 1758 eos
1736 1708 2018 1778 persuasum
2034 1710 2197 1765 habeo
2213 1732 2226 1766 t

156 1799 210 1847 ὃ(
223 1808 390 1863 neque
402 1787 614 1861 genium
633 1782 916 1835 nostrorum
932 1781 1252 1851 scriptorum,
1272 1797 1439 1849 neque
1456 1797 1619 1831 mores
1632 1783 1762 1832 tanti
1778 1782 1872 1834 viri
1887 1781 2023 1835 nosse
2038 1805 2047 1835 :
2065 1802 2225 1854 quem

156 1884 222 1919 ex
237 1865 297 1918 iis
309 1881 425 1934 quae
441 1858 609 1912 adhuc
622 1856 790 1908 edidit
808 1893 822 1917 ,
838 1856 1074 1907 novimus
1089 1871 1193 1904 non
1209 1851 1376 1904 minus
1390 1852 1593 1904 candidi
1611 1853 1828 1921 pectoris
1842 1872 1995 1925 quam
2012 1855 2226 1909 doctum

157 1944 209 1993 &t
223 1937 498 1992 eruditum.
555 1928 816 2001 Equidem
833 1945 935 1979 non
952 1942 1054 1979 tam
1071 1925 1218 1996 hujus
1223 1924 1479 1995 judicium
1498 1923 1777 1979 reformido
1792 1963 1808 1989 ,
1836 1945 1989 1997 quam
2006 1928 2225 1983 aliorum

158 2009 486 2084 quorundam
498 2005 690 2075 jejunas
702 1999 943 2072 exspecto
959 1999 1184 2071 querelas
1199 2035 1214 2060 ,
1254 1998 1400 2069 quod
1415 1999 1566 2050 toties
1582 1997 1724 2050 velut
1737 2017 1765 2051 e
1780 2001 1863 2052 via
1880 2001 1928 2052 in
1945 2001 2223 2055 diverticu-

156 2086 268 2139 lum
286 2124 300 2149 ,
338 2082 403 2136 ad
429 2095 586 2152 opem
616 2073 871 2128 ferendam
889 2073 999 2126 aliis
1012 2071 1343 2142 scriptoribus
1356 2110 1372 2135 ,
1412 2070 1606 2123 Graecis
1620 2074 1843 2125 maxime
1858 2111 1872 2136 ,
1911 2071 2221 2127 excefferim,

217 2176 309 2211 uos
323 2172 489 2210 tamen
506 2152 626 2205 scire
642 2148 881 2202 volumus
892 2185 909 2210 ,
949 2144 983 2198 si
996 2145 1165 2198 studio
1180 2142 1373 2197 factum
1391 2144 1492 2196 hoc
1506 2163 1531 2195 a
1550 2144 1694 2196 nobis
1707 2144 1826 2197 esset
1840 2185 1854 2204 ,
1900 2145 2116 2217 potuiffe
2132 2165 2224 2200 nos

157 2229 307 2283 facile
329 2229 413 2281 vel
439 2227 650 2279 alterum
679 2234 876 2274 tantum
892 2218 1301 2273 observationum
1318 2259 1330 2279 ‚
1372 2231 1458 2269 aut
1471 2235 1532 2267 eo
1546 2218 1761 2288 amplius
1774 2218 1990 2287 adjicere
2016 2240 2026 2271 ς
2067 2234 2223 2289 atque

155 2303 284 2355 adeo
299 2299 431 2352 nihil
444 2298 656 2369 propius
669 2293 860 2347 fattum
874 2328 890 2353 ‚
929 2310 1085 2362 quam
1100 2304 1155 2341 ut
1167 2290 1472 2342 adderentur
1483 2293 1533 2341 ὅτ
1551 2289 1653 2341 illa.
1733 2290 1789 2342 N
1797 2309 1875 2341 am
1893 2310 1980 2342 cur
1995 2291 2219 2344 oblatam

156 2377 285 2429 bene
307 2370 533 2426 merendi
559 2368 623 2419 de
647 2366 801 2418 literis
826 2362 1148 2417 occasionem
1163 2381 1266 2415 non
1283 2362 1521 2415 ambabus
1537 2363 1805 2432 arriperem
1841 2372 1857 2414 ?
1898 2378 2099 2434 tempus
2113 2378 2222 2416 tan-

156 2463 268 2502 tum
284 2451 335 2498 &
347 2445 514 2497 otium
530 2437 824 2492 defuerunt:
849 2437 1090 2508 pleraque
1104 2436 1244 2488 enim
1260 2433 1443 2488 horum
1457 2432 1544 2485 etfi
1560 2434 1798 2486 adnotata
1813 2435 2009 2506 pridem
2028 2436 2079 2487 in
2093 2435 2214 2488 litu-

156 2520 296 2574 rariis
310 2516 436 2571 meis
449 2556 464 2579 ,
500 2511 610 2566 casu
624 2523 791 2562 tamen
804 2509 1034 2579 quodam
1048 2507 1233 2578 scripta
1247 2509 1432 2578 raptim
1452 2544 1466 2568 ‚
1500 2505 1789 2559 brevissimo
1803 2522 2051 2578 tempore,
2071 2508 2220 2577 prelis

155 2592 450 2665 urgentibus
462 2581 785 2639 fuerunt.Sed
802 2581 1042 2634 nimirum
1058 2580 1254 2632 animos
1268 2593 1323 2631 tu
1341 2579 1559 2633 faciebas
1576 2579 1925 2639 nobiS,Praeses
1939 2580 2216 2632 clariffime.

156 2667 293 2719 Tuis
308 2661 540 2733 auspiciis
557 2655 852 2709 inchoatum
868 2691 883 2715 ,
922 2654 1022 2706 tuis
1035 2650 1438 2707 consummatum
1454 2650 1555 2703 hoc
1569 2651 1826 2722 quicquid
1839 2651 1926 2715 est,
1943 2653 2218 2724 qualecun-

157 2757 274 2810 que.
368 2735 451 2788 Ut
491 2730 710 2785 militem
733 2728 925 2778 animat
953 2727 1006 2776 in
1032 2724 1202 2795 praelia
1229 2726 1362 2798 regis
1385 2725 1556 2796 magni
1584 2723 1845 2795 praesentia
1875 2763 1891 2787 ,
1942 2725 2218 2796 redditque

157 2814 270 2861 οὶυτόν
283 2815 385 2857 dvi-i
395 2810 569 2872 κςείττωε
586 2802 656 2855 ita
672 2817 751 2852 me
765 2797 1045 2851 suaviss'ima
1058 2796 1134 2849 tui
1147 2798 1428 2851 recordatio
1440 2798 1727 2858 alacrem,&
1742 2796 1935 2868 semper
1949 2812 2216 2859 recentem,

155 2880 430 2954 Sperabam
447 2874 659 2947 quidem
673 2888 879 2925 tuorum
897 2873 945 2923 in
962 2887 1042 2922 me
1058 2869 1400 2923 maximorum
1417 2869 1714 2921 meritorum
1735 2907 1751 2931 ,
1791 2875 1841 2922 &
1870 2889 1994 2923 meac
2009 2870 2215 2923 summae

154 2955 207 3007 in
225 2969 275 3007 te
288 2948 615 3005 observantiae
629 2945 908 3016 Polybium
920 2943 1091 3014 potius
1104 2939 1212 2993 fore
1225 2943 1461 3014 apud'om
1469 2958 1552 2993 nes
1563 2941 1888 3012 interpretem
1898 2942 1997 2996 :sed
2011 2962 2127 2996 cum
2144 2943 2217 2995 ni-

157 3029 250 3082 mis
266 3023 408 3101 spiffe
421 3023 566 3078 variis
580 3018 644 3076 de
659 3017 970 3090 cauffiS‚quae
986 3033 1088 3068 non
1103 3028 1241 3067 erant
1251 3025 1322 3065 τῶν
1337 3023 1395 3065 ἐπ’
1408 3022 1507 3081 ἐμοὶ,
1521 3015 1817 3085 procederet
1831 3016 1887 3070 id
1903 3019 2074 3088 operis
2089 3038 2098 3069 ;
2115 3034 2218 3068 me-

2103 3105 2219 3141 mor
