2504 3425
297 199 399 252 818
579 198 1042 270 JoANle

294 314 298 315 γ
348 284 545 332 7.Μίἰιί“ἱ.]
584 288 667 322 Mss.
696 281 822 319 Meliti.
850 283 950 316 Forte
966 271 1092 324 scripsit
1108 270 1312 308 Suetonius:

294 335 403 371 veliti.

352 390 381 419 8.
411 390 463 419 No
479 384 526 418 ad
541 382 736 430 gestandum
754 380 902 429 quidem.
919 376 933 422 ]
973 378 1068 411 Cum
1086 371 1187 408 aliter
1207 383 1320 420 reper-

295 445 369 469 tum
394 432 432 469 fit
452 445 469 468 a
491 433 607 469 Fulvio
632 434 666 467 in
684 432 822 479 antiquo
853 427 971 464 codice
993 453 1003 467 ,
1039 422 1134 473 quod
1152 420 1322 478 desid-era-

297 482 380 520 bint
401 482 620 519 Casaubonus
649 485 685 518 &
698 480 899 517 Torrentius
913 507 925 522 ,
973 488 1030 513 cur
1046 474 1079 511 id
1097 486 1169 509 non
1185 484 1325 521 recipie-

298 548 375 570 mus
395 547 474 568 cum
497 533 654 569 Roberto
673 531 874 580 Stephano?

354 598 386 627 9.
417 582 566 629 Verstzmi
579 583 747 630 pecunias.
764 582 778 627 J
810 579 954 616 Nollem
973 572 1244 628 ptaestantiffimo
1255 575 1324 609 Ca-

299 634 453 671 saubono
474 632 663 681 suspectum
684 629 749 668 effe
774 631 809 666 τὸ
830 630 1000 679 pecunim.
1059 630 1141 662 Imo
1170 625 1324 672 versanti

293 685 449 732 pecunias
484 683 530 720 est
556 684 720 720 nonanti.
789 683 841 718 Sic
880 678 999 729 Virgil.
1035 676 1202 724 versemus
1234 687 1323 710 oves.

301 735 417 784 Eclog.
455 733 512 770 ult.
559 735 693 772 Servius
722 731 864 783 explicat
889 740 1100 767 exerceamus
1127 724 1179 768 ξδ’
1203 727 1327 761 traete-

300 797 386 821 mus.

362 849 413 873 10.
446 840 489 871 Et
516 833 674 882 adstante
692 832 794 869 nobili
809 832 945 879 puero.]
979 828 1123 876 Asta-ate
1139 824 1247 863 codex
1260 823 1331 862 Sal-

302 885 387 923 mas.
419 886 514 923 idem
535 900 551 922 e
564 886 723 934 proximu
744 883 878 919 Baliari
896 880 1019 930 insula.
1047 883 1084 916 δε
1104 890 1165 928 pro
1186 877 1329 919 deinde,

305 937 397 974 dein.

361 992 417 1024 Ac
435 984 677 1034 eprimeribus.
697 984 712 1032 ]
753 983 848 1023 Rob.
879 979 998 1031 Steph.
1023 983 1061 1017 δε
1078 977 1157 1016 cod.
1184 975 1331 1014 Salmas.

308 1047 348 1074 at
367 1035 607 1086 eprimoribus.

368 1102 420 1125 ιι.
451 1092 545 1122 Mors
568 1084 757 1132 Vindicis.]
795 1082 918 1119 Codex
938 1078 1079 1117 Salmas.
1109 1081 1146 1115 δ(
1165 1077 1228 1115 sec.
1256 1077 1328 1113 Pal.

307 1150 394 1174 mors
422 1140 460 1173 ui
481 1136 614 1172 indicis.
644 1136 773 1184 primus
792 1146 878 1169 mors
889 1132 946 1179 flul
967 1128 1125 1165 vindicis.
1162 1139 1199 1163 ut
1216 1126 1333 1165 videa-

307 1199 360 1224 tur
380 1184 634 1224 rescribendum
652 1198 732 1222 cum
750 1182 959 1220 Casaubono
984 1194 994 1216 ε
1028 1190 1118 1216 mors
1135 1175 1234 1224 Julii
1256 1178 1333 1212 Vin-

307 1238 405 1275 dicis.

1117 181 1605 235 GEoRG11

1344 268 1563 377 ’ἷῗῧοίῖῑυε
1579 318 1622 355 ad
1631 317 1763 354 Melam
1777 332 1788 354 ι
1815 320 1999 367 Praependet
2015 327 2107 355 meta
2124 330 2181 353 nec
2202 316 2266 353 tibi
2282 313 2390 350 barba

1366 383 1492 411 mmor.

1681 176 1733 230 G
1773 196 1809 231 R
1852 195 1903 232 AE
1942 194 1977 232 v
2013 195 2032 230 ι
2073 193 2099 230 1

1519 267 1733 319 Pythagoras
1750 269 1845 305 euim
1863 269 1923 306 fuit
1945 267 2052 307 barba
2075 262 2248 316 promiffa.
2294 262 2392 302 Male

1552 370 1675 406 Statim
1697 367 1792 404 idem
1805 369 1944 406 Salmas.
1974 368 2056 405 Pall.
2082 381 2144 404 nec
2162 380 2235 404 non
2257 365 2395 416 plurimi

1368 419 1444 463 alii,
1469 421 1558 456 inter
1576 431 1706 455 coenam
1728 431 1807 454 vero
1823 420 1924 468 usque
1943 420 2022 455 adeo
2044 418 2252 455 abundanti.
2306 417 2395 452 Gru-

1369 482 1461 507 terus
1484 470 1633 513 mallet,
1674 468 1901 504 abundanter.
1958 473 2034 518 Ego
2060 482 2145 507 vero
2171 468 2294 504 censeo
2320 465 2397 503 scri·-

1371 518 1467 571 pfiffe
1486 519 1747 571 Tranquillum,
1772 519 2005 562 abundantis,
2037 529 2074 555 ut
2093 518 2240 569 pendeat
2262 530 2281 555 a
2309 530 2399 568 prae-

1371 571 1516 609 cedente
1532 571 1596 608 cibi
1607 571 1750 619 plurimi
1768 570 1936 607 truditur.

1568 674 1659 719 IN
1727 643 2202 717 OTHONEM.

1432 781 1460 804 1.
1492 762 1862 811 Nonduminuhilem.]
1898 760 2039 799 Salinas.
2077 761 2225 799 Vixdum
2243 760 2403 800 nubilem„

1374 817 1499 868 Copesss
1528 816 1606 854 cod.
1635 815 1700 851 vix
1718 814 1876 851 nubilem.
2406 814 2409 817 ’

1431 882 1462 905 2.
1493 866 1640 904 Camillo
1654 867 1842 909 Arruntio,
1872 863 2022 900 Domitio
2040 862 2265 900 Ahenobarbo
2281 859 2400 909 Coss]

1374 919 1449 956 Sive
1468 919 1620 954 Suetonii
1644 929 1738 953 error
1755 913 1814 958 fit,
1844 913 1913 953 sive
1924 914 2158 957 librariorum,
2187 912 2407 950 scribendum

1376 968 1423 1005 est
1451 968 1598 1004 Camillo
1612 968 1714 1005 Furio
1726 995 1737 1010 ,
1765 977 1803 1003 ut
1820 969 1864 1002 V.
1879 968 1920 1003 C.
1942 964 2101 1001 Norisius
2112 965 2145 1000 in
2161 963 2301 1014 epistola
2310 966 2408 1000 Con-

1378 1019 1474 1055 sulari
1495 1018 1632 1061 docuit,
1660 1018 1738 1067 quia
1763 1015 1928 1052 Camillus
1954 1015 2195 1053 Scribonianus
2211 1027 2283 1050 non
2293 1012 2355 1050 fuit
2365 1026 2408 1051 ex

1377 1082 1480 1118 gente
1499 1070 1658 1106 Ari-untia
1676 1096 1687 1110 ,
1712 1066 1770 1103 sed
1790 1080 1831 1103 ex
1848 1067 1957 1103 Furia.
2015 1069 2098 1103 Hoc
2115 1066 2243 1115 probat
2252 1077 2293 1101 ex
2304 1063 2414 1101 Fastis>

1378 1120 1582 1168 Capitolinis
1601 1149 1614 1162 ,
1653 1120 1686 1154 in
1706 1117 1827 1167 quibus
1847 1130 1940 1153 anno
1957 1129 2027 1166 quo
2053 1115 2222 1165 Augustus
2239 1126 2310 1152 erat
2328 1116 2408 1151 Tri-

1379 1169 1515 1205 bunitiae
1526 1169 1700 1218 potestatis
1714 1179 1795 1203 xxx.
1823 1169 1957 1216 ponitur
1968 1166 2096 1204 Consul
2110 1169 2158 1205 M.
2180 1170 2243 1203 FU
2255 1168 2290 1203 R
2301 1168 2318 1202 1
2329 1168 2361 1201 U
2371 1167 2407 1202 S.

1380 1220 1417 1255 P.
1436 1222 1470 1255 F.
1503 1221 1540 1255 P.
1568 1221 1616 1255 N.
1651 1217 1840 1253 CAMIL
1855 1220 1896 1253 L.
1924 1220 2008 1253 ut&
2031 1230 2071 1254 ex
2088 1230 2261 1259 nummo,
2288 1217 2323 1252 in
2336 1228 2408 1265 quo

369 1301 421 1324 12.
448 1287 613 1323 Denarios
631 1279 818 1335 quinqua]
864 1280 1059 1317 Plutarchus
1077 1279 1195 1328 procul
1225 1278 1332 1316 dubio
1376 1270 1531 1305 triumvir
1561 1266 1746 1305 monetalis
1763 1267 1962 1303 nominatur
1977 1269 2025 1302 M.
2055 1269 2190 1303 FURI
2204 1270 2277 1304 US.
2304 1269 2342 1304 P.
2372 1268 2408 1305 F.

310 1338 364 1374 hic
382 1339 515 1375 erravit.
571 1338 672 1374 Aurei
695 1336 790 1372 enim
814 1331 943 1368 denarii
969 1332 1140 1367 Romanis
1159 1342 1258 1367 aetate
1277 1330 1332 1367 illa

1379 1323 1409 1355 C
1421 1323 1449 1356 A
1459 1323 1498 1356 Μ
1509 1323 1525 1357 Ι
1536 1322 1566 1356 L
1577 1322 1607 1355 L
1616 1322 1646 1354 U
1657 1320 1692 1354 S·
1747 1320 1850 1354 Hunc
1865 1317 1970 1353 credit
1987 1328 2119 1366 patrem
2133 1315 2205 1352 fuifl
2209 1329 2227 1352 e
2246 1315 2408 1360 Camilli,

308 1388 414 1431 nulli,
443 1401 478 1424 ut
501 1387 614 1425 multis
630 1381 888 1424 luculentiffime
908 1380 1053 1419 ostendit
1068 1382 1268 1421 Gronovius
1289 1381 1332 1418 de
1380 1373 1473 1415 culus
1494 1371 1547 1407 hic
1565 1367 1608 1406 fit
1626 1369 1784 1411 mentio,
1811 1369 1868 1418 (1¹¹3
1888 1368 2053 1404 nimirum
2071 1365 2216 1416 COllega
2230 1365 2407 1405 meliten·

267 1457 270 1459 “
308 1441 435 1476 Pecun.
465 1451 533 1477 vet.
564 1439 741 1476 lib.x111.
761 1448 859 1478 c.15.

369 1504 427 1544 ¹4:
449 1491 511 1526 Sed
528 1500 743 1539 nequaquam
761 1497 836 1522 tam
850 1492 953 1531 grata
973 1492 1072 1519 erant
1086 1494 1190 1531 quam
1218 1482 1334 1530 invzja
1359 1463 1362 1536 J

308 1553 375 1589 qua
397 1548 490 1585 secus
510 1539 672 1588 fierent.j
728 1541 781 1574 Ita
804 1534 874 1571 fere
898 1533 992 1570 solet.
1052 1536 1146 1570 Vere
1166 1533 1333 1570 Tacitus:

308 1592 389 1626 Invi
404 1590 533 1638 asemel
553 1592 706 1638 Principe
730 1617 742 1632 ,
778 1585 840 1636 seu
861 1584 941 1622 bene
955 1584 1019 1633 ss’u
1037 1583 1128 1620 male
1140 1583 1246 1629 fabia
1257 1592 1334 1632 pre-

306 1651 421 1678 munt.

361 1690 453 1737 Jum
467 1691 592 1739 summi
608 1689 761 1740 equestris
773 1687 942 1738 gradem]
977 1689 1115 1724 Omnes
1134 1684 1277 1722 Palatini
1296 1689 1332 1724 ὃς

311 1742 451 1779 Salmas.
489 1756 553 1779 nec
572 1755 643 1778 non
662 1740 812 1779 Roberti
825 1740 987 1788 Stephani
1007 1736 1087 1774 edit.
1109 1749 1185 1785 jum
1196 1736 1336 1784 summa

309 1793 462 1840 equestris
475 1794 614 1841 gradus.
638 1791 728 1828 forte
747 1789 874 1840 scripsit
891 1790 1094 1826 Suetonius:
1119 1787 1194 1833 jam
1198 1786 1334 1834 summa

306 1842 458 1890 equestris
476 1843 653 1890 dignitatis
663 1842 882 1878 candidatus.
914 1851 950 1876 ut
958 1839 1086 1888 gradus
1111 1835 1152 1873 fit
1173 1837 1335 1886 interpre-

308 1892 394 1928 tatio
411 1894 458 1929 τέ
480 1892 660 1941 dignitatis
677 1921 690 1936 ,
735 1904 812 1941 quae
835 1889 953 1941 postea
975 1891 1012 1926 in
1037 1898 1241 1925 contextum
1260 1898 1335 1924 tum

310 1944 375 1979 irre
404 1942 454 1979 fit.

366 1956 482 2042 alitque
503 1994 592 2030 illius
616 1993 734 2029 atatis.
757 1991 773 2037 ]
822 1990 963 2028 Salmas.
1004 1993 1042 2027 ὅ(
1070 1989 1205 2039 Copest
1232 1997 1335 2039 utque

302 2045 395 2083 illua!
413 2046 531 2081 atatis.
589 2044 641 2080 Sic
665 2047 702 2080 δι
724 2042 803 2079 alibi
822 2041 972 2090 loquitur
992 2042 1179 2078 Suetonius.

375 2108 425 2139 15.
457 2097 567 2131 Pretio
588 2091 758 2142 adipisci]
802 2093 929 2128 Nescio
957 2091 1047 2127 unde
1080 2092 1146 2128 hoc
1176 2091 1336 2140 adipisci,

294 2145 295 2149 ’
311 2157 393 2182 cum
410 2145 487 2182 cod.
530 2143 669 2182 Salmas.
706 2143 838 2193 optime
859 2141 964 2190 pretio
983 2142 1098 2177 addici
1115 2167 1127 2184 ,
1174 2141 1241 2178 hoc
1259 2141 1306 2178 est
1321 2171 1333 2185 ,

310 2195 423 2234 vendi.
481 2199 523 2232 Et
545 2194 591 2231 sic
612 2207 750 2245 quoque
772 2192 939 2229 editiones
969 2204 1042 2227 non
1061 2191 1169 2228 nullae.
1210 2192 1335 2242 Copes.

311 2245 390 2282 cod.
429 2257 587 2295 corrupte
601 2245 706 2293 pretio
723 2244 841 2292 adjici.
877 2241 998 2279 itidem
1015 2241 1110 2279 Rob.
1139 2242 1340 2292 Steph.edi-

313 2298 360 2334 tio
379 2297 472 2333 male
485 2297 590 2344 pretio
615 2295 751 2332 adduci.

374 2353 426 2383 18.
455 2346 679 2394 Spiculator.]
713 2344 806 2382 Cod.
835 2342 940 2381 Salm·
963 2341 1148 2391 speculator
1169 2354 1203 2379 ut
1228 2341 1339 2392 supra.

365 2399 501 2444 Excepit
518 2406 610 2433 terra
627 2397 809 2443 tremam]
860 2392 967 2430 Nihili
1010 2393 1083 2429 haec
1126 2391 1172 2428 est
1217 2393 1332 2430 lenio.

314 2445 482 2496 Rescripsi
502 2460 543 2484 ex
565 2445 779 2484 Salmasiano
797 2474 809 2489 ,
849 2448 887 2482 δε
910 2456 976 2481 ora
994 2441 1308 2480 Corsendoncensis
1325 2472 1337 2487 ,

308 2507 402 2535 terra
417 2508 557 2540 tremor,
600 2509 634 2534 ut
658 2496 859 2534 Torrentius
882 2495 956 2532 sola
993 2495 1192 2538 coniectura
1216 2492 1338 2531 ductus

318 2547 579 2588 emendandum
596 2547 696 2591 vidit,
729 2546 937 2584 adsentiente
960 2543 1188 2581 Casaubono.

313 2647 326 2684 l
369 2598 478 2634 Pullos
496 2598 670 2648 evolaffi.]
700 2598 823 2636 Melius
845 2593 1074 2635 Salmasianus
1092 2599 1107 2639 ,'
1122 2593 1233 2643 pullos
1257 2606 1341 2630 avo-

329 2649 399 2693 affe.

373 2711 425 2734 20.
447 2701 723 2736 Germanicorum
733 2695 989 2744 vacillatione]
1013 2693 1250 2734 Cod.Salmas.
1263 2699 1343 2730 Ger-

315 2751 537 2831 manflclmrflm
572 2749 801 2788 vexillatione.
860 2747 989 2799 Copes.
1050 2745 1342 2784 Germanitiorum

318 2807 403 2830 UCXl
432 2808 553 2836 allone.

376 2858 431 2882 21.
469 2852 676 2887 Excreverat
701 2851 737 2887 in
761 2850 877 2886 dextro
895 2848 999 2886 latere
1017 2848 1082 2896 ejus
1098 2844 1213 2894 cara]
1243 2847 1345 2882 Non-
1393 2855 1457 2892 quo
1474 2840 1602 2879 cudere.

310 2893 399 2930 mulli
418 2896 573 2941 codices,
604 2900 734 2946 gibbus.
762 2900 843 2937 dein
870 2899 1011 2937 Salmas.
1045 2898 1142 2936 Rob.
1170 2895 1283 2947 Steph·
1306 2899 1345 2934 &

318 2943 434 2991 plures
452 2945 525 2988 alii,
548 2949 845 2998 praependebatque.
903 2948 1091 2986 Martialis:

430 2997 610 3040 Praependet
628 2999 744 3034 Samia
758 3012 814 3035 nec
836 2998 898 3034 tibi
918 2999 1024 3035 barba
1040 3001 1163 3036 minor.

1360 1422 1539 1459 ¹Domitio
1571 1420 1607 1458 in
1629 1418 1802 1456 consulatu
1831 1418 2018 1455 ordinario.

2073 1419 2154 1464 Ejus
2172 1429 2311 1468 quoque
2331 1430 2410 1454 me·

1379 1472 1514 1510 minisse
1532 1471 1737 1510 Suetonium
1756 1470 1791 1506 in
1808 1469 1956 1507 Claudio
1975 1480 2049 1518 cap.
2068 1483 2119 1512 ¹3·
2155 1468 2287 1504 Bellum
2303 1467 2407 1505 civile
2452 1471 2456 1473 ’

1377 1525 1490 1560 movit
1510 1523 1632 1560 Furius
1650 1520 1818 1557 Camillus
1847 1518 2081 1556 Scribonianus
2106 1517 2291 1554 Dalmatia
2318 1517 2407 1567 lega·

1377 1584 1444 1612 tus.
1500 1578 1549 1612 Ex
1575 1573 1627 1610 his
1657 1571 1823 1608 omnibus
1850 1570 2016 1619 colligitur
2036 1567 2127 1606 male
2145 1569 2320 1605 nominari
2343 1570 2408 1606 Ar·

1378 1625 1540 1663 runtium.
1599 1622 1686 1661 Mihi
1704 1621 1784 1659 sane
1799 1622 1990 1659 scribarum
2013 1619 2146 1658 videtur
2164 1616 2229 1656 effe
2243 1618 2352 1669 culpa.

1433 1675 1583 1714 Domitio
1599 1672 1801 1711 AEnobarbo.
1820 1675 1837 1722 J
1884 1675 1967 1711 Mss.
2006 1669 2246 1709 Ahenobarbo.
2288 1671 2404 1717 reste,

1377 1739 1414 1764 ut
1429 1726 1528 1778 supra
1546 1725 1770 1764 ostendimus.

1434 1778 1493 1814 Vel
1502 1776 1755 1825 potulentum]
1802 1778 1894 1813 Haec
1912 1788 1984 1815 vox
2013 1776 2048 1812 in
2068 1774 2133 1812 hac
2153 1770 2405 1823 significatione

1378 1827 1567 1879 nusquam,
1594 1827 1621 1864 si
1645 1829 1737 1864 reete
1757 1827 1932 1870 memini,
1961 1826 2091 1878 legitur.
2131 1824 2253 1862 Codex
2271 1823 2405 1860 Salma-

1380 1877 1417 1914 sii
1434 1887 1515 1927 potu
1533 1878 1661 1915 lentum
1679 1907 1691 1921 ,
1729 1878 1796 1915 hoc
1813 1877 1859 1914 est
1873 1906 1885 1921 ,
1913 1879 2007 1923 cujus
2025 1876 2129 1927 pedes
2145 1876 2267 1914 vinum
2292 1885 2408 1925 capta-

1377 1930 1445 1972 vit,
1471 1941 1507 1966 ut
1526 1929 1661 1965 Plautus
1679 1930 1829 1974 jocatur,
1861 1929 1917 1976 qui
1936 1941 1998 1976 per
2021 1927 2226 1965 ebrietatem
2246 1925 2336 1962 lente
2354 1926 2407 1962 in·

1378 1980 1479 2017 cedit.
1499 1978 1587 2016 forte
1605 1978 1794 2028 legendum
1809 2006 1820 2020 ‚
1845 1977 2083 2014 temulentum.

1431 2033 1511 2079 Qo
1527 2028 1692 2076 efficacius
1711 2028 1868 2073 coleret-J
1903 2029 1982 2063 Hoc
2001 2025 2069 2070 est,
2098 2026 2198 2063 omni
2214 2023 2323 2062 officii
2340 2039 2406 2076 ge-

1378 2094 1462 2118 nere
1481 2080 1752 2132 prosequeretur.
1809 2076 1955 2116 Ovidius
1974 2076 2156 2114 discrimen
2170 2090 2307 2127 quoque
2317 2078 2407 2114 inter

1378 2131 1545 2169 cultorem
1569 2134 1606 2168 ὃ(
1623 2141 1820 2167 amatorem
1839 2126 2008 2164 ostenditt

1492 2181 1565 2231 Qi
1574 2182 1696 2228 fuerat
1714 2181 1818 2217 cultor
1830 2208 1842 2223 ,
1859 2179 1977 2225 fabius
1994 2188 2129 2214 amator
2145 2186 2235 2214 eran.

1434 2247 1468 2277 4.
1498 2238 1664 2280 Magnum
1683 2232 1818 2280 quidem
1837 2241 1879 2265 ex
1897 2225 2083 2265 conditione
2099 2237 2293 2276 temporum.
2310 2228 2411 2274 ]De-

1381 2283 1447 2320 levi
1467 2284 1629 2333 copulam
1647 2281 1779 2318 secutus
1797 2293 1879 2318 cum
1895 2281 2043 2316 Grutero
2061 2278 2235 2316 Torrentii
2246 2278 2410 2317 codicum

1381 2337 1419 2371 «Sc
1440 2334 1581 2371 Palatini
1606 2333 1708 2383 primi
1730 2331 1938 2381 scripturam.
1968 2329 2075 2378 vulgo
2096 2329 2188 2366 male
2203 2357 2215 2372 ‚
2244 2342 2406 2378 magnam

1383 2385 1519 2434 quidem
1536 2383 1589 2428 ξς
1614 2395 1654 2421 ex
1669 2383 1855 2419 conditione
1877 2388 2074 2427 temporum.
2131 2377 2283 2417 Occasio
2292 2391 2415 2418 autent

1386 2447 1589 2485 temporum
1606 2434 1679 2472 haec
1705 2444 1795 2476 erat,
1827 2432 1920 2482 quod
1939 2430 2138 2480 imperatrix
2156 2430 2306 2473 domus,
2337 2429 2414 2469 five

1386 2485 1517 2523 familia
1533 2485 1708 2523 Caesarum
1730 2484 1886 2521 radicitus
1911 2479 2136 2518 intercidiflet.

1440 2537 1565 2573 Alium
1595 2536 1669 2572 alia
1695 2536 1759 2572 via
1786 2531 1973 2580 militum]
2029 2533 2177 2580 Optime
2207 2529 2411 2579 Theologus

1388 2585 1598 2625 dostiffimus
1613 2590 1651 2624 &
1671 2583 1954 2629 σ-εέοιτμιώτσιτος
1983 2582 2024 2619 A.
2043 2582 2241 2618 Perizonius
2262 2582 2411 2625 conjecit

1386 2638 1574 2688 legendum
1594 2635 1679 2674 effe:
1709 2636 1819 2672 alium
1832 2635 1904 2671 alia
1922 2636 1984 2669 viu
2005 2631 2149 2669 militem
2167 2628 2430 2670 demerebaturs

1389 2689 1483 2739 quod
1499 2692 1537 2727 P.
1558 2688 1713 2726 Scriverii
1732 2686 1837 2723 editio
1864 2681 2063 2721 confirmat.

1452 2754 1480 2786 5.
1513 2739 1572 2776 Ab
1593 2738 1678 2785 hoste
1700 2739 1737 2774 in
1752 2739 1821 2773 acie
1846 2764 1857 2780 ,
1900 2748 1950 2771 an
1967 2735 2004 2771 in
2015 2733 2091 2779 soro
2108 2731 2173 2780 sub
2199 2731 2413 2767 creditoribus

1392 2790 1566 2838 caderet.]
1609 2792 1697 2826 Non
1713 2787 1853 2838 vulgare
1869 2785 2031 2835 loquendi
2049 2796 2158 2833 genus
2177 2780 2225 2818 est
2242 2808 2256 2824 „
2285 2780 2330 2816 ab
2347 2781 2414 2818 ali-

1661 2840 1714 2876 Sic
1733 2838 1882 2877 Ovidius
1901 2848 2040 2886 quoque
2050 2848 2063 2871 ε,

1498 2895 1535 2927 A
1555 2900 1651 2928 tanto
1672 2888 1816 2937 cecidzffi
1834 2889 1925 2923 viro.

1448 2937 1606 2980 Pluribus
1622 2937 1816 2990 affuturis.]
1863 2935 1987 2974 Codex
2019 2929 2158 2970 salmas.
2182 2930 2294 2978 plures
2313 2931 2416 2977 adsu-

1393 2995 1490 3036 turis‚
1521 2992 1603 3030 Pall.
1632 2992 1736 3042 prim.
1762 2988 1875 3026 &sec.
1899 2986 2011 3035 plures
2027 2981 2196 3027 adfuturi.
2252 2983 2416 3020 Omnino

315 3042 369 3079 Sic
394 3043 487 3079 enim
512 3044 565 3081 ille
581 3045 674 3082 locus
693 3059 733 3083 ex
750 3048 896 3097 vestigiis
916 3049 1135 3097 antiquorum
1145 3047 1312 3085 librorum
1325 3075 1336 3090 ,
1393 3042 1609 3085 scribendum
1622 3069 1636 3089 2
1679 3039 1774 3091 quod
1799 3042 1839 3080 ὃς
1859 3040 2021 3077 Gruterus
2037 3031 2119 3074 vidit
2137 3059 2150 3075 ‚
2183 3031 2296 3083 Plures
2315 3032 2424 3080 “dfiffi

316 3102 353 3132 in
368 3091 578 3143 quibussane
595 3094 736 3145 legitur,
771 3097 820 3137 est
835 3095 1081 3149 refingendus,
1127 3109 1162 3138 ut
1182 3097 1263 3137 alibi
1282 3097 1344 3137 do-
1389 3106 1492 3146 tusjosv

2254 3139 2287 3172 6.
2320 3131 2415 3172 Tule-
