2504 3425
669 161 1171 216 GCAEsAR
1249 158 1847 212 CALIGULA·
2169 161 2280 215 423

185 255 366 311 thurni5‚
401 251 531 300 modo
551 252 594 298 in
615 250 881 314 speculatoria
897 250 1028 311 caliga
1048 285 1062 305 ‚
1108 262 1429 309 nonnumquam
1459 241 1579 289 socco
1613 239 1838 287 muliebri:
1891 238 2138 299 plerumque
2177 249 2278 278 vero

183 337 301 366 aurea
321 318 446 364 barba
464 316 626 363 fulmen
649 330 821 370 tenens,
856 330 901 359 ac
926 312 1127 358 fulcinam
1143 347 1155 367 ‚
1190 326 1258 356 aut
1283 311 1532 363 caduceum,
1566 307 1740 351 deorum
1762 302 1965 366 insignia,
1999 314 2120 361 atque
2147 301 2274 342 etiam

183 386 363 430 Veneris
386 383 498 428 cultu
523 382 768 443 conspectus
791 377 863 424 est.
933 375 1254 437 Triumphalem
1283 375 1455 436 quidem
1480 386 1671 417 ornatum
1696 371 1819 414 etiam
1836 381 1930 413 ante
1965 362 2278 424 expeditionem

181 446 332 494 affidue
364 445 570 510 gestavit:
607 444 816 491 interdum
851 448 894 488 &
930 442 1080 503 Magni
1114 439 1341 484 Alexandri
1373 436 1586 481 thoracem
1620 434 1841 496 repetitum
1867 448 1888 476 e
1915 429 2152 475 conditorio
2177 431 2279 482 ejus.

107 529 154 577 53
182 512 220 556 E
246 511 473 572 disciplinis
495 509 733 556 liberalibus
757 508 983 553 minimum
1005 504 1255 556 eruditioni,
1290 501 1541 563 eloquentiae
1562 500 1787 560 plurimum
1813 494 2013 548 attendit,
2049 504 2278 553 quantum-

183 577 242 622 vis
262 573 464 621 facundus
488 579 531 620 δε
554 587 760 637 promtus:
796 574 941 633 utique
965 569 994 616 si
1017 566 1292 630 perorandum
1317 566 1361 609 in
1383 565 1563 626 aliquem
1593 560 1707 615 esset,
1745 562 1903 606 irato&
1918 556 2094 605 verba&
2107 554 2276 600 senten-

179 641 243 686 tiae
265 638 557 703 suppetebant:
595 636 882 701 pronuntiatio
900 649 1069 697 quoque
1094 637 1137 676 &
1158 646 1238 677 vox
1257 664 1271 685 ‚
1303 643 1348 674 ut
1375 644 1515 690 neque
1539 627 1689 671 eodem
1713 626 1792 670 loci
1820 640 1898 686 prae
1924 621 2065 668 ardore
2075 616 2273 665 consiste-

2173 706 2175 708 v
2211 694 2274 727 ret

179 786 250 814 tem
267 779 416 822 dicitur,
448 780 536 828 quod
555 775 624 825 post
650 786 782 823 tergum
808 775 968 822 rejicitur.
1026 771 1198 807 Recinum
1251 764 1298 798 ad
1315 762 1513 811 fitpplicium
1543 762 1677 797 ducitur
1699 790 1709 804 ,
1741 773 1843 808 neque
1859 756 2076 808 speculatores
2102 757 2190 793 ultro
2207 748 2273 802 fibi

180 839 303 877 togam
320 829 375 868 vel
388 841 479 878 togae
495 841 604 879 genus
627 824 741 868 fhiss‘e,
775 825 880 861 etiam
897 820 1011 858 festus
1039 820 1196 857 ostendit.
1251 814 1428 849 vindicent
1445 841 1457 855 ,
1486 823 1590 860 neque
1607 813 1747 858 optiones
1761 823 1800 845 ca
1819 810 2022 858 defiderent5
2050 810 2188 855 optiones
2200 804 2273 854 spe-

179 878 348 927 Cyclades
363 881 462 915 'erant
483 906 495 922 ,
542 888 625 928 quas
641 888 732 912 nunc
751 881 861 923 Zupas
878 884 1046 911 vocamus
1071 885 1081 907 ς
1127 869 1200 906 sunt
1252 863 1444 900 culatorum
1461 861 1679 898 administros
1698 871 1839 897 vocans.
1882 861 1992 907 Atque
2011 858 2089 893 hinc
2115 854 2271 903 intelllgi-

180 929 275 964 enim
293 929 391 978 plane
413 928 580 979 pleneque
598 925 753 963 rotundae
767 954 779 968 ,
805 927 842 961 δε
860 922 991 960 nullum
1003 920 1201 957 habentan-
1250 926 1328 951 mus
1354 912 1557 951 sacrosancti
1584 911 1762 960 Euangelii
1785 909 1827 945 de
1847 912 1893 944 D.
1919 907 2087 952 joliannis
2110 904 2271 955 supplicio

180 978 324 1027 gulum,
352 992 430 1029 quia
448 978 676 1029 undequaque
697 975 815 1013 clausae
833 988 892 1026 per
911 984 1106 1010 extremum
1125 982 1201 1007 am-
1248 963 1366 1001 locum
1385 964 1493 1001 Marci
1511 973 1587 1012 cap.
1601 974 1658 1000 vi.
1690 960 1750 996 uu}
1773 958 1897 998 εὐθέως
1920 957 2117 995 amerianae
2136 956 2150 989 '3
2170 961 2273 999 (320¹-

181 1029 304 1067 bitum.
336 1032 493 1068 SALMAs.
1248 1016 1327 1055 λεὺς
1353 1013 1621 1059 emmau-cupa.
1681 1010 1863 1047 Postremo
1882 1007 2129 1057 speculatorum
2165 1016 2272 1053 opera

510 1083 545 1116 T
574 1092 597 1115 0
627 1090 651 1114 u
682 1090 707 1115 R
734 1087 754 1112 E
783 1089 808 1113 N
842 1088 878 1113 τ,
1249 1066 1354 1102 etiam
1393 1067 1429 1103 in
1447 1063 1621 1100 mittendis
1649 1061 1693 1098 ad
1714 1061 1871 1099 senatum
1898 1058 2013 1095 litteris
2041 1056 2140 1093 utitur
2165 1056 2273 1100 Cajus

238 1129 462 1179 speculatoria
482 1127 628 1178 caligas]
670 1126 766 1176 Quid
781 1125 888 1176 caliga
907 1124 967 1169 fit,
998 1124 1130 1161 dictum
1152 1121 1199 1159 est
1219 1103 1225 1167 *l
1246 1115 1316 1167 sup.
1327 1128 1514 1167 cap.xle-

179 1179 269 1230 Aug.
287 1193 359 1232 cap.
372 1195 448 1219 xxv.
475 1180 736 1228 Speculatorium
764 1190 882 1215 autem
899 1176 967 1213 hoc
987 1176 1068 1212 loco
1086 1179 1199 1211 Tran·
1221 1180 1225 1212 1,
1299 1172 1390 1204 Socco
1406 1164 1574 1204 muliebri.
1591 1164 1607 1210 ]
1641 1167 1682 1201 Et
1705 1162 1847 1214 quidem
1868 1173 1909 1197 ex
1932 1156 2125 1207 margaritis
2185 1153 2274 1191 Plin.

178 1232 298 1281 quillus
317 1232 464 1275 addidit,
491 1242 563 1281 quo
575 1231 754 1275 maiorem
774 1228 891 1277 caligae
900 1227 1066 1265 vilitatem
1086 1224 1199 1262 osten-
1223 1226 1225 1239 ¹
1250 1216 1398 1258 libi-nt.
1421 1230 1494 1267 cap.
1505 1229 1604 1252 xxxv.
1621 1218 1658 1250 δε
1678 1215 1736 1252 lib.
1754 1226 1860 1250 xxxv¹
1876 1226 1902 1248 ¹·
1924 1222 1997 1258 <³1³-
2018 1221 2070 1245 1¹·
2126 1204 2275 1254 Eleg³¹¹5

178 1282 284 1320 deret.
329 1283 416 1320 iuter
442 1281 566 1319 milites
592 1282 687 1323 enim
713 1279 767 1316 alii
791 1278 861 1316 aliis
885 1278 1059 1315 ornatior-e
1089 1275 1198 1325 caliga
1224 1311 1225 1314 ,
1252 1269 1358 1306 etiarn
1375 1269 1418 1306 de
1436 1269 1513 1314 Caii
1541 1266 1646 1302 sOCCO
1671 1266 1766 1302 locus
1792 1267 1931 1299 Seneca?
1948 1260 2005 1296 lib·
2063 1256 2107 1293 de
2137 1252 2277 1292 Benefi-

178 1332 370 1371 utebantur.
414 1336 455 1370 Et
474 1331 700 1384 speculatores
720 1329 862 1381 quidem
882 1329 1030 1366 militum
1049 1340 1199 1364 numero
1223 1326 1226 1363 1
1252 1319 1310 1356 ciis
1334 1334 1386 1357 11.
1404 1332 1529 1370 cap-XI
1543 1331 1569 1353 1.
1596 1319 1633 1352 ἃ
1659 1316 1702 1354 de
1721 1315 1823 1353 socco
1842 1309 2003 1349 muliebri
2028 1307 2180 1345 Suetonii
2211 1306 2277 1345 Vi·

180 1383 419 1429 habebantur,
443 1396 568 1420 verum
586 1382 634 1420 ob
657 1381 783 1419 laboris
795 1379 1042 1421 affluitatem,
1080 1390 1120 1414 ac
1140 1376 1199 1414 dis-
1224 1364 1227 1389 ¹
1253 1369 1321 1407 tell.
1341 1383 1414 1422 cap.
1435 1385 1446 1407 1
1459 1385 1489 1407 1.

180 1435 324 1472 crimina
339 1448 415 1485 quae
433 1433 613 1477 subibant,
639 1433 755 1469 minus
776 1430 888 1467 cultos
909 1430 1068 1465 incedere
1086 1427 1201 1465 solitos
1306 1426 1429 1457 Aurea
1447 1419 1575 1464 barba,
1592 1419 1731 1467 fulmen
1749 1411 1899 1462 tenens.]
1931 1408 2110 1459 QiJOViS
2132 1416 2274 1444 ornatus

181 1485 394 1522 credendum
414 1483 482 1528 est,
511 1487 547 1520 δε
568 1482 643 1520 fieri
661 1480 791 1532 potest,
817 1491 853 1516 ut
871 1479 1028 1529 peculiari
1043 1477 1201 1528 quodam
1221 1499 1227 1543 l
1253 1467 1314 1507 est·
1371 1473 1586 1521 Qanquam
1615 1481 1716 1508 aurea
1741 1465 1849 1503 barba
1876 1464 1982 1500 etiam
2008 1458 2198 1510 AEsculapio
2218 1457 2274 1494 tri-

181 1535 407 1573 calceamenti
435 1547 562 1585 genere
580 1533 809 1570 indueremur.
876 1533 966 1578 Qoe
978 1527 1202 1578 speculatoria
1256 1520 1379 1557 buitur.

182 1585 338 1624 absolute
359 1585 478 1622 dicitur
498 1597 518 1621 a
536 1583 750 1621 Tertulliano
767 1581 810 1618 de
822 1582 965 1616 Corona
976 1579 1202 1621 militis,cum
1307 1576 1364 1607 AC
1373 1568 1589 1620 fustinum]
1629 1568 1752 1607 Melius
1784 1578 1865 1603 MSS·
1901 1563 1971 1600 duo
1996 1570 2057 1599 aut
2075 1558 2272 1606 fuscinam»

181 1639 255 1681 ait,
271 1636 548 1684 speculatoriam,
574 1632 817 1683 morofiffimam
833 1629 999 1678 pedibus,
1043 1628 1198 1677 absolvit.
1252 1630 1313 1656 aut
1339 1623 1530 1659 caduceum.
1564 1620 1691 1659 fuscina
1726 1618 1822 1656 enim
1856 1613 2012 1665 Neptuni
2040 1610 2172 1660 insigne
2202 1605 2276 1651 est,

182 1690 271 1724 Non
284 1688 378 1723 recte
395 1697 514 1722 autem
534 1685 688 1721 Turneb.
717 1680 895 1720 Adversar.
910 1692 976 1718 xxv
989 1693 999 1715 1
1014 1693 1040 1716 1.
1061 1691 1134 1728 cap.
1146 1692 1199 1715 xx.
1254 1670 1399 1708 alterum
1415 1673 1587 1709 Mercurii.

182 1737 274 1774 hunc
293 1735 409 1773 locum
426 1737 651 1784 interpretans
663 1761 677 1778 ,
699 1731 914 1780 spiculatores
932 1741 971 1766 ac
980 1729 1202 1778 speculatores
1310 1727 1429 1771 Atque
1447 1725 1551 1759 etiam
1566 1723 1695 1759 Ventris
1712 1715 1841 1766 cultus]
1878 1718 1979 1753 Tunc
2012 1709 2162 1761 (credo)
2193 1721 2275 1746 cum

182 1787 334 1825 multum
358 1787 448 1822 inter
464 1784 498 1820 se
514 1783 656 1821 differre
671 1783 782 1819 scribit
803 1810 817 1825 ,
853 1780 910 1818 sed
928 1779 976 1817 ob
992 1778 1166 1818 vocalium
1187 1792 1202 1814 e

183 1842 222 1876 ὃ(
242 1841 255 1874 ι’
273 1837 488 1875 vicinitatem
508 1833 699 1886 promiscue
716 1831 851 1875 efferri,
888 1842 925 1867 ut
948 1829 1026 1866 here
1053 1833 1089 1867 ὅ(
1117 1829 1201 1866 heri.

184 1901 271 1927 nam
297 1891 335 1924 &
362 1889 396 1924 in
426 1885 661 1923 marmoribus
681 1913 694 1927 ‚
738 1887 776 1920 ὅ(
814 1883 850 1918 in
887 1881 1029 1918 Antonii
1059 1880 1203 1919 111-viri

184 1939 367 1983 nummis,
398 1940 436 1974 ὅ(
461 1938 496 1974 in
523 1934 752 1975 vetustiffimo
770 1931 849 1971 cod.
878 1944 1012 1982 magno
1040 1929 1206 1968 consensu

186 2005 247 2043 per
263 2003 280 2027 e
299 1988 462 2039 scriptum
480 1986 729 2028 animadverti,
759 1987 796 2022 ὃ(
824 1983 916 2020 reste
933 1983 1085 2034 quidem.
1115 1981 1204 2018 mili-

185 2056 261 2081 tum
280 2042 374 2078 enim
390 2039 425 2077 id
444 2051 553 2090 genus
572 2049 665 2080 erat,
693 2038 752 2087 qui
771 2033 939 2085 praecipue
965 2034 1008 2070 ad
1028 2032 1095 2069 hoc
1115 2031 1204 2068 insti-

184 2094 247 2133 tuti
261 2092 375 2135 fuere,
400 2102 437 2128 ut
468 2089 587 2141 (quod
605 2089 712 2138 inquit
739 2085 876 2130 Festus)
914 2084 1046 2121 hostilia
1067 2082 1201 2120 silentio

186 2143 432 2198 perspicerent,
463 2141 784 2189 (61·εεείἐπτῆροις,
823 2139 861 2173 ὃ(
881 2132 1039 2178 encore-3,
1076 2137 1113 2171 ὅ(
1142 2147 1202 2168 nu-

187 2196 371 2234 ταο-κόπες
390 2190 585 2244 appellant)
613 2202 633 2227 a
648 2189 759 2230 verbo
771 2185 919 2237 speculor
931 2214 942 2229 ,
972 2198 1044 2222 non
1063 2197 1082 2221 a
1094 2184 1199 2233 spicu-

187 2249 230 2284 lis
253 2259 328 2298 quae
346 2244 562 2295 gestaverint.
589 2240 758 2290 spiculum
782 2239 878 2275 enim
911 2249 931 2273 a
955 2235 1200 2273 recentioribus

187 2299 319 2337 diuum
348 2294 398 2345 (fi
415 2295 568 2345 Vegetio
591 2289 786 2336 credimus)
818 2288 912 2340 quod
922 2287 1009 2325 olim
1018 2287 1130 2335 pilum
1140 2298 1205 2324 vo-

189 2349 326 2386 cabant.
353 2347 456 2396 Atqui
471 2345 578 2396 pilum
595 2354 786 2381 commune
804 2340 1075 2389 legionariorum
1094 2337 1201 2374 telum

190 2411 280 2444 erat,
304 2411 375 2434 non
385 2397 435 2434 his
451 2395 640 2446 peculiare,
666 2394 725 2443 qni
741 2390 985 2429 satellitiicausa
995 2388 1204 2439 Principibus

189 2450 343 2488 aderant.
402 2446 537 2495 Quibus
565 2446 670 2482 etiam
698 2447 839 2481 Sueton.
867 2440 989 2478 Claud.
1007 2453 1085 2490 cap.
1100 2452 1200 2476 xxxv.

191 2505 230 2540 &
250 2498 350 2538 Galb.
374 2509 448 2547 cap.
459 2510 522 2533 xvi
536 2511 547 2533 1
560 2510 588 2533 1.
615 2495 749 2532 lanceas
765 2492 898 2536 tribuit,
928 2491 1050 2542 spicula
1068 2490 1204 2527 daturus

193 2553 329 2602 potius,
357 2547 383 2584 fi
409 2560 429 2583 a
450 2547 579 2598 spiculis
596 2545 875 2582 nominabantur.
933 2541 1074 2579 Accedit
1093 2542 1203 2578 Suidae

192 2603 376 2641 auctoritas
400 2629 411 2644 ,
449 2611 530 2635 curn
554 2597 821 2643 σπεκελοίτωρος
847 2592 1015 2641 δορυφόρ8
1043 2593 1206 2640 exponit,

193 2667 253 2705 per
269 2655 339 2700 jota
357 2650 532 2700 scripturus
545 2677 557 2692 ,
582 2646 608 2684 si
625 2658 703 2684 tunc
715 2646 834 2682 saltem
854 2657 935 2681 cum
959 2644 1121 2692 Principis
1148 2656 1206 2679 cu·

192 2704 331 2743 stodern
348 2714 388 2738 ac
407 2699 583 2737 satellitem
600 2697 635 2735 id
659 2709 792 2734 nomen
811 2692 1001 2745 fignificat,
1031 2705 1051 2728 a
1077 2692 1206 2740 spiculo

194 2754 432 2806 appellaretur.
480 2753 607 2800 Neque
649 2761 736 2786 vero
757 2745 976 2798 speculatores
1011 2743 1211 2792 explorandi

194 2817 348 2849 tantum,
373 2814 431 2840 aut
447 2802 607 2839 custodiae
620 2798 719 2837 causa
729 2796 962 2837 habebantur,
986 2793 1043 2830 sed
1059 2794 1212 2832 &ineos

196 2858 255 2908 qui
272 2855 424 2893 damnati
441 2863 538 2889 erant
556 2852 654 2902 lege,
682 2849 842 2900 agebant.
882 2850 1011 2883 Seneca
1029 2845 1086 2882 lib.
1111 2859 1139 2882 1.
1166 2844 1210 2883 de

195 2912 255 2949 Ira
273 2923 284 2945 ι
313 2911 400 2944 Tum
423 2904 571 2942 centurio
587 2931 600 2947 ,
636 2905 696 2952 qui
705 2900 862 2951 supplicio
874 2905 1014 2945 praerat
1029 2924 1042 2939 ,
1076 2896 1210 2932 condere

195 2959 350 3009 gladium
365 2954 603 3006 speculatorem
620 2953 729 3002 jubet.
768 2955 806 2989 δε
833 2948 937 2993 Julius
962 2947 1125 2985 Fit-micus
1151 2945 1211 2985 lib.

200 3022 308 3048 vni.
327 3021 400 3059 cap.
418 3019 519 3044 xxV1.
532 3004 750 3054 speculatores
760 3002 892 3048 faciet,
920 3001 979 3048 qui
996 2998 1123 3034 nudato
1136 2996 1211 3046 gla-
1608 2979 1646 3016 V
1674 2989 1696 3013 Α
1723 2987 1750 3012 R
1779 2985 1796 3011 1
1824 2986 1848 3010 0
1874 2984 1915 3008 tt.
1988 3030 1991 3033 Ι
2149 3028 2151 3032 ‚

204 3060 259 3095 dio
274 3060 447 3096 hominum
462 3064 635 3104 amputent
652 3053 806 3091 cervices.
832 3049 900 3089 Sed
916 3053 953 3087 ὃ(
969 3047 1210 3098 Ulpian.1.v1;
1313 3042 1454 3081 Fulmen
1472 3051 1585 3078 tenens
1602 3050 1641 3074 ac
1655 3034 1831 3085 fustinum
1847 3041 1908 3068 aut
1924 3027 2148 3073 caduceum]
2186 3027 2277 3061 ,Co-

204 3109 250 3148 de
268 3110 355 3150 Bon.
378 3109 624 3150 damnatorum
645 3120 656 3145 ε
681 3103 788 3155 Spolia
804 3100 923 3154 quibus
939 3100 1078 3152 indutus
1094 3098 1136 3148 est
1154 3098 1214 3149 qui
1258 3095 1325 3137 dex
1341 3091 1520 3138 Salmafii,
1549 3088 1797 3186 ΡαΙὸῑίηἰὲτξΞ,
1817 3082 1974 3180 3Robert.
2004 3078 2121 3129 steph,
2147 3075 2277 3161 edithL}

1731 3168 1753 3189 ὃ

1255 1771 1445 1822 cycl-udatus
1453 1772 1596 1824 prodiit,
1621 1775 1668 1810 uti
1679 1770 1780 1824 paulo
1790 1780 1868 1805 ante
1880 1766 1939 1803 est.
1972 1776 2057 1801 nam
2065 1763 2100 1798 in
2109 1760 2274 1797 omnium

1253 1821 1406 1860 deorum
1426 1853 1438 1867 ,
1477 1824 1689 1874 dearumque
1714 1821 1871 1858 formam
1897 1816 1931 1853 se
1955 1812 2160 1854 formabat,
2190 1808 2273 1845 nihil

1257 1874 1372 1910 minus
1389 1887 1496 1924 quam
1522 1874 1656 1918 homo,
1682 1875 1696 1923 <
1712 1883 1747 1909 ut
1766 1869 1940 1919 eleganter
1956 1865 2001 1900 ait
2019 1863 2138 1907 Dion)
2172 1871 2273 1909 atque

1256 1923 1345 1961 adeo
1368 1925 1511 1962 Panthei
1529 1938 1663 1962 nornen
1681 1924 1793 1975 potius
1811 1918 1879 1970 ipse
1899 1915 2039 1953 meritus
2056 1923 2163 1963 quam
2188 1912 2278 1947 Pan-

1256 1974 1345 2011 theae
1364 1975 1513 2013 Drusilla
1527 1974 1629 2026 ipfius
1646 1974 1754 2012 soror.

1310 2025 1511 2062 Alexandri
1528 2023 1738 2073 thoracem]
1763 2023 1848 2069 Qo
1866 2016 2001 2056 indutus
2022 2025 2167 2067 pontem
2178 2011 2275 2050 illum

1254 2073 1505 2114 suumn-antiit.
1536 2077 1644 2112 Dion.

1315 2140 1366 2171 53.
1392 2127 1631 2163 pronunciatio
1655 2123 1707 2168 Εἴ
1726 2121 1834 2169 πλη]
1867 2123 1926 2158 Ne
1946 2117 2021 2168 quis
2046 2115 2140 2153 idem
2168 2114 2274 2164 repeti

1257 2188 1370 2229 putet,
1398 2179 1680 2223 memineritejus
1699 2202 1710 2220 ,
1747 2172 1842 2224 quod
1870 2169 2130 2208 Fortunatianus
2155 2169 2192 2202 ὃ(
2219 2164 2275 2200 alii
2325 2201 2330 2207 ‚

1252 2229 1387 2266 tradunt
1402 2257 1414 2272 ,
1444 2229 1756 2276 pronunciationem
1784 2225 1891 2260 etiam
1917 2219 2051 2272 gestum
2070 2217 2275 2264 vultumque

1255 2281 1430 2318 continere
1443 2307 1455 2324 ,
1482 2290 1516 2317 ut
1535 2279 1632 2315 idem
1649 2276 1761 2314 ferme
1784 2273 1824 2311 fit
1843 2274 1938 2324 quod
1961 2269 2064 2308 astio.

1556 2350 1965 2386 Casaussou.

1310 2421 1568 2461 Nonnunquam
1581 2410 1668 2458 socco
1683 2403 1876 2453 multura]
1918 2408 1959 2440 Et
1985 2398 2080 2452 quod
2100 2410 2170 2436 erat
2188 2397 2273 2435 indi-

1253 2467 1373 2517 gnius,
1395 2476 1466 2499 non
1477 2462 1608 2499 erubuit
1626 2460 1781 2497 soccatus
1798 2452 2275 2502 maximanegotiatrastare,

1254 2529 1289 2554 ut
1308 2530 1387 2553 cum
1408 2515 1452 2551 de
1478 2514 1587 2564 capite
1615 2509 1796 2548 consularis
1826 2507 1887 2545 viri
1906 2504 2068 2554 Pompeii
2087 2502 2194 2539 Penni
2213 2512 2272 2536 au-

1256 2568 1355 2604 diret.
1388 2570 1517 2602 Seneca
1535 2563 1578 2600 de
1596 2558 1776 2599 Beneficiis
1792 2558 1851 2595 lib.
1870 2571 1881 2593 1
1895 2571 1921 2593 1.
1933 2568 2010 2606 cap.
2026 2568 2066 2591 x1
2079 2568 2108 2590 ι.

1310 2618 1511 2663 Plerumque
1529 2627 1608 2649 vero
1626 2622 1733 2649 aurea
1750 2609 1857 2644 barba
1865 2606 2002 2653 fulmen
2020 2614 2145 2640 tenens.
2160 2601 2173 2648 ]
2194 2600 2273 2637 Phi-

1255 2668 1376 2705 lmem
1395 2665 1524 2703 suadeo
1543 2664 1635 2712 legas
1649 2692 1661 2707 ,
1690 2662 1747 2711 qui
1764 2658 1834 2696 fuse
1859 2667 1985 2695 narrat.
2007 2666 2082 2692 non
2096 2651 2163 2688 alio
2174 2664 2272 2688 com-

1255 2718 1428 2757 mentario
1445 2715 1520 2752 huic
1539 2714 1619 2750 loco
1638 2712 1687 2749 est
1706 2723 1805 2760 opus.

1319 2784 1370 2815 53.
1402 2765 1598 2814 Eloquentia
1609 2765 1797 2811 plurimum
1817 2754 2006 2804 attendit.]
2044 2752 2210 2802 Iosephus
2237 2752 2272 2788 in

1259 2821 1374 2872 elogio
1383 2819 1481 2863 Caii:
1501 2815 1641 2852 ''AMtcog
1659 2811 1696 2848 δὲ
1715 2809 1823 2858 ρ’ἦτωξ
1834 2824 1868 2844 τε
1887 2808 2001 2855 ἄρας-ος
2013 2833 2026 2848 ,
2044 2806 2105 2840 καὶ
2125 2801 2271 2849 ’γλώσσῃ

1257 2874 1452 2922 τῇ“Ἐλληνι
1473 2865 1532 2903 καὶ
1552 2863 1734 2909 Ῥωμαίοις
1750 2859 1888 2909 πατρίῳ
1913 2855 2050 2906 σφόδρα
2074 2852 2272 2898 ηὀ-κημέιος.

1255 2924 1334 2965 vide
1355 2930 1489 2959 caetera.
