2504 3425
261 157 443 233 ἓξξὲῥνῗζ
801 154 1787 228 D-JUL1U8CAESAR,
2274 177 2338 233 31

255 244 329 287 ulli
351 243 526 303 foeminae
549 237 643 299 fore
661 272 676 296 ‚
719 235 978 298 responderit
997 274 1010 295 ‚
1053 240 1163 301 quasi
1198 239 1407 295 alludens,
1441 244 1491 284 In
1523 242 1682 305 Assjria
1714 256 1856 304 quoque
1887 243 2050 305 regnaffi’
2080 244 2345 302 Semiramiu,

170 329 193 358 2
202 330 221 376 3
252 321 513 370 magnamque
543 305 651 366 Asta
674 316 829 370 partem
862 304 1108 351 Amazonas
1140 307 1286 364 tenuisse
1317 304 1527 366 quondam.
1601 305 1782 350 Func0tus
1795 303 2027 360 consulatu,
2063 308 2118 353 C.
2131 308 2346 354 Memmio

249 372 470 432 Lucioque
491 368 691 414 Domitio
716 365 983 430 praetoribus,
1017 368 1066 413 de
1081 366 1297 430 superioris
1318 369 1415 412 anni
1434 369 1532 414 affis
1551 366 1849 423 referentibus,
1886 371 2176 431 cognitionem
2186 370 2345 418 senatui

247 433 397 480 detulit
429 452 440 478 t
477 449 555 478 nec
578 432 651 477 illo
677 429 941 493 suscipiente,
981 433 1202 495 triduoque
1225 449 1296 494 per
1318 433 1446 476 irritas
1466 434 1749 478 altercationes
1771 431 1982 489 absumto‚
2017 435 2060 479 in
2082 437 2343 496 provinciam

245 497 350 545 abiit
379 515 391 543 ε
428 502 471 544 &
486 495 621 543 statim
634 493 808 559 quaestor
828 497 968 556 ejusin
982 496 1263 559 praejudicium
1285 496 1443 558 aliquot
1463 496 1706 542 criminibus
1725 512 1905 560 arreptus
1923 495 1995 543 est.
2062 499 2169 544 Mox
2192 503 2235 545 δι
2258 499 2344 561 ipse

2250 580 2273 608 a
2290 567 2339 610 L.

246 639 390 672 Omnem
406 634 594 671 utilitatem
610 634 951 683 opportunitatemque
961 634 1151 683 provincia.
1181 633 1262 670 Tib.

245 697 291 722 xv
299 699 349 723 11.
379 685 448 721 Cui
488 684 572 720 loriae
595 684 737 732 amplior
763 682 876 719 adhuc
892 697 933 719 ex
953 685 1194 732 opportunitate
1211 697 1265 719 cu-

245 733 358 771 mulus
373 698 507 782 acceffigt.
538 734 613 770 Liv.
625 733 682 769 lib.
694 747 728 769 x.
759 738 830 768 Nec
841 732 957 780 populo
976 739 1125 769 Romano
1142 745 1267 780 magna

236 784 369 832 solum,
389 784 452 832 fi’d
470 791 713 831 peropportuna
742 794 782 818 eu
815 782 963 823 viffloria
985 783 1086 828 fuit,

245 833 335 869 idem
356 842 483 883 tempus
509 833 669 870 rebellare
686 830 838 880 Etruscos
857 833 1003 868 allatum
1022 831 1074 879 cst.
1132 832 1204 869 Cic.
1225 832 1268 868 ad

244 882 519 933 Pompejumlib.
533 897 575 923 vl
588 897 599 920 1
613 897 640 919 1.
658 881 702 918 ad
715 883 868 918 Atticum
900 896 909 918 :
939 886 972 917 Si
985 883 1169 919 tenendam
1179 882 1268 919 hanc

244 945 339 970 oram
351 942 454 982 putas
471 962 484 978 ‚
513 946 580 984 que
598 930 651 975 θ’
669 932 948 981 opportunitatem
978 931 1030 975 Εἴ
1065 932 1268 981 dignitatem

243 981 356 1022 habet.
381 986 558 1022 GRouov.

296 1033 583 1082 Insultaturum.]
614 1031 892 1080 Anznlasurum?
920 1034 939 1070 i.
953 1046 982 1070 e.
995 1045 1121 1071 omnes
1130 1034 1271 1070 irruma-

242 1094 374 1128 turum,
393 1085 641 1134 μεταφορικοῖς.
671 1086 748 1120 Cat.
766 1082 896 1134 paffim.
927 1086 1064 1127 GUJET.

295 1132 441 1183 Facile.]
475 1138 534 1173 Ne
553 1135 639 1172 dum
657 1135 744 1172 viro.
803 1137 861 1174 ID.

1114 783 1197 832 quia
1207 791 1268 830 per

569 1220 942 1255 TORRENT.

292 1286 358 1322 Ulli
368 1286 608 1333 foeminaefhre.
628 1285 642 1335 ]
702 1283 836 1321 Caestire
865 1283 1012 1330 instante
1029 1281 1266 1320 insultaturum

239 1332 274 1372 se
293 1338 458 1374 omnium
478 1337 642 1387 capitibus
661 1365 674 1380 ,
708 1335 791 1372 alter
824 1334 993 1384 (quisquis
1019 1333 1073 1369 ille
1102 1333 1196 1381 fuit)
1229 1334 1272 1370 ad

239 1384 446 1424 obscoenum
475 1387 608 1424 sensum
627 1386 785 1431 trahens,
814 1384 985 1435 negabat,
1012 1382 1111 1420 facile
1128 1384 1195 1421 hoc
1217 1385 1272 1421 ulli

238 1434 485 1482 feminaefore,
519 1437 768 1488 impudicitiam
779 1437 809 1472 ei
819 1435 1051 1486 exprobrans,
1078 1434 1126 1471 ob
1137 1447 1178 1471 ea
1192 1448 1268 1485 quae

241 1485 286 1522 de
304 1488 505 1524 Nicomede
531 1489 637 1538 vulgo
662 1486 868 1524 ferebantur.
927 1487 972 1521 At
1000 1485 1112 1521 Caesar
1143 1485 1187 1522 de
1204 1488 1269 1522 im-

1370 637 1410 667 In
1423 631 1561 680 Affyria
1572 646 1699 683 qu2que
1708 634 1849 684 regnaffe
1865 636 2111 684 Semiramin]
2155 640 2346 674 Turonen-

1313 677 1355 716 fis
1372 682 1410 716 in
1427 683 1526 717 Suria
1543 711 1554 725 ,
1590 684 1646 720 vel
1668 696 1702 720 ut
1732 683 1848 735 postea
1878 686 2104 724 emendatum
2122 716 2134 730 ,
2171 687 2210 723 in
2228 688 2337 734 Syria.

1313 742 1384 766 non
1406 732 1555 768 multum
1573 734 1708 770 interest
1727 764 1737 777 ‚
1763 748 1840 772 utro
1862 737 1974 774 modo
2000 736 2140 788 legatur.
2199 735 2338 786 Affiu‘iae

1314 790 1431 816 tamen
1460 784 1616 832 reginam
1645 786 1852 822 Semiramin
1879 789 1987 838 potius
2012 800 2119 838 quarn
2145 788 2247 836 Syriae
2275 788 2340 824 dici

1315 829 1549 869 observamus.
1607 835 1717 869 Recte
1753 847 1871 871 autem
1910 837 2022 874 Caesar
2067 838 2274 875 Semiramin
2302 841 2341 875 δε

1319 881 1522 919 Amazonas
1546 885 1723 931 conjungit
1755 899 1763 920 :
1791 897 1874 922 nam
1895 887 1999 923 &illa
2026 900 2095 924 erat
2113 888 2212 938 stirpe
2234 889 2342 924 Ama-

1316 933 1449 970 zonica.
1489 933 1603 982 quod,
1633 947 1742 983 quum
1768 935 1812 971 ab
1842 936 2026 975 Herodoto
2051 942 2089 974 ὅ(
2116 938 2186 974 aliis
2212 937 2341 975 histori-

1316 981 1362 1017 cis
1390 981 1650 1032 praetermiffum
1666 1013 1678 1028 ,
1713 986 1829 1021 Cririci
1856 989 2056 1024 Graecorum
2083 989 2127 1023 ita
2163 989 2341 1037 produnt:

1316 1031 1472 1080 Κάϋςςός
1507 1034 1571 1070 ε’ςιν
1590 1033 1653 1073 ὀιὶς
1683 1036 1925 1077 Her-&wlhelm
1942 1038 1999 1076 τῆς
2017 1037 2224 1087 Ἀμαζόνος,
2253 1036 2285 1079 {ie
2309 1039 2338 1074 ἕν

1313 1081 1510 1120 ’Ae-uanam
1521 1082 1628 1128 ἔγημε
1638 1083 1692 1124 ‘miv
1704 1086 1871 1134 ΔεξκεἹῶ,
1879 1088 1939 1123 nui
1954 1088 1987 1134 ἐξ
1997 1089 2102 1128 ἀυτῆς
2114 1088 2199 1134 'eo-252
2213 1087 2267 1128 τῆν
2280 1095 2341 1125 Σε-

1312 1130 1479 1181 μίραμιν,
1498 1132 1567 1174 ἥτις
1579 1134 1640 1170 καὶ
1662 1134 1707 1170 τοὶ
1719 1134 1921 1173 Βοιςυλώνιαι
1941 1138 2042 1184 τείχη
2059 1140 2307 1176 κατεσκεύασε.

1369 1189 1604 1233 lmagnamque
1626 1183 1712 1234 Asia
1722 1194 1863 1234 partem
1874 1193 2080 1224 Amazonas
2096 1188 2231 1237 tenuisse
2240 1203 2343 1237 quon-2

1314 1233 1437 1281 dam.]
1468 1233 1590 1272 Asiam
1610 1247 1693 1285 cape
1718 1237 1897 1274 minorem
1918 1257 1927 1282 5
1954 1252 2026 1274 non
2046 1238 2162 1282 illam,
2191 1252 2266 1288 quae
2284 1242 2342 1280 τῆς

1312 1283 1485 1328 singultim
1498 1298 1575 1336 pars
1583 1287 1679 1322 tertia
1689 1286 1736 1322 est
1748 1287 1861 1324 habita
1887 1303 1898 1325 :
1927 1300 2011 1325 nam
2021 1287 2048 1326 fi
2058 1288 2145 1326 hanc
2160 1289 2313 1340 respicias
2325 1316 2339 1334 ,

1313 1331 1435 1370 falsum
1457 1338 1518 1373 erit
1535 1365 1547 1380 ‚
1582 1335 1676 1386 quod
1708 1337 1821 1374 Caesar
1852 1338 1942 1375 dicit.
1999 1341 2095 1383 Quin
2127 1341 2233 1377 etiam
2272 1342 2343 1385 jure

1314 1396 1414 1434 queat
1426 1385 1542 1437 aliquis
1559 1388 1696 1430 mirari,
1723 1401 1781 1423 cur
1790 1386 1910 1425 Afiam
1929 1390 2039 1439 potius
2049 1402 2154 1441 quam
2164 1395 2342 1440 Europam

1313 1436 1519 1480 nominarit,
1547 1451 1654 1487 quum
1673 1437 1765 1487 plura
1788 1438 1899 1475 multo
1926 1442 1961 1476 in
1989 1440 2051 1477 hac
2075 1453 2181 1489 quam
2200 1441 2235 1477 in
2259 1440 2341 1478 Asia

1315 1487 1493 1524 tenuerint.
1552 1491 1671 1538 ltaque
1681 1487 1798 1531 justini
1813 1489 2081 1527 verbasunthaec
2091 1491 2148 1527 lib.
2164 1505 2218 1528 τι.
2258 1497 2342 1526 Ma-

233 1537 339 1586 ‘perio
365 1537 399 1573 se
426 1539 579 1575 locutum
605 1537 808 1580 ostendens,
838 1535 1071 1573 Semiramidis
1096 1540 1134 1572 ὃς
1160 1537 1268 1573 Ama-
1305 1536 1378 1583 jore
1398 1545 1497 1584 parte
1526 1542 1656 1587 Europa
1674 1538 1819 1587 subacta
1838 1568 1849 1582 ,
1896 1539 1982 1589 Astu
2006 1553 2134 1590 quoque
2161 1540 2343 1577 nonnullas

242 1599 376 1624 zontun
411 1589 571 1640 exemplo
601 1602 684 1625 eum
712 1586 840 1624 refellit.
881 1585 947 1624 Inf.
976 1586 1056 1623 Tib.
1086 1598 1159 1637 cap.
1181 1600 1265 1624 va.
1314 1587 1472 1623 civitates
1489 1597 1698 1638 occupavere.
1724 1590 1985 1627 utomittamde
1997 1589 2111 1629 Africa
2120 1604 2219 1642 ,quae
2228 1592 2341 1643 prima

243 1638 484 1682 Feminarum,
510 1638 562 1682 ὅ
581 1639 719 1688 quidem
747 1637 949 1685 illustrium,
978 1636 1138 1684 capitibus
1160 1650 1269 1686 quan·
1313 1636 1447 1674 illarum
1467 1637 1570 1676 sedes.

237 1694 342 1734 topere
351 1687 472 1734 fhlitus
489 1688 539 1738 fit
553 1689 715 1732 illudere,
750 1691 819 1725 διε.
877 1690 965 1737 Qae
989 1686 1151 1737 loquendi
1179 1689 1266 1726 ratio
1371 1701 1424 1732 ²3·
1457 1690 1646 1739 Triduoque
1654 1699 1713 1739 per
1724 1691 1843 1728 irritas
1865 1690 2095 1727 altercationes
2114 1690 2285 1740 absumpto
2303 1692 2341 1728 in

237 1749 297 1774 me
314 1736 470 1782 adducit,
500 1750 536 1776 ut
551 1738 708 1776 obscoeni
733 1738 858 1789 aliquid
885 1736 1012 1775 subesse
1040 1750 1158 1788 putem
1172 1753 1183 1775 ε
1212 1738 1265 1775 of-
1305 1740 1522 1785 provintiam
1541 1741 1664 1788 abiit.]
1697 1739 1858 1778 Cauffim
1874 1741 1988 1778 subitae
2000 1740 2221 1791 profeffionis
2240 1754 2338 1779 accu-

235 1785 325 1824 fenfi
335 1789 429 1824 enim
440 1790 502 1833 iis,
530 1803 618 1840 quos
629 1789 921 1833 contemnebant,
951 1789 1169 1825 contumelia:
1186 1802 1263 1826 cau·
1314 1800 1384 1825 rate
1411 1790 1553 1840 explicat
1594 1790 1707 1828 Caeshr
1747 1792 1843 1828 initio
1880 1794 2226 1829 Commentariorum
2262 1806 2337 1843 cap,

238 1837 360 1875 fatale
385 1838 509 1890 aliquid
530 1839 749 1877 minabantur
766 1869 778 1884 ,
809 1852 846 1877 ut
870 1839 1021 1876 Catullus
1046 1853 1119 1876 non
1143 1839 1261 1877 semel.
1314 1852 1395 1876 vn.
1422 1853 1506 1876 nam
1534 1841 1598 1878 huc
1627 1844 1796 1892 pertinent
1827 1842 1882 1879 illa
1912 1842 2019 1880 verba
2044 1857 2053 1878 :
2085 1842 2208 1890 Caefim‘
2234 1857 2341 1893 quum

239 1890 367 1938 Neque
398 1890 494 1927 aliter
530 1891 670 1942 intelligi
698 1892 821 1941 poterit
847 1894 985 1928 Senecae
1010 1890 1104 1927 locus
1129 1889 1173 1926 de
1198 1889 1263 1927 foe·
1314 1890 1351 1924 id
1369 1892 1569 1928 nuntiatum
1587 1896 1679 1942 effet,
1707 1906 1756 1928 eos
1779 1902 1838 1942 per
1860 1893 2078 1942 provinciam
2101 1893 2246 1940 nostram
2275 1894 2339 1929 iter

239 1936 378 1977 diflimo
402 1943 513 1980 Mam.
542 1944 656 1979 Scauri
682 1942 840 1980 convicio
869 1941 925 1979 lib.
982 1944 1039 1978 De
1069 1939 1182 1979 benef.
1209 1956 1260 1980 lv.
1306 1940 1422 1985 facere
1441 1943 1574 1985 conari,
1592 1953 1750 1979 maturat
1768 1943 1811 1979 ab
1844 1943 1924 1980 urbe
1945 1942 2132 1991 proficisci,
2161 1941 2213 1985 {55²
2234 1956 2338 1994 quam

237 2001 276 2026 ca
303 2004 421 2028 .xxx¹.

278 2002 332 2076 Pln
349 2041 523 2091 Assyria]
554 2040 983 2080 Vatican.&T0rnacens.
1003 2042 1039 2077 in
1050 2043 1161 2079 Suria.

292 2103 349 2136 23.
377 2096 419 2129 C⁰
431 2094 610 2137 Memmio,
632 2099 669 2130 L.
690 2107 753 2143 que
772 2099 873 2131 Dom.
885 2090 1003 2142 prat]
1033 2095 1089 2129 De
1100 2094 1262 2131 Domitio

235 2140 281 2178 fic
301 2145 438 2181 Sueton.
470 2147 555 2181 Ner.
577 2157 650 2195 cap.
677 2158 728 2181 11.
763 2149 882 2181 Praetor
900 2144 1063 2191 Cesarem
1085 2143 1262 2181 abeuntem

236 2192 407 2239 consulatu
426 2222 439 2238 ,
472 2208 571 2244 quem
601 2194 768 2243 adversm
806 2194 885 2243 leges
923 2193 1132 2243 auspiciaque
1151 2194 1263 2244 geffiffi’

236 2242 493 2289 existimabatur
517 2274 529 2289 ,
573 2246 621 2282 acl
649 2242 911 2294 disquifitionem
934 2248 1077 2292 senatus
1108 2247 1260 2283 vocavit.

237 2293 302 2328 Ad
320 2293 581 2344 diffluifitionem
592 2295 731 2344 ,senatus
751 2295 832 2332 dixit
848 2323 860 2338 ‚
895 2307 932 2332 ut
950 2294 1018 2344 sup.
1037 2306 1111 2346 cap.
1129 2309 1183 2333 xv.
1214 2298 1261 2332 all

237 2342 496 2393 disquisitionem
511 2346 634 2393 populi.
694 2347 761 2382 Hic
782 2345 998 2395 cognitionem
1022 2357 1137 2385 vocat.
1149 2349 1206 2383 De
1217 2350 1257 2385 C.

239 2393 413 2432 Memmio
431 2394 489 2432 inf.
511 2409 584 2447 cap.
603 2408 711 2433 xle.
729 2400 767 2432 ὅ(
782 2408 872 2432 Lxxx
886 2411 897 2433 1
910 2410 937 2433 1.
1122 2433 1128 2435 ,

294 2449 333 2478 In
343 2446 606 2495 prejudicium]
655 2445 834 2494 Quaestore
860 2448 955 2483 enim
981 2447 1149 2485 damnato
1167 2477 1179 2492 ‚
1216 2446 1259 2485 de

238 2492 373 2530 Caesare
399 2495 493 2532 idem
521 2497 644 2547 sperari
670 2508 831 2547 poterat,
869 2497 918 2534 ob
946 2510 1066 2549 parem
1094 2498 1259 2549 utriusque

239 2542 387 2581 cauffim.
419 2548 651 2594 praejudicium
684 2549 780 2583 enim
806 2548 1009 2593 vocabant,
1045 2549 1139 2599 quod
1156 2550 1258 2587 veluti

238 2594 439 2645 exemplum
448 2595 548 2640 esset,
576 2597 620 2634 ad
637 2597 732 2647 quod
751 2596 848 2635 causa
865 2597 1069 2649 subsequens
1087 2599 1260 2639 decidere-

237 2653 300 2680 tur.

293 2693 439 2743 Aliquot
457 2695 652 2732 criminibus
671 2696 859 2746 arreptus.]
909 2701 1060 2736 Tornac.
1072 2700 1202 2750 aliquot
1221 2702 1261 2737 de

237 2743 446 2782 criminibm.
505 2747 630 2783 Cicero
650 2761 712 2797 pro
731 2747 890 2786 Cluentio
908 2778 920 2792 ,
950 2750 1075 2798 arrepti
1092 2751 1200 2798 subito
1215 2752 1264 2786 ad

238 2793 440 2844 questionem
470 2810 480 2830 .·
507 2799 544 2832 ὅ(
564 2810 626 2847 pro
651 2797 805 2842 Milone,
831 2808 984 2848 arreptus
1001 2802 1037 2836 in
1049 2801 1261 2850 questionem.

240 2843 402 2902 Verbum
425 2845 563 2896 elegans
581 2875 594 2891 ‚
641 2851 677 2885 ὅ(
707 2849 799 2899 quod
831 2851 1030 2889 aviditatem
1063 2851 1263 2889 accusatoris

241 2907 410 2946 exprumt.
448 2926 452 2929 .

557 2981 590 3016 C
619 2993 640 3016 A
671 2992 687 3015 s
715 2992 735 3016 Α
762 2993 787 3017 υ
814 2991 834 3017 Β
863 2993 888 3018 ο
915 2994 951 3020 N.

293 3044 402 3094 Qafi
418 3045 610 3096 alludens]
639 3047 746 3095 Quasi
758 3062 816 3099 per
829 3049 936 3086 lusum
949 3063 987 3087 ac
999 3053 1116 3096 jocum
1148 3067 1158 3088 ε

1188 3064 1260 3086 non

1315 1991 1477 2027 maximis
1488 1992 1663 2029 itineribus
1673 1993 1776 2042 potest
1786 1995 1822 2030 in
1831 1994 1984 2030 Galliam
2000 1993 2191 2030 ulteriorem
2211 2005 2340 2032 conten-

1314 2042 1367 2076 dit
1375 2071 1386 2085 ,
1417 2040 1469 2085 Εἴ
1481 2044 1529 2078 ad
1539 2048 1714 2080 Genevam
1716 2045 1887 2092 pervenit.

1370 2098 1416 2128 Et
1436 2092 1557 2139 statim
1597 2094 1726 2142 quaestor
1749 2095 1816 2143 ejus
1863 2096 1900 2130 in
1934 2095 2165 2143 prejudicium
2187 2102 2339 2142 arreptus

1315 2141 1391 2191 est.]
1421 2143 1562 2180 Vellem
1590 2144 1721 2181 dietum
1771 2145 1896 2181 lanius:
1927 2158 2016 2181 nunc
2036 2146 2130 2181 enim
2148 2157 2273 2194 anceps
2298 2158 2338 2181 ο-1

1313 2194 1410 2230 ratio,
1450 2205 1523 2230 tam
1551 2195 1646 2231 enim
1676 2158 1847 2245 possiimus
1872 2195 1915 2231 de
1936 2194 2102 2245 quaestore
2129 2195 2267 2231 Caesaris
2285 2207 2340 2231 ac-

1315 2245 1427 2294 cipere
1444 2273 1455 2287 ,
1482 2246 1538 2295 qui
1564 2257 1704 2282 euntem
1741 2247 1776 2282 in
1803 2247 2016 2296 provinciam
2055 2256 2126 2281 erat
2159 2247 2340 2281 comitatu-

1315 2307 1389 2337 rus,
1418 2309 1522 2345 quam
1554 2296 1596 2332 de
1624 2310 1668 2332 eo
1699 2298 1755 2347 qui
1786 2296 1846 2332 fuit
1874 2297 1988 2332 eidem
2025 2294 2153 2332 consuli
2180 2295 2335 2346 quaestor,

1315 2348 1396 2381 Hoc
1416 2346 1556 2390 melius,
1587 2345 1646 2382 nisi
1665 2345 1773 2384 fallor.
1825 2350 1911 2383 Non
1929 2348 2023 2383 enim
2050 2344 2090 2382 fit
2119 2347 2205 2382 mihi
2223 2344 2339 2384 verifi-

1313 2396 1415 2438 mile,
1446 2397 1520 2447 post
1548 2397 1680 2433 abitum
1708 2396 1847 2434 Caesaris
1876 2396 2072 2434 remansisse
2099 2398 2134 2433 in
2157 2396 2239 2434 urbe
2266 2399 2337 2441 ejus

1312 2458 1388 2482 tum
1428 2447 1643 2497 quaestorem.
1719 2447 1923 2485 Consulibus
1964 2460 2080 2485 autem
2122 2447 2198 2484 suos
2241 2445 2336 2483 fuifle

1312 2497 1517 2548 quaestores,
1545 2499 1676 2535 clarum
1708 2512 1749 2536 ex
1782 2499 1870 2537 Livii
1904 2497 1992 2536 libro
2025 2510 2147 2551 quarto
2162 2526 2173 2543 ,
2211 2498 2337 2534 Dionis

1314 2560 1469 2585 vaxlr.

1679 2602 1716 2637 V
1741 2612 1763 2635 A
1792 2611 1818 2635 R
1846 2612 1862 2636 1
1889 2613 1913 2636 0
1939 2612 1978 2635 R.

1373 2663 1427 2694 23.
1454 2647 1718 2697 cognitionem]
1748 2648 1804 2685 Est
1823 2660 1940 2686 autem
1958 2650 2129 2699 cognitio,
2159 2652 2205 2687 ait
2223 2650 2336 2700 Scipio

1317 2700 1456 2736 Gentilis
1476 2713 1503 2736 1.
1523 2698 1555 2734 d.
1584 2697 1702 2741 Jurisd.
1726 2714 1778 2743 33.
1798 2700 2075 2736 extraordinaria
2092 2700 2336 2748 Alagzstratm,

1318 2749 1373 2785 vel
1392 2749 1574 2796 Principis,
1606 2749 1647 2783 de
1673 2749 1792 2798 aliqua
1802 2763 1836 2784 re
1843 2750 1997 2797 graviori
2023 2751 2111 2786 notio
2129 2749 2181 2793 [ej
2202 2751 2338 2799 judica-

1316 2801 1372 2835 tio.
1430 2799 1496 2836 Sed
1525 2799 1559 2834 id
1585 2801 1643 2837 vix
1669 2800 1800 2837 videtur
1838 2799 2050 2850 procedere,
2091 2801 2183 2851 quod
2219 2801 2338 2838 dixerit

1316 2848 1381 2886 effe
1401 2851 1582 2886 notionem
1603 2851 1643 2885 de
1668 2862 1702 2885 re
1728 2850 1848 2899 aliqua
1875 2850 2058 2899 graviori,
2096 2852 2263 2901 quoniam
2289 2851 2337 2887 est

1317 2902 1421 2936 etiam
1440 2900 1483 2935 de
1500 2914 1536 2936 re
1555 2902 1747 2951 pecuniaria
1765 2914 1837 2936 non
1856 2914 2006 2951 magna,
2037 2900 2139 2940 veluti
2149 2902 2190 2937 de
2205 2914 2338 2937 merce-

1316 2950 1434 2994 dibus,
1462 2964 1537 3000 quae
1567 2964 1675 3001 praece
1715 2952 1829 2988 oribus
1849 2951 2037 2988 studiorum
2065 2951 2252 2988 liberalium
2278 2950 2337 2987 de-

1317 3001 1446 3038 bentur.
1506 3005 1588 3038 Imo
1605 3005 1642 3039 ὃ(
1687 3015 1705 3037 e
1731 3003 1870 3038 nutritiis
1895 3005 1932 3038 ὅ(
1956 3003 1994 3038 iis
2011 3031 2022 3045 ,
2063 3015 2138 3051 quae
2156 3003 2191 3037 in
2213 3001 2336 3037 alimo-

1314 3052 1410 3087 niam
1436 3049 1606 3088 infantum
1642 3053 1904 3102 impenduntur,
1934 3065 1970 3088 ut
1993 3053 2094 3102 liquet
2120 3065 2161 3087 ex
2194 3051 2213 3089 l.
2239 3065 2266 3087 ι.
2298 3054 2337 3087 &

238 3096 334 3137 enim
343 3096 492 3134 alludere
503 3098 555 3138 hic
566 3100 765 3151 interpretor
777 3101 999 3145 olamansed
1015 3100 1260 3150 προ-παίζειν.
1315 3101 1335 3139 l.
1355 3116 1389 3148 4.
1413 3100 1452 3142 ff.
1471 3101 1515 3140 de
1535 3115 1616 3141 extr.
1640 3115 1740 3153 cogn.
1765 3104 1903 3141 Rectius
1922 3104 2033 3152 imque
2051 3099 2196 3146 (initiet,
2221 3100 2278 3137 vel
2293 3102 2337 3136 de

2298 3162 2335 3199 re
