2504 3425
601 174 1110 233 CCAEsAR
1188 179 1786 240 CALIGULA.
2144 207 2251 264 415

167 265 355 313 manibus
376 264 428 313 ac'
444 265 532 313 sinu
554 269 693 315 omnis
704 271 869 332 generis
886 270 1003 316 turba
1017 269 1229 318 fundebat.
1295 275 1534 322 Novissime
1548 278 1848 325 contrectandae
1864 280 2047 340 pecuniae
2059 283 2256 343 cupidine

164 331 352 376 incensus
377 366 389 386 ,
434 329 535 394 saepe
569 331 688 396 super
719 334 943 380 immensos
963 351 1180 381 aureorum
1200 352 1362 383 acervos
1384 340 1664 401 patentiffimo
1683 341 1853 388 diffusos
1873 345 1971 389 loco
1994 380 2007 400 ‚
2051 349 2094 390 δε
2129 347 2251 393 nudis

81 411 136 458 43
162 393 335 455 pedibus
363 392 574 456 spatiatus,
610 403 652 442 δε
689 411 779 442 toto
800 414 972 459 corpore
1005 399 1255 461 aliquamdiu
1288 403 1492 448 volutatus
1527 403 1597 451 est.
1666 407 1866 452 Militiam
1901 406 2046 467 resque
2081 408 2251 456 bellicas

159 455 284 504 semel
305 460 464 521 attigit,
499 477 637 523 neque
660 478 710 506 ex
728 459 928 507 destinato
942 497 954 517 ‚
988 459 1055 506 sed
1073 478 1168 507 cum
1189 463 1236 507 ad
1256 463 1470 511 visendum
1493 484 1638 514 nemus
1657 469 1899 533 flumenque
1924 472 2249 519 ClitumniMe-

159 523 322 568 vaniam
347 522 617 583 processisset:
650 525 885 571 admonitus
904 525 952 570 de
977 523 1206 587 supplendo
1226 544 1402 574 numero
1423 533 1696 589 Batavorum,
1729 551 1835 596 quos
1860 537 1969 581 circa
1980 534 2019 580 se
2041 535 2242 593 habebat,

92 584 93 587 ’
156 585 434 647 expeditionis
457 588 721 633 Germanicae
746 591 952 651 impetum
975 591 1106 650 cepit:
1143 607 1279 650 neque
1303 591 1482 649 distulit,
1519 594 1585 640 sed
1604 597 1844 660 legionibus
1863 604 1906 644 ὃς
1931 601 2094 645 auxiliis
2118 600 2243 646 undi-

157 666 242 712 que
262 651 427 705 excitis,
462 651 682 697 dileetibus
701 652 859 713 ubique
883 652 1138 698 acerbissime
1158 655 1256 698 actis
1282 689 1293 708 ‚
1330 659 1544 702 contrafto
1567 663 1608 703 ἃ
1632 663 1770 705 omnis
1789 664 1952 723 generis
1973 679 2237 720 commeatu,

154 727 360 775 quantum
381 731 611 778 numquam
636 716 761 771 alius,
796 717 873 761 iter
891 716 1090 778 ingressus
1114 715 1195 762 est:
1229 716 1497 782 confecitque
1521 723 1650 768 modo
1670 738 1752 768 tam
1767 723 2235 789 festinanter&rapide‚

154 791 199 822 ut
222 781 469 839 praetorianae
495 778 683 824 cohortes
704 793 847 825 contra
870 796 1030 824 morem
1049 778 1160 842 signa
1181 783 1378 838 jumentis
1403 784 1640 845 imponere,
1676 792 1717 831 &
1741 790 1795 832 ita
1820 787 2009 853 subsequi
2033 809 2237 854 cogeren-

151 852 243 886 tur:
275 842 483 887 interdum
506 842 609 887 adeo
634 841 812 903 segniter
837 847 880 888 &
903 843 1100 899 delicate,
1136 857 1182 889 ut
1200 844 1435 906 oetophoro
1447 847 1686 905 veheretur,
1721 864 1845 912 atque
1867 870 1887 897 a
1911 855 2235 917 propinquarum

71 927 133 973 44
152 903 319 949 urbium
338 903 461 966 plebe
486 908 591 950 verri
614 903 688 950 sibi
711 907 817 963 vias,
863 912 907 952 &
931 905 1148 969 conspergi
1170 922 1337 970 propter
1354 911 1568 970 pulverem
1589 914 1784 974 exigeret.
1852 915 2075 979 Postquam
2110 917 2235 966 castra

150 969 290 1030 attigit
304 1002 317 1023 ‚
352 981 397 1013 ut
419 967 458 1012 se
477 985 611 1015 acrem
630 974 673 1014 δε
694 968 880 1016 severum
900 971 1049 1016 ducem
1070 970 1326 1028 ostenderet,
1361 975 1540 1036 legatos,
1575 978 1647 1038 qui
1671 978 1818 1024 auxilia
1837 977 1958 1025 serius
1978 997 2028 1025 ex
2063 980 2231 1030 diversis

147 1031 252 1076 locis
270 1030 537 1088 adduxerant,
574 1049 670 1079 cum
692 1035 928 1096 ignominia
941 1034 1106 1080 dimisit.
1171 1040 1233 1081 At
1251 1038 1295 1081 in
1315 1040 1496 1084 exercitu
1519 1039 1772 1086 recensendo
1792 1077 1805 1098 ,
1848 1043 2051 1107 plerisque
2084 1060 2233 1091 centu-

143 1096 311 1140 rionum
336 1098 503 1142 maturis
524 1101 627 1155 jam,
665 1102 709 1143 ὃς
731 1100 947 1145 nonnullis
966 1113 1059 1145 ante
1084 1099 1344 1162 pauciss'imos
1364 1119 1488 1164 quam
1505 1103 1828 1152 consummaturi
1848 1106 1975 1153 eflent
1998 1108 2110 1164 dies’,
2142 1111 2238 1171 pri-

145 1175 238 1215 mos
259 1160 367 1223 pilos
389 1159 544 1208 ademit
559 1198 573 1220 ,
605 1161 797 1210 caussatus
814 1161 976 1211 senium
993 1164 1189 1227 cujusque
1215 1169 1259 1212 δι
1282 1164 1633 1215 imbecillitatem:
1669 1187 1899 1219 ceterorum
1919 1174 2132 1284 increpital
2155 1189 2231 1219 cu-

2059 1253 2104 1301 pl
2134 1250 2235 1285 itate

461 1352 834 1391 ΤοιιεΝτ.

199 1457 277 1502 Sepe
292 1449 429 1499 sapen]
481 1453 601 1490 Distio
620 1452 697 1501 ssepe
721 1465 795 1490 non
824 1451 872 1489 est
898 1453 934 1489 in
957 1450 1160 1502 quibusdam

144 1501 370 1552 exemplar-ib.
386 1513 452 1537 nec
468 1502 571 1539 male.

1571 1357 1879 1397 VARIOR.-

1267 1453 1443 1491 Volutatus
1460 1453 1536 1501 cst]
1575 1457 1697 1496 Codex
1713 1458 1853 1497 Salmas.
1873 1460 2068 1510 voluptatus
2087 1461 2150 1510 est.

1264 1517 1321 1548 43.
1349 1503 1578 1553 Deterrima]
1640 1508 1762 1546 Codex
1791 1510 1929 1550 Salmas]
1962 1515 2068 1552 etiam
2095 1513 2226 1550 dileat:

199 1567 257 1597 43.
288 1550 493 1600 flumenque
508 1551 678 1588 Clitumni
694 1551 942 1598 Mevaniam]
976 1551 1055 1589 Lib.
1072 1565 1159 1589 unus
1208 1551 1278 1590 bus.

142 1599 303 1638 Clitunni
321 1629 332 1644 ‚
380 1612 417 1638 ut
453 1606 642 1639 Autunnus
660 1630 671 1645 ,
714 1607 903 1638 Vertunnus
927 1603 962 1638 in
992 1601 1155 1652 antiquiss:

143 1650 246 1689 codd.
296 1650 389 1689 Vide
415 1653 572 1690 Servium
596 1654 631 1689 in
654 1651 733 1689 illud
766 1651 900 1701 Virgilii
929 1666 982 1691 ιι.
1023 1655 1153 1704 Georg.

140 1703 233 1757 Hine
246 1700 316 1786 alai
334 1700 512 1737 Clitumne
527 1714 649 1750 greges.
705 1703 867 1741 Mevania
881 1715 967 1742 vero
986 1703 1159 1755 Propertii

187 1761 246 1785 tria
264 1763 283 1786 e
313 1778 322 1786 .

140 1760 444 1848 Palmpetaeepit]
475 1799 594 1837 Nostri
615 1813 692 1838 mss.
715 1814 842 1840 omnes
859 1803 936 1852 imp.
947 1803 1046 1849 fecit.
1075 1803 1162 1842 Mal-

1263 1605 1443 1652 44.Qam
1454 1605 1719 1651 conficmmaturi
1729 1607 1837 1657 effettt,
1841 1612 1969 1658 primos
1972 1613 2056 1662 pilos
2063 1612 2224 1661 ademit]

1213 1652 1264 1689 Sic
1276 1657 1455 1693 Frontinus
1465 1655 1522 1692 lib.
1540 1670 1591 1694 xv.
1604 1661 1805 1709 Stratagem.
1824 1675 1835 1696 1
1848 1675 1859 1696 1
1873 1676 1899 1699 1.
1913 1677 1953 1700 x1
1966 1677 1994 1701 1.
2006 1670 2059 1702 M.
2072 1665 2198 1701 Curius
2208 1692 2221 1708 ,

1212 1715 1288 1739 cum
1305 1705 1408 1741 viciis
1436 1706 1478 1742 ab
1501 1720 1535 1741 eo
1559 1709 1689 1744 Sabinis
1715 1722 1758 1745 ex
1777 1710 2059 1762 finatusconsulto
2083 1715 2227 1762 amplia-

1212 1763 1306 1790 retur
1328 1757 1359 1791 εἰ
1382 1757 1499 1793 modus
1515 1757 1589 1806 agri
1606 1786 1618 1802 ,
1648 1772 1746 1808 quem
1763 1761 1984 1808 consummati
1999 1765 2124 1801 milites
2143 1767 2227 1800 acci-

1207 1803 1369 1851 piebant,
1391 1805 1579 1855 gregalium
1599 1810 1748 1856 portione
1772 1820 1943 1848 contentus
1961 1814 2058 1859 fuit,
2085 1815 2225 1850 Malum

141 1848 214 1887 lem
236 1852 338 1898 coepit
354 1878 367 1894 ‚
401 1860 437 1888 ut
455 1850 543 1901 Aug.
568 1862 643 1901 cap.
677 1862 782 1890 xL11.
810 1855 971 1903 impetum
981 1854 1020 1902 se
1042 1850 1162 1904 coeptffe
1215 1866 1325 1892 czvem
1349 1857 1465 1893 dicens
1479 1886 1490 1901 ,
1516 1857 1572 1894 cui·
1586 1870 1651 1893 non
1666 1858 1738 1906 effi’t
1757 1861 1815 1903 id,
1853 1863 1940 1909 quod
1959 1865 2098 1908 ceteris,
2124 1865 2232 1912 saus.

155 1898 263 1936 cribit.

131 1900 166 1949 s
194 1948 420 1997 manibus]
452 1953 540 1988 Tres
556 1950 630 1988 libri
650 1951 826 1990 diiambus
843 1981 856 1997 ‚
884 1964 920 1990 ut
936 1952 1010 1992 fere
1022 1956 1057 1992 in
1066 1967 1158 1994 vetu-

137 1999 286 2037 stiffimis
300 2000 564 2048 exemplaribus.
623 2001 735 2039 Festus
753 2031 765 2047 ,
801 2004 956 2042 Dilectus
983 2005 1159 2050 militum,

139 2049 193 2094 ξς
217 2051 246 2087 is
265 2050 548 2100 quifigniji'catur
566 2061 706 2088 amatus
721 2080 733 2095 ,
761 2065 784 2088 a
810 2053 942 2102 legendo
961 2055 1046 2091 dieti
1061 2055 1155 2103 sunt.

137 2101 250 2152 Atque
275 2102 321 2137 ita
353 2103 388 2138 in
413 2102 521 2140 Pand.
549 2103 749 2140 Florentinis
773 2102 932 2141 scribitur.
992 2106 1088 2154 Qin
1116 2110 1153 2144 ὃ(

138 2152 336 2201 diligenter,
367 2151 399 2188 id
424 2151 493 2195 est,
526 2167 608 2190 cum
627 2152 771 2196 dilectu,
789 2154 1061 2205 interpretamur.
1080 2157 1157 2194 Ubi-

137 2216 202 2253 que
221 2203 326 2240 etiam
346 2215 408 2252 pro
430 2203 580 2253 undique
599 2203 798 2253 legendum.

152 2289 158 2292 ,
193 2256 375 2301 Qantum
394 2265 570 2302 nunquam
588 2252 706 2302 anta]
745 2253 841 2291 Libri
872 2268 1000 2294 omnes
1023 2257 1154 2295 diverse

138 2302 215 2341 haec
235 2304 351 2340 edunt.
407 2305 507 2352 Lego
526 2318 544 2340 e
560 2304 694 2342 duobus
704 2304 966 2355 probatissimis,
992 2321 1154 2346 commea-

135 2363 177 2391 tu
193 2363 320 2403 quanto
337 2365 513 2402 nunquam
531 2354 618 2391 alter
637 2365 738 2399 ante,
762 2355 802 2392 it.
821 2356 907 2405 ingr.
933 2358 985 2405 est.

192 2418 249 2448 43.
261 2403 413 2439 Maturis
423 2403 536 2452 μνη]
564 2410 721 2442 Maturos
737 2417 842 2444 vocat
856 2436 869 2451 ,
912 2410 970 2458 qui
987 2408 1151 2459 stipendia

134 2454 375 2503 impleverant.
432 2454 590 2491 Tiberius
619 2458 680 2503 (ut
691 2467 771 2492 ante
780 2455 912 2495 distum
923 2458 994 2506 est)
1022 2461 1152 2499 miffio-

138 2518 201 2542 nes
219 2515 460 2543 veteranorum
478 2503 656 2543 rariffimas
674 2505 826 2543 faciebat
841 2535 852 2551 ‚
882 2522 923 2545 ex
939 2509 1034 2547 senio
1052 2525 1148 2548 mor-

138 2566 236 2598 tem,
276 2568 317 2591 ex
337 2565 449 2589 morte
467 2556 719 2605 compendium
735 2568 889 2606 captans.

136 2605 190 2644 tio
205 2607 332 2652 Cajum
352 2604 476 2642 movit.

945 2560 1079 2599 Eadem
1100 2576 1151 2599 ra·

447 2708 834 2747 Cesaunon.

194 2819 251 2851 44.
276 2807 464 2843 Commoda
479 2810 619 2843 emerita
645 2807 773 2845 militia
796 2809 844 2845 ad
862 2808 983 2857 senum
1004 2812 1151 2849 millium

132 2855 308 2906 stammam
324 2856 493 2904 rescidit]
528 2859 689 2895 Omnino
706 2870 805 2896 certae
817 2860 1058 2898 &indubitatae
1069 2861 1150 2900 fidei

139 2906 189 2944 est
207 2906 277 2943 haec
308 2905 410 2944 lectio
427 2937 439 2951 ‚
486 2921 592 2958 quam
618 2911 817 2946 anatot-itate
842 2912 968 2948 Dionis
992 2923 1070 2948 ante
1088 2927 1152 2952 nos

139 2956 342 2994 Torrentius
356 2962 394 2995 ὅ(
410 2957 562 3009 Lipsius,
591 2958 661 2997 duo
678 2961 726 2996 rei
747 2960 900 2999 literaria:
919 2962 1047 2999 lumina
1059 2992 1071 3006 ,
1092 2964 1153 3001 sta-

142 3005 332 3046 biliverunt.
389 3010 518 3045 Mirum
535 3009 613 3046 sane
630 3024 755 3048 omnes
770 3023 903 3050 veteres
923 3013 1068 3049 scribere
1078 3015 1155 3062 sex-

140 3064 318 3094 centorum.
349 3071 423 3109 quae
452 3058 593 3099 absurda
616 3061 718 3101 lectio
742 3074 822 3100 nata
847 3062 918 3102 fine
948 3063 1054 3102 dubio
1068 3065 1117 3113 est
1136 3080 1154 3102 e

141 3108 239 3155 §ocis
248 3107 369 3156 senum
384 3121 537 3149 accentu.
885 3134 890 3139 -

1216 1906 1300 1952 Quo
1316 1908 1350 1943 in
1369 1907 1449 1943 loco
1468 1907 1552 1944 dum
1567 1904 1686 1944 frustra
1704 1909 1898 1958 ingeniosus
1917 1912 1966 1949 est
1979 1926 2125 1964 magnus
2136 1919 2225 1952 Tur-

1212 1956 1341 2000 nebus,
1353 1961 1389 1994 &
1400 1969 1514 1994 totum
1524 1969 1682 2007 cap.xxx1
1697 1973 1706 1994 1
1721 1973 1748 1996 1.
1758 1958 1920 2000 libi-ixxx.
1932 1962 2102 2014 disperdit.
2131 1966 2226 2016 Quid

1214 2007 1308 2042 enim
1338 2006 1450 2045 simile
1477 2007 1524 2045 est
1550 2010 1637 2044 inter
1661 2009 1902 2056 consummatos
1926 2014 2050 2050 milites
2086 2020 2126 2053 δ(
2151 2031 2232 2054 con-⁷

1201 2055 1391 2103 flammatos
1398 2059 1553 2107 sumptus
1575 2058 1782 2106 edificiorum
1795 2070 1810 2098 ,Ρ
1835 2062 1879 2098 At
1896 2062 1972 2108 ille,
2000 2067 2230 2115 Consumma-

1209 2115 1278 2150 tos,
1304 2108 1432 2158 inquit,
1461 2108 1634 2159 intellige,
1671 2110 1728 2158 qui
1747 2110 1781 2146 in
1802 2111 2027 2163 affignatione
2054 2129 2221 2167 agrorum

1209 2157 1308 2193 multi
1339 2161 1445 2208 (puta
1466 2160 1577 2197 viceni
1595 2170 1655 2196 aut
1672 2160 1815 2209 triceni)
1844 2163 1879 2199 in
1898 2163 2045 2216 singulas
2054 2171 2221 2207 centurias

1209 2206 1264 2244 seu
1282 2207 1414 2247 ducena
1434 2212 1549 2257 jugera
1568 2211 1639 2260 agri
1657 2212 1966 2252 contribuebantur
1991 2221 2030 2254 δε
2062 2219 2097 2254 in
2112 2232 2220 2256 unam

1206 2257 1382 2298 summam
1403 2260 1649 2310 colligebantur
1673 2276 1682 2298 :
1720 2274 1803 2300 nam
1827 2263 1978 2303 senatum
2000 2295 2012 2310 ‚
2051 2281 2220 2318 quantum

1206 2310 1320 2346 multis
1357 2312 1518 2348 militibus
1546 2313 1579 2348 in
1608 2323 1716 2349 unam
1740 2311 1917 2350 summam
1943 2316 2094 2356 collectis
2120 2320 2220 2357 cede-

1207 2358 1286 2403 bat,
1316 2361 1387 2398 dari
1406 2363 1512 2399 Curio
1531 2359 1679 2400 voluiss'e.
1738 2366 1830 2413 Ergo
1846 2367 1921 2415 quia
1942 2365 2061 2416 singuli
2082 2383 2218 2419 quater-

1203 2421 1248 2446 na
1265 2411 1354 2453 dena
1379 2412 1595 2462 accipiebant
1617 2415 1732 2462 jugera
1750 2442 1762 2456 ,
1798 2417 1833 2451 ut
1857 2416 1956 2453 tradit
1973 2419 2129 2457 Aurelius
2157 2424 2219 2459 Vi·

1203 2462 1297 2506 stor,
1330 2466 1367 2499 δε
1387 2463 1644 2501 consummatus
1658 2463 1712 2499 ille
1729 2477 1892 2502 numerus
1918 2466 2033 2505 forsan
2062 2483 2135 2508 erar
2163 2476 2219 2508 tri-

1204 2524 1395 2557 cenorum,
1425 2515 1531 2551 Curio
1558 2514 1809 2552 destinaverunt
1832 2517 2080 2570 quadringenta
2100 2523 2218 2573 viginti

1205 2563 1331 2612 jugera.
1392 2566 1546 2614 Lai-gitio
1571 2577 1592 2601 a
1616 2564 1804 2613 fi-ugalirate
1828 2578 2029 2618 temporum
2066 2574 2216 2609 omnino

1203 2612 1403 2652 abhorrens.
1459 2619 1585 2665 Neque
1610 2614 1800 2653 sufficiebat
1818 2617 1905 2662 hoc3
1935 2619 2039 2657 etiam
2063 2622 2220 2672 ampliari

1202 2664 1399 2711 oporte-bat.
1461 2666 1619 2702 Valerius
1657 2667 1828 2703 Maximus
1859 2671 1894 2703 δε
1921 2668 2044 2707 Plinius
2080 2671 2218 2723 septena

1203 2712 1385 2763 adsignata
1404 2714 1561 2752 sciibunt.
1601 2716 1654 2752 hic
1675 2716 1722 2752 est
1744 2716 1797 2752 ille
1818 2717 1944 2754 modus
1961 2748 1972 2763 ,
2008 2734 2116 2770 quem
2146 2737 2220 2759 con-

1191 2764 1361 2810 summati
1396 2764 1467 2803 five
1506 2768 1637 2802 emeriti
1672 2765 1798 2803 milites
1833 2766 1952 2817 linguli
1981 2769 2217 2813 sortiebantur.

1200 2814 1356 2851 Valerius
1377 2815 1469 2852 addit
1490 2816 1695 2865 septuagena
1716 2818 1822 2853 Curio
1840 2817 1975 2856 decreta
1996 2835 2004 2856 :
2031 2822 2097 2859 hoc
2116 2823 2161 2859 est
2183 2825 2225 2860 i'-

1201 2863 1259 2901 lud
1279 2866 1433 2916 amplius.
1493 2867 1599 2914 Qiod
1620 2868 1782 2904 Suetonio
1807 2867 1853 2904 est
1868 2871 2119 2917 consummare,
2142 2878 2219 2911 Mo-

1202 2914 1349 2954 destinus
1369 2918 1495 2965 explere
1511 2919 1589 2953 dicit
1608 2916 1627 2953 l.
1654 2931 1703 2955 ικ.
1729 2934 1768 2954 π.
1797 2931 1848 2955 11.
1879 2920 1999 2956 Dsde
2027 2923 2219 2962 Excnsstio-

1201 2966 1323 3003 nibus:
1353 2968 1426 3015 {Qss'
1437 2968 1588 3015 primum
1602 2967 1712 3014 pilum
1734 2968 1893 3018 explevit.
1953 2974 2128 3011 Guorstav,
2224 2975 2227 2977 ’

1256 3031 1312 3061 44.
1345 3020 1472 3054 Primos
1485 3017 1568 3066 pilos
1589 3018 1760 3065 adramis]
1803 3022 1900 3059 Nota
1927 3034 1988 3071 pro
2006 3025 2124 3072 prima
2145 3026 2219 3074 pila

1202 3065 1260 3103 seu
1269 3068 1422 3116 primum
1433 3066 1557 3118 pilum.
1584 3071 1770 3112 <ime-rus.

1644 3168 1719 3208 ffs
1744 3186 1757 3216 3
2076 3180 2107 3214 T
2138 3191 2159 3215 o
2188 3193 2231 3216 R-
