2504 3425
460 168 928 224 DOCTAV.
1004 167 1316 222 CAESAR
1374 165 1886 220 AUGUSTUS.
2106 176 2207 231 197

123 267 370 315 &maxime
411 265 582 310 Latinos
614 279 626 308 τ
661 278 748 307 non
783 262 993 323 legitimos
1025 274 1148 324 atque
1182 260 1411 306 ordinarios
1445 258 1573 304 modo
1595 293 1608 314 ‚
1644 274 1752 320 quos
1787 258 1912 301 etiam
1945 255 2206 301 committere

118 349 212 378 cum
237 330 398 376 Graecis
427 327 583 373 solebat
614 345 624 372 :
658 326 726 372 sed
760 330 803 370 δε
841 326 1082 370 catervarios
1115 324 1346 386 oppidanos
1378 325 1485 369 inter
1518 320 1720 386 angustias
1752 323 1942 366 vicorum
1975 334 2206 380 pugnantes

120 400 337 441 temere‘ac
360 392 443 438 fine
465 405 560 437 arte.
627 388 883 435 Universum
909 387 1091 450 denique
1115 405 1248 450 genus
1269 403 1410 448 operas
1442 387 1600 450 aliquas
1633 385 1803 448 publico
1835 383 2068 445 spe&aculo
2102 399 2206 444 prae·

119 459 308 504 bentium
321 492 334 513 ,
369 459 492 502 etiam
514 472 607 500 cura
631 455 696 498 sua
717 454 909 516 dignatus
933 451 1006 498 est.
1069 453 1253 497 Athletis
1284 456 1326 495 &
1352 450 1610 496 conservavit
1633 450 1878 511 privilegia,
1909 452 1952 492 δε
1976 447 2202 507 ampliavit.

117 523 378 569 Gladiatores
392 521 474 566 fine
490 516 679 565 miffione
692 517 758 562 edi
773 516 998 579 prohibuit.
1035 516 1351 560 Coercitionem
1368 517 1409 558 in
1424 513 1644 560 histriones
1659 549 1668 566 ,
1705 510 2006 575 magistratibus
2023 511 2066 554 in
2083 512 2203 555 omni

116 601 302 648 tempore
335 589 378 629 &
413 586 510 630 loco
544 583 634 644 lege
681 597 817 626 vetere
861 578 1088 641 permissam
1111 615 1124 634 ,
1168 577 1320 623 ademit
1353 595 1364 621 ε
1399 592 1667 640 praeterquam
1701 577 1805 622 ludis
1836 581 1880 620 &
1905 575 2034 621 scena.
2104 575 2203 620 Nec

120 666 258 695 tamen
285 666 336 693 eo
362 650 497 693 minus
526 659 594 691 aut
617 642 865 704 xysticorum
898 646 1165 698 certationes,
1200 655 1267 685 aut
1300 641 1572 702 gladiatorum
1596 657 1753 703 pugnas
1774 638 2022 685 severiffime
2044 636 2207 700 semper

119 715 268 776 exegit.
337 714 449 757 Nam
490 707 737 754 histrionum
770 708 980 752 licentiam
1017 707 1119 751 adeo
1157 703 1412 765 compescuit
1438 740 1449 758 ‚
1493 719 1539 748 ut
1571 703 1894 764 Stephanionem
1930 704 2204 765 togatarium‚

118 780 185 825 cui
219 779 263 822 in
297 776 496 838 puerilem
528 770 715 816 habitum
749 768 1064 817 circumtonsam
1099 783 1327 814 matronam
1376 766 1612 813 ministraffe
1658 781 1946 828 compererat,
1992 783 2064 829 per
2096 768 2204 811 trina

2047 829 2203 876 theatra

1183 913 1326 953 utputo.
1358 914 1399 939 ea
1428 903 1522 939 enim
1548 902 1688 952 Augusti
1712 913 1870 951 tempore
1896 899 2055 944 fuerunt,
2081 913 2201 950 praeter

436 964 471 1000 T
499 976 522 999 o
552 973 575 998 R
604 972 627 998 R
659 970 680 996 Ε
706 970 729 996 Ν
762 969 798 996 τ.
1182 953 1476 1003 amphitheatrum
1490 953 1605 989 Statilii
1622 954 1738 990 Tauri.
1785 950 1907 988 Strabo
1925 950 1981 986 lib.
1993 965 2026 988 v.
2045 950 2200 988 &Ovich

1179 1002 1238 1040 lib.
1258 1017 1292 1040 11
1308 1018 1334 1041 1.
1355 1004 1397 1041 de
1407 1005 1487 1040 Arte
1497 1003 1639 1040 amandi
1659 1018 1672 1040 ·.
1700 1001 1796 1051 Vzfite
1807 1000 1981 1050 conspicuis
1997 1010 2094 1037 terna
2107 1000 2202 1037 thea-

163 1066 380 1102 Committere
393 1075 469 1100 cum
480 1058 631 1107 Gracia]
665 1060 720 1096 An
730 1071 814 1109 ergo
832 1057 898 1094 huc
910 1054 1038 1108 respicit
1048 1056 1125 1092 Ho-
1178 1063 1235 1090 tra
1253 1053 1343 1091 locis.

109 1126 168 1153 rat.
190 1115 289 1165 Epist.
308 1114 350 1150 ad
368 1111 578 1163 Augustum,
609 1123 690 1147 curn
710 1111 757 1147 ait
770 1124 781 1146 ι

188 1165 341 1202 Venimus
356 1165 403 1199 ad
419 1166 587 1208 summurn
598 1160 741 1205 fortune
767 1175 777 1194 .·
801 1158 992 1208 pingimus,
1021 1166 1122 1205 atque
1477 1159 1508 1193 C
1536 1169 1557 1192 A
1588 1168 1604 1192 s
1635 1167 1657 1191 A
1686 1168 1710 1192 u
1741 1167 1761 1191 Β
1791 1168 1813 1192 0
1845 1166 1882 1192 N.

123 1222 127 1225 '
185 1214 386 1264 Psallimus,
412 1209 468 1256 ’ζ’-’δ’
488 1212 658 1247 luctamur
673 1209 823 1247 Achivis
838 1209 965 1245 dociius
984 1208 1092 1244 unctis
1108 1214 1123 1241 ?

159 1263 415 1311 Catervarios.]
446 1266 547 1310 Qios
564 1262 771 1297 catervarios
789 1271 910 1302 vocet,
925 1258 993 1310 ipse
1014 1257 1123 1306 expri-
1232 1254 1471 1301 Coercitionem
1487 1257 1524 1292 in
1537 1255 1717 1303 histrzones.
1732 1257 1746 1303 ]
1763 1259 1843 1293 Hoc
1856 1252 1904 1290 est
1913 1281 1923 1296 ,
1926 1262 1988 1301 sm
2005 1253 2197 1302 virgarum.

106 1316 180 1352 mit.
198 1315 319 1353 Similis
337 1327 453 1352 autem
465 1317 601 1350 Seneca:
613 1310 706 1348 locus
716 1310 771 1347 lib.
785 1310 827 1346 de
838 1311 1024 1347 Bi·ev.vitoe
1045 1319 1117 1357 cap.
1178 1308 1318 1344 Tacitus
1334 1307 1391 1344 lib.
1413 1322 1439 1344 1.
1459 1306 1582 1344 Annal.
1602 1319 1666 1357 cap
1687 1320 1744 1353 77.
1778 1308 1908 1343 Actum
1927 1303 1967 1338 de
1986 1316 2026 1339 ea
2032 1303 2198 1352 seditione

106 1379 145 1401 x1
160 1381 187 1402 1.
205 1364 479 1403 ubidefidiosam
497 1362 606 1399 divitis
624 1362 892 1411 occupationem
908 1359 1099 1396 describens
1115 1369 1124 1391 :
1173 1358 1265 1403 apud
1274 1367 1390 1405 patres
1417 1373 1426 1392 :
1457 1357 1719 1405 dicebanturque
1738 1356 1928 1404 sententia,
1953 1363 1994 1389 ut
2005 1352 2200 1402 pratoribm

106 1416 180 1462 Qi
194 1416 357 1464 spcc‘iator
387 1416 398 1462 (
419 1412 558 1464 inquit)
591 1421 770 1459 puerorum
799 1411 991 1446 rixantium
1002 1408 1118 1457 sedet,
1165 1406 1223 1454 jus
1244 1408 1425 1456 virgarum
1443 1407 1481 1443 in
1503 1406 1673 1452 histriones
1709 1406 1781 1454 esset
1809 1422 1819 1441 .-
1849 1402 2020 1450 intercessit
2035 1404 2200 1440 Haterius

105 1468 164 1513 qui
181 1468 516 1513 vinfforumfitorum
534 1475 642 1511 greges
659 1471 808 1497 metatur
821 1489 833 1504 ,
863 1459 915 1503 &³
934 1459 1120 1496 colonorum
1175 1457 1325 1506 Agrippa
1355 1457 1509 1493 tribunus
1520 1456 1625 1504 plebis
1643 1473 1652 1491 :
1671 1457 1912 1504 increpitusque
1930 1454 1971 1500 est
1981 1453 2096 1503 Afinit'
2106 1452 2202 1489 Galli

99 1523 203 1563 paria
219 1517 372 1557 deducit,
402 1526 458 1563 qut
475 1512 621 1548 athletas
640 1510 823 1557 novzffi'mos
832 1511 944 1558 poscit.
966 1508 1013 1546 fic
1024 1509 1119 1545 enim
1173 1507 1342 1551 oratione,
1355 1506 1476 1556 filente
1501 1506 1653 1550 Tiberio,
1671 1507 1730 1555 qui
1751 1521 1791 1543 ea
1809 1504 1999 1554 fimulacra
2032 1503 2201 1540 libertatis

106 1570 276 1602 Senecam
306 1565 443 1602 restituo
466 1592 476 1606 ,
528 1575 608 1599 cum
626 1562 661 1596 in
692 1560 834 1610 vulgatis
867 1558 1121 1608 exemplaribus
1164 1557 1485 1606 finatuipraebebat.
1517 1557 1631 1593 Valuit
1648 1567 1764 1592 tamen
1780 1553 1972 1601 interceffiO,
1992 1555 2076 1603 quia
2094 1555 2199 1590 clivus

51 1649 56 1653 .
105 1616 259 1651 vicorum
278 1629 341 1666 pro
358 1616 570 1656 vinctorum,
614 1615 651 1648 ὃ(
669 1612 777 1659 pascit
800 1614 836 1647 ὃ(
856 1611 959 1658 poscit
974 1610 1116 1659 legatur.
1173 1608 1344 1656 Augustus
1371 1608 1538 1645 immunes
1565 1606 1742 1643 verberum
1767 1606 1938 1653 histriones
1951 1606 2125 1654 quondam
2148 1617 2198 1640 re.

105 1664 274 1701 Paulatim
295 1676 411 1701 autem
423 1667 551 1699 Seneca
562 1674 581 1698 a
593 1674 775 1712 puerorum
786 1661 965 1697 rixantium
976 1660 1068 1697 iusta
1077 1658 1121 1695 ad
1164 1657 1357 1705 sponderat.

105 1713 302 1757 servorum,
327 1718 364 1750 δε
385 1713 594 1750 colonorum
613 1713 726 1762 paria,
755 1711 900 1747 demum
919 1712 961 1748 ad
980 1711 1122 1747 athletas
1230 1713 1453 1759 Preterquum
1466 1707 1558 1744 ludos
1568 1708 1621 1751 [ς’
1622 1709 1771 1756 scenam.
1788 1709 1803 1756 ]
1833 1706 1942 1745 Refer
1957 1707 2050 1743 ludos
2060 1703 2102 1740 ad
2111 1714 2195 1740 tem-

106 1765 228 1814 usque,
248 1776 414 1814 tanquam
425 1763 596 1811 legitimos
614 1761 867 1811 ordinariosque
880 1789 890 1804 ,
908 1761 1122 1810 uthicloqui-
1168 1767 1248 1806 pore
1268 1774 1278 1793 .-
1291 1759 1430 1807 scenam
1443 1758 1485 1794 ad
1499 1758 1574 1796 loco,
1606 1759 1766 1796 Omnino
1783 1757 2118 1807 autemlegendurn,
2139 1754 2197 1792 vel

105 1826 159 1852 tur
181 1815 360 1852 Suetonius
379 1843 390 1857 ,
434 1811 658 1862 progreditur.
716 1812 807 1847 Male
840 1813 938 1861 igitur
974 1813 1030 1862 qui
1062 1823 1124 1861 pro
1170 1816 1390 1863 preterquam
1409 1807 1560 1851 lmus&
1571 1809 1686 1853 scena,
1716 1819 1751 1845 ut
1768 1810 1803 1845 in
1819 1802 2023 1859 quibusdam
2040 1808 2123 1841 Mss.
2142 1802 2199 1841 of-

104 1866 320 1908 vinctorum,
340 1865 508 1901 victorum
520 1890 531 1907 ,
549 1862 760 1906 vicinorum,
779 1873 835 1898 aut
848 1863 1002 1909 jugorum
1021 1863 1125 1898 etiam
1178 1856 1317 1895 fendisse
1333 1859 1492 1895 testantur
1509 1859 1603 1895 docti
1625 1873 1633 1896 ε
1656 1858 1729 1901 vel,
1742 1867 1859 1906 preter
1877 1858 1970 1894 ludos
1989 1855 2041 1900 Εἴ
2044 1855 2194 1902 scenam.

103 1914 313 1952 substituunt.
1178 1912 1230 1946 Ita
1242 1909 1333 1959 loqui
1344 1910 1491 1945 memini
1511 1913 1623 1959 Impp.
1644 1908 1719 1959 lege
1737 1923 1747 1944 1
1762 1923 1771 1944 1
1786 1924 1812 1946 1.
1834 1908 1924 1945 Cod.
1937 1908 1979 1944 de
1991 1903 2197 1957 Spei-iaculis

157 1966 395 2001 coercitionem
411 1967 448 2000 in
464 1960 583 2010 lnstn]
640 1963 750 1998 Rene
770 1960 816 1999 fic
831 1961 1063 2001 Pulmannus,
1091 1970 1126 1996 ut
1176 1962 1212 1995 ὅ(
1223 1960 1403 1996 scenicis&
1415 1960 1481 1996 len.
1496 1965 1556 1995 Eos
1572 1961 1631 2008 qui
1642 1960 1799 2007 agitandi
1813 1972 1935 1995 munus
1945 1964 2109 1998 exercent,
2118 1955 2198 1990 illu-

104 2017 141 2053 in
158 2014 385 2055 vetustissimis
394 2013 579 2065 quibufique
590 2011 692 2056 libris,
702 2016 738 2049 ὃς
751 2014 785 2049 in
794 2013 900 2050 Pand.
912 2012 1124 2053 Florentinis,
1165 2009 1246 2055 stris
1258 2011 1441 2046 aaronitas
1453 2020 1514 2045 tua
1524 2010 1627 2046 nullis
1639 2017 1752 2057 prater
1763 2010 1913 2057 Circense
1929 2018 2098 2044 certamen
2106 2004 2196 2053 affici

105 2067 252 2104 coercitio
270 2065 442 2115 capitalis,
471 2063 619 2100 coercitio
634 2063 737 2106 levis,
766 2063 908 2100 modica.
1142 2059 1143 2066 ¹
1173 2072 1306 2096 noverit
1324 2070 1465 2108 oportere
1474 2060 1654 2108 suppliciis.
1687 2062 1772 2095 Non
1785 2060 2037 2109 parumlegem
2054 2057 2141 2094 hanc
2159 2055 2197 2092 il-

1170 2109 1320 2148 lustrabit
1339 2111 1474 2147 collatio
1491 2111 1633 2147 istorum
1642 2111 1791 2146 Suetonii
1810 2110 2010 2148 verborum.

1225 2161 1478 2209 Stephanionem
1497 2162 1713 2208 togatarium.
1734 2162 1750 2206 J
1812 2164 1864 2197 Ita
1881 2174 2007 2197 omnes
2022 2158 2106 2200 libb.
2128 2169 2193 2195 nec

1170 2211 1278 2262 placet
1297 2211 1496 2248 emendatio
1516 2225 1589 2248 non
1610 2209 1789 2247 necessaria
1809 2221 2012 2258 togatarum.
2037 2213 2083 2245 Ut
2099 2210 2194 2245 asto-

1170 2276 1245 2298 rem
1265 2262 1489 2299 secundarum
1505 2262 1634 2299 Tullius
1658 2262 1692 2297 in
1712 2265 1817 2298 Bruto
1833 2261 2070 2306 secundarium
2087 2259 2191 2302 dixit,

1169 2314 1344 2349 tertiarum
1361 2315 1516 2349 actorem
1528 2312 1684 2350 Valerius
1694 2315 1784 2349 Max.
1798 2312 1993 2347 tertiarium
2010 2313 2022 2358 (
2036 2309 2081 2345 fic
2094 2310 2191 2346 enim

1169 2375 1302 2401 veteres
1320 2363 1422 2400 cod-al.
1439 2363 1566 2399 habent
1577 2361 1631 2398 lib.
1651 2376 1699 2398 1x.
1711 2375 1868 2412 cap.><1v.
1883 2362 1895 2407 )
1922 2362 1966 2398 ita
1977 2360 2193 2398 nosteraeto-

1170 2427 1246 2450 rem
1263 2425 1458 2462 togatarum
1469 2442 1480 2456 ,
1497 2413 1712 2461 togatarium.
1744 2415 1796 2449 Sic
1814 2413 1967 2448 dicuntur
1978 2411 2191 2453 exodiarius,

161 2122 386 2166 preterquam
408 2116 445 2151 in
465 2114 577 2156 ludos,
607 2112 844 2160 &scenam-J
906 2112 1013 2150 Liber
1037 2124 1123 2148 unus

101 2173 323 2216 pmterquam
341 2168 378 2202 in
396 2165 508 2208 ludos,
520 2164 572 2206 Εἴ
581 2163 730 2210 scenam.
749 2163 892 2199 Mallem
901 2173 1121 2212 praeterquam

107 2218 218 2261 ludu,
248 2215 300 2259 Εἴ
314 2216 436 2265 scena,
467 2227 503 2251 ut
518 2214 627 2251 sensus
644 2211 706 2257 fit,
733 2215 978 2250 coercitionem
997 2225 1120 2249 eorum

107 2277 239 2304 tantum
249 2295 260 2309 ,
272 2280 346 2317 quae
355 2266 438 2302 ludis
448 2267 528 2302 &in
538 2265 635 2301 scena
645 2265 942 2302 committerentur
952 2294 962 2308 ,
983 2263 1121 2315 permis-

107 2310 180 2353 sam
191 2317 450 2367 magistratibus,
463 2315 660 2365 praetoribus
672 2326 763 2365 puta,
772 2320 808 2352 ὃ(
821 2315 980 2352 aedilibus.

163 2365 401 2414 xysticorum]
426 2366 519 2414 Quid
530 2365 642 2414 xystus
652 2394 663 2408 ,
682 2369 718 2402 ὃ(
729 2366 859 2414 xystum
870 2395 882 2409 ,
905 2371 941 2403 ὅ(
954 2366 1031 2402 hinc
1042 2365 1120 2401 disti

109 2416 225 2464 xystici
240 2417 372 2453 athletae
383 2446 394 2460 ,
422 2419 477 2466 qui
495 2418 529 2453 in
545 2416 654 2465 xysio,
681 2416 825 2453 hiberno
837 2417 1022 2466 praesertim
1033 2428 1121 2452 tem-
1303 2456 1310 2463 „

109 2479 215 2516 pore,
234 2466 496 2510 exercebantur,
514 2467 591 2505 vide
602 2468 797 2504 Vitruvium
809 2467 866 2504 lib.
880 2480 912 2504 v.
924 2480 1001 2517 cap.
1012 2480 1068 2503 x1.
1082 2470 1116 2502 ὅ(
1175 2465 1397 2508 embolarius,
1409 2464 1499 2500 unde
1508 2462 1690 2499 embolaria
1707 2464 1828 2499 mulier
1839 2462 2046 2499 Plinioli'oro
2055 2473 2179 2499 vanI

106 2516 165 2554 lib.
181 2531 238 2556 vx.
258 2530 331 2567 cap.
343 2531 374 2554 x.
394 2521 531 2555 Sueton.
549 2516 647 2554 Galb.
660 2530 803 2567 capvt.
832 2518 867 2553 Si
881 2519 964 2566 quid
976 2517 1119 2565 scenici,
1173 2515 1379 2552 utricularius
1412 2529 1423 2550 z
1451 2518 1487 2551 ὃ(
1508 2527 1579 2549 uno
1600 2513 1709 2552 verbo
1728 2542 1739 2556 ,
1774 2514 1919 2550 nomina
1959 2511 2193 2555 ἐστι’,ηὸευμοξ-

106 2577 170 2602 aut
189 2567 305 2615 xystici
329 2569 492 2604 donamm
518 2567 595 2604 olim
619 2568 853 2616 vendidissent.
909 2571 1018 2605 Vetus
1035 2568 1120 2603 item
1172 2581 1231 2601 των
1269 2566 1334 2602 hoc
1368 2577 1451 2614 typo
1479 2564 1592 2601 Latini
1625 2562 1784 2601 efferunt.
1813 2562 1867 2601 vel
1894 2562 2055 2600 Plautum
2072 2561 2128 2598 adi
2155 2562 2192 2597 in

106 2617 279 2668 inscriptio
310 2631 319 2654 :
356 2629 631 2655 ATHENODORUS
661 2630 835 2654 xrsucus
864 2631 1003 2654 pamm
1031 2629 1122 2654 THY-
1170 2616 1280 2653 Aulul.

108 2679 255 2705 manco
286 2679 382 2705 BENE
411 2679 588 2704 mentitu
617 2678 745 2706 rzcx'r.
1226 2672 1264 2702 In
1285 2666 1447 2715 puerilem
1472 2665 1629 2701 habitum
1665 2664 1921 2714 circumtonsam
1950 2660 2188 2707 matronam]

159 2717 413 2767 Stephanionem
431 2718 674 2766 togatarum]
716 2721 772 2754 De
790 2719 855 2756 hoc
865 2717 950 2756 Plin.
970 2718 1079 2756 lib.v1
1092 2733 1119 2756 1.
1171 2719 1270 2753 Pueri
1302 2717 1433 2754 delicati
1471 2715 1555 2753 olim
1590 2715 1673 2751 soliti
1712 2714 1997 2758 circumtenderi,
2027 2713 2093 2751 hoc
2119 2711 2189 2755 est,

107 2781 180 2820 cap.
193 2781 278 2807 xtvi
294 2783 303 2805 1
318 2783 345 2806 ι.
403 2770 476 2817 Qi
491 2770 627 2816 primus
659 2768 670 2814 (
691 2768 796 2818 inquit
813 2768 828 2816 >
858 2779 986 2817 togatas
996 2769 1123 2817 saltari
1170 2765 1520 2815 περικει’ρεσ9οιι.ἶ)ίο
1531 2764 1794 2813 Chrysostomus
1813 2765 1856 2802 de
1873 2777 2004 2815 regnO,
2033 2765 2190 2801 oratione

106 2820 261 2867 instituit.
291 2818 336 2855 fic
347 2821 441 2856 enim
451 2818 637 2869 legendum
650 2848 660 2861 ‚
682 2832 755 2855 non
770 2829 919 2868 togatus.
957 2820 1058 2856 Unde
1069 2819 1122 2856 hic

107 2883 244 2920 quoque
262 2880 453 2918 togatarum
465 2899 477 2913 ‚
506 2871 663 2906 anm-em
686 2869 806 2906 scilicet
822 2899 834 2913 ,
866 2883 973 2920 quam
991 2880 1121 2919 togata-

106 2921 199 2957 rium
209 2920 322 2970 legere
334 2920 474 2964 malim,
505 2932 539 2957 ut
546 2921 742 2968 primarum
753 2949 763 2963 ‚
783 2923 820 2957 δε
831 2919 1058 2967 secundarum
1071 2920 1122 2957 di-

108 2971 215 3007 cimus
228 2999 240 3014 ,
266 2984 340 3006 non
358 2970 475 3007 addito
496 2971 622 3007 actoris
639 2972 794 3008 nomine.
852 2972 991 3008 Sueton.
1009 2970 1118 3020 Calig.

109 3033 249 3077 cap.1.v1
262 3035 289 3057 1.
302 3020 394 3058 Vide
404 3020 537 3058 Festum
553 3021 589 3057 in
597 3025 774 3058 Pretexta.
793 3020 1000 3071 Legendum
1016 3022 1122 3059 etiam

109 3083 182 3113 cm,
214 3083 276 3120 pro
294 3083 379 3109 tum.

164 3125 229 3171 Per
243 3121 339 3160 trina
351 3120 527 3171 theatra]
549 3122 733 3177 Pompeii,
754 3121 871 3168 Balbi,
895 3125 933 3160 ὅ(
950 3121 1120 3167 Marcelli,

1179 2832 1230 2854 Π.
1249 2817 1363 2858 Μόνες
1380 2815 1490 2857 ἀυτές
1514 2817 1576 2852 τῶν
1603 2815 1764 2856 Ἑλλήνων
1792 2815 2009 2864 περιέκειρεν,
2037 2814 2192 2860 &texts-oe

1170 2868 1282 2918 xopcqi‘v
1303 2866 1436 2904 ἔπιε-θεν
1463 2865 1696 2914 ἀφεὶς,ὦσ-πεξ
1722 2865 1751 2901 oi
1777 2870 1824 2904 ν’ὔν
1842 2865 1977 2905 παῖδας
1997 2863 2060 2904 τές
2094 2865 2192 2901 ἁπα-

1172 2918 1249 2958 λές.
1268 2920 1352 2954 item
1361 2918 1577 2955 meretrices:
1594 2917 1688 2968 quod
1699 2916 1818 2954 diserte
1836 2917 1971 2953 testattu‘
1981 2915 2168 2965 Hesychius
2182 2928 2193 2952 t

1173 2968 1328 3012 Σκωφιόν
1341 2998 1353 3012 ,
1371 2965 1459 3008 ἷιέος
1478 2971 1585 3016 κερᾶς
1604 2970 1660 3008 τῆς
1677 2965 1874 3011 κεφαλῖς,3
1892 2966 2060 3015 ›teipso-&tl
2098 2974 2189 3009 φασι

1172 3019 1232 3060 ταὶς
1254 3018 1484 3068 ἑταιρευέσ-ας.
1505 3015 1588 3058 {troci
1602 3017 1639 3054 d}
1657 3017 1914 3067 περιτρόχκλον.
1945 3020 2061 3054 Varro
2080 3032 2091 3054 ι
2108 3015 2190 3052 Alfi

1163 3069 1248 3117 fiant
1264 3070 1476 3120 circumtonfi
1490 3068 1543 3114 Εἴ
1563 3069 1645 3106 torti
1663 3078 1768 3117 atque
1783 3068 1914 3105 uncti-ili
1928 3096 1938 3111 ,
1963 3077 2002 3103 ut
2019 3065 2193 3115 mangonis

1173 3122 1360 3160 videantur
1377 3121 1432 3170 effe
1450 3121 1551 3169 fervi.
1581 3119 1669 3208 Indbe
1687 3118 1776 3170 apud
1787 3123 1953 3158 Senecam
1965 3116 2102 3169 epistola
2113 3128 2189 3170 cxv..

1600 3173 1628 3209 B
1689 3185 1704 3216 3
2076 3171 2198 3203 Oratio
