2504 3425
634 151 1152 207 C.CAEsAR
1229 150 1832 205 CALIGULA.
2167 158 2272 212 425

183 247 375 297 Canendi
401 263 446 293 ac
468 238 634 292 saltandi
656 243 865 307 voluptate
894 245 949 289 ita
972 241 1244 300 efferebatur,
1276 258 1321 288 ut
1345 259 1395 288 ne
1419 239 1597 304 publicis
1617 235 1789 300 quidem
1812 228 2051 296 spefflculis
2072 245 2278 293 tempera-

182 330 266 370 ret,
300 330 388 376 quo
407 312 547 356 minus
568 314 611 355 &
637 321 696 355 tra
728 308 829 354 oedo
860 309 1145 371 pronuntianti
1161 309 1401 353 concineret
1425 324 1436 351 ι
1472 309 1514 350 &
1535 301 1698 365 gestum
1723 297 1934 344 histrionis
1960 293 2072 358 quasi
2106 295 2274 343 laudans

180 379 246 425 vel
268 379 479 440 corrigens
496 375 630 437 palam
655 389 676 419 e
728 387 884 436 ngeret.
949 374 1047 418 Nec
1069 373 1145 418 alia
1176 371 1227 417 de
1252 369 1378 416 caussa
1399 369 1560 416 videtur
1578 365 1707 415 codic
1721 379 1809 425 quo
1821 361 1966 424 periit,
2001 359 2272 422 pervigilium

179 441 391 497 indixisse,
411 456 550 503 *quam
573 451 620 484 ut
640 438 809 483 initium
831 438 877 483 in
900 434 1061 482 scenam
1086 434 1318 498 prodeundi
1341 430 1722 492 licentiatemporis
1741 424 2028 489 auspicaretur.
2096 423 2276 470 Saltabat

177 520 314 553 autem
337 518 660 566 nonnumquam
684 503 808 547 etiam
833 502 986 549 noetu:
1023 505 1067 546 &
1091 500 1304 563 quondam
1325 512 1405 544 tres
1419 495 1649 543 consulares
1661 490 1834 538 secunda
1853 488 1998 552 vigilia
2021 488 2064 533 in
2077 487 2273 550 palatium

175 572 330 618 accitos
343 606 355 626 ,
390 569 600 631 multaque
619 570 663 612 &
678 579 859 612 extrema
879 578 1109 611 metuentes
1132 563 1250 625 super
1273 563 1480 626 pulpitum
1493 558 1732 606 collocavit:
1766 554 1916 600 deinde
1931 567 2100 615 repente
2113 567 2271 614 magno

177 634 373 682 tibiarum
391 639 434 680 δε
456 631 729 678 scabellorum
752 632 935 692 crepitu,
971 645 1067 674 cum
1088 629 1192 690 palla
1212 628 1435 688 tunicaque
1457 626 1569 670 talari
1593 621 1801 684 prosiluit,
1835 635 1880 664 ac
1898 615 2090 664 desaltato
2111 609 2274 662 cantico

104 714 153 766 55
181 699 295 745 abiit.
358 701 505 761 Atque
530 695 599 742 hic
619 709 704 741 tam
727 693 874 739 docilis
895 694 945 739 ad
971 707 1131 748 cetera,
1165 705 1303 737 natare
1325 688 1483 734 nesciit.
1547 691 1747 746 Qorum
1767 699 1866 729 vero
1886 680 2023 727 studio
2035 693 2272 737 teneretur,-

177 761 383 809 omnibus
399 764 450 824 ad
473 759 674 806 insaniam
701 756 816 804 favit.
884 756 1143 802 Mnesterem
1163 756 1470 818 pantomimum
1492 752 1614 798 etiam
1639 751 1745 794 inter
1758 746 1981 808 spectacula
1991 743 2270 791 osculabatur:

174 845 222 875 ac
246 826 274 873 fi
299 828 392 889 quis
414 826 576 871 saltante
600 839 653 868 eo
673 822 740 869 vel
761 822 910 867 leniter
931 819 1212 881 obstreperet,
1243 816 1401 863 detrahi
1421 814 1568 876 jussum
1591 829 1715 859 manu
1736 810 1803 855 sua
1815 808 2057 872 flagellabat.
2123 808 2274 870 Equiti

174 894 375 938 Romano
397 888 665 935 tumultuanti
681 921 697 942 ,
725 901 797 948 per
819 886 1109 941 centurionem
1131 884 1413 937 denuntiavit,
1448 880 1578 925 abiret
1591 877 1674 923 line
1695 890 1809 919 mora
1823 873 2012 927 Ostiam,
2043 871 2272 933 perferret-

177 955 260 1020 que
295 954 344 999 ad
380 953 652 1000 Ptolemaeum
684 966 828 1013 regem
852 951 897 994 in
931 949 1225 994 Mauritaniam
1259 946 1474 992 codicillos
1507 942 1616 988 suos..

178 1023 259 1078 Ei,
292 1035 403 1083 quem
435 1017 529 1080 istuc
561 1016 648 1079 mist
660 1050 676 1073 ,
708 1030 828 1077 neque
855 1012 945 1061 boni
976 1012 1194 1075 quidquam
1228 1028 1344 1074 neque
1376 1012 1478 1056 mali
1499 1009 1658 1071 feceris.

491 1158 857 1194 TORRENT.

229 1227 382 1265 Licentia
395 1224 584 1275 temporis.}
617 1223 672 1259 An
691 1233 773 1258 tunc
790 1219 890 1270 igitur
907 1217 1024 1263 major
1040 1214 1175 1252 licentia
1186 1243 1197 1258 ,

177 1291 258 1316 cum
280 1276 499 1330 pervigilium
517 1278 616 1314 erat?
654 1275 739 1310 Nox
767 1269 846 1307 sane
864 1272 902 1306 ὃς
922 1267 1069 1305 mendas
1093 1267 1199 1317 tegit,

179 1333 218 1369 &
233 1330 403 1381 pudorem
424 1326 556 1365 adimit.

229 1379 455 1417 scabellorum
479 1373 643 1426 crepitus]
689 1371 787 1411 Nulli
813 1369 916 1421 paulo
942 1367 1116 1406 eruditiori
1137 1366 1198 1403 du-

176 1429 301 1474 bium,
342 1430 425 1479 quin
444 1426 618 1465 musicum
640 1423 778 1475 aliquod
803 1423 1074 1458 instrumentum
1094 1417 1196 1468 figni-

176 1478 282 1525 ficet,
313 1491 513 1530 quanquam
529 1478 730 1526 interpretes
748 1473 843 1509 aliter
864 1472 1052 1520 exponunt.
1111 1471 1193 1504 Car.

177 1532 331 1582 Langius
349 1558 361 1574 ,
385 1531 437 1568 vir
461 1526 677 1565 dostiffimus
692 1554 705 1569 ,
726 1520 960 1570 fiamillorum
978 1518 1136 1570 legebat,
1162 1527 1198 1555 ut

173 1594 219 1630 *ea
229 1580 293 1618 lint
302 1610 313 1625 ‚
323 1593 399 1630 quae
411 1579 526 1616 nostro
536 1577 702 1615 idiomate
710 1571 1003 1623 §thalmepm
1015 1580 1197 1608 vocamus.

178 1637 289 1688 Qod
315 1637 395 1674 sane
425 1632 604 1686 probabile
633 1627 698 1668 effe
726 1626 874 1666 ostendit
898 1636 995 1665 vetus
1023 1623 1196 1672 inscripti0

177 1688 305 1738 Spoleti
327 1714 340 1731 ,
385 1698 448 1723 ms
477 1696 609 1722 snum.
646 1693 686 1718 M.
726 1689 926 1716 sEpano.
967 1687 1007 1711 Μ.
1036 1686 1067 1711 F.
1100 1685 1193 1710 flou.

178 1748 417 1775 sEPmeAno
454 1746 557 1779 EQJO
592 1744 677 1769 PUB.
717 1741 752 1767 c.
782 1738 970 1766 Atmcms.
1002 1735 1037 1762 c,
1068 1736 1101 1762 1..
1132 1735 1198 1760 nE-

176 1799 383 1826 ετιτυῖυε.
419 1795 593 1823 1111-v1R
631 1794 659 1819 1.
688 1791 727 1818 D.
761 1790 881 1816 PRAEF.
919 1788 1032 1815 FABR.
1079 1787 1196 1811 Ronae

177 1850 267 1877 nnc.
300 1850 402 1875 1111.
428 1844 661 1873 SCAMILLAR.
681 1841 814 1869 OPERAE
846 1833 1020 1867 VETERES
1050 1838 1072 1862 A
1103 1837 1198 1861 scffi-

173 1901 226 1927 NA
253 1899 436 1926 Parnon-⁴2
465 1898 514 1923 OB
544 1894 701 1922 MERITA
724 1891 810 1925 Ejus
845 1889 878 1915 L.
920 1889 1017 1914 nnn.
1075 1877 1200 1912 Cicero

176 1939 319 1991 quidem
338 1950 401 1988 pro
426 1936 537 1975 Caelio
556 1963 568 1979 ,
605 1933 740 1971 Deinde
771 1927 927 1980 (inquit)
956 1926 1105 1976 scabella
1126 1940 1198 1964 con-

177 1999 333 2040 crepant,
358 1988 499 2025 uulaeum
515 1985 660 2024 tollitur.
718 1982 787 2021 Sed
804 1979 905 2018 ibide
922 1976 993 2015 fine
1002 1978 1124 2021 mimi,
1145 1976 1197 2019 hic

178 2039 223 2078 de
241 2042 341 2078 initio
360 2039 481 2088 agitur.

231 2090 428 2138 Campana
444 2088 627 2138 tunicaque
651 2081 797 2131 talari]
834 2079 939 2130 Qali
968 2079 1074 2115 etiam
1097 2080 1197 2115 Nero

178 2141 386 2181 citharoedus
405 2139 521 2178 habitu
534 2140 570 2176 in
586 2135 723 2179 vetustis
735 2134 890 2172 nummis
907 2130 1065 2168 cernitur.
1094 2129 1195 2166 Plura

178 2193 224 2233 ad
239 2196 364 2232 Horat.
392 2191 436 2228 de
459 2191 564 2234 Arte,

403 2265 418 2272 -
441 2264 457 2271 ·
478 2265 493 2272 -
521 2240 696 2288 traxitque
715 2247 822 2285 vagus
832 2242 892 2284 por
911 2231 1045 2282 pulpita
1063 2228 1198 2277 vestem.

241 2309 294 2341 55.
320 2291 520 2340 Utabiret.]
550 2290 713 2328 Melior-es
732 2287 809 2325 libri
828 2284 958 2329 abiret,
984 2281 1114 2319 fineut.
1144 2283 1201 2317 De

177 2345 372 2385 Ptolemaeo
387 2344 542 2394 sup.cap.
553 2354 656 2379 xxvi.

239 2394 379 2431 Thraces
393 2391 586 2442 quosdam.]
617 2392 684 2428 Hic
701 2400 841 2440 quoque
857 2385 1019 2429 Threces,
1046 2393 1104 2420 aut
1122 2387 1200 2419 Tre·

183 2460 232 2485 ces
248 2444 468 2483 habent-libri
486 2441 726 2493 antiquiffirni,
758 2450 867 2488 eaque
889 2434 962 2473 fere
980 2437 1015 2472 in
1057 2433 1198 2471 ladiato-

183 2497 276 2535 ribus
299 2496 459 2545 scriptura
489 2505 594 2532 vetus.
652 2494 736 2540 Qo
758 2490 868 2538 magis
891 2501 932 2524 ex
956 2498 997 2523 ea
1059 2485 1196 2528 itione,

182 2561 219 2586 ut
236 2548 288 2584 cui
306 2544 463 2595 impense
481 2546 587 2593 Cajus
602 2542 734 2583 faveret
758 2569 772 2586 ,
809 2538 994 2578 Germanis
1016 2534 1200 2588 praefestos

180 2597 275 2638 suissi».
292 2595 457 2646 intelligo.

492 2670 524 2705 C
553 2679 575 2704 Α
602 2678 618 2703 s
647 2677 669 2702 A
694 2677 720 2702 u
750 2675 770 2700 Β
797 2674 820 2699 ο
848 2673 891 2700 n..

241 2749 368 2793 Magno
383 2741 548 2779 tibiarum
565 2733 853 2786 &scabellorum
869 2727 1030 2780 crepitu]
1056 2727 1197 2766 Saltato-

188 2807 241 2833 res
256 2823 272 2838 ‚
305 2798 343 2832 &
364 2792 543 2831 saltatrices
561 2802 642 2826 cum
661 2788 698 2824 in
719 2785 828 2823 scenae
856 2781 984 2832 pulpito
1007 2779 1194 2822 saltabant,

189 2857 308 2898 praeter
323 2846 430 2882 istum
451 2841 583 2893 pedum
599 2839 692 2878 varia
708 2835 932 2875 instrumenta
948 2831 1034 2869 sono
1060 2828 1197 2866 edendo

187 2908 268 2947 apta
284 2894 505 2933 adhibebant.
529 2890 601 2928 fere
626 2890 721 2926 enim
739 2885 967 2936 jungebantur
983 2911 995 2926 ‚
1024 2891 1060 2918 ut
1079 2880 1198 2917 Lucia-

188 2961 252 2985 nus
268 2946 345 2994 Περὶ
365 2943 532 2993 ὀρχήσεως
550 2941 693 2985 indicat,
722 2937 913 2988 κρέμαται,
943 2930 1197 2982 *reperiam-m,

190 3001 228 3037 ὅ(
246 2996 512 3037 radiatum-oe.
564 2997 660 3031 Inter
677 2990 742 3027 alia
764 2998 897 3038 organa
913 2986 985 3032 ejus
1001 2982 1137 3033 generis
1161 2984 1198 3018 ὅ(

181 3048 319 3096 scabelli
335 3045 480 3085 fuerunt.
534 3048 625 3081 Eam
647 3054 777 3082 vocem
799 3051 873 3076 non
899 3035 1010 3085 magis
1040 3033 1202 3070 Latinam

203 3109 289 3150 puto
305 3097 370 3138 effe
384 3109 495 3151 quam.
508 3094 681 3141 barbitus,
706 3090 894 3143 sambuca,
922 3085 1058 3141 stabla,
1085 3083 1203 3122 &alia
1234 3130 1236 3134 μ

1680 943 1879 998 Quorum
1904 936 2141 996 exemplum
2163 950 2271 981 erat:

1727 1000 1918 1048 Thraces
1935 998 2134 1064 quoldam
2157 999 2276 1044 Ger-

2137 1079 2274 1109 manis

1250 1145 1342 1197 plera
1367 1160 1410 1184 ue
1426 1145 1546 1182 omnia
1563 1142 1868 1182 instrumentorum
1877 1138 2092 1177 musicorum
2103 1138 2247 1175 nomina
2262 1154 2273 1176 :

1250 1211 1326 1249 quae
1360 1197 1447 1235 imul
1466 1210 1546 1233 cum
1563 1195 1622 1233 usu
1640 1207 1758 1231 rerum
1782 1204 1866 1242 quas
1883 1189 2097 1242 significant,
2136 1190 2173 1225 in
2189 1189 2274 1226 civi-

1250 1260 1360 1285 tatem
1389 1252 1597 1286 Romanam
1617 1244 1691 1282 sunt
1711 1243 1864 1280 admista.
1895 1239 2064 1279 Assentior
2077 1251 2197 1276 autem
2209 1237 2273 1275 do-

1252 1298 1401 1336 &iffimo
1419 1296 1692 1345 amicissimoque
1711 1295 1885 1344 Scaliger-o
1901 1320 1912 1335 ,
1951 1293 2008 1343 qui
2016 1289 2173 1339 scabellas
2199 1287 2274 1326 five

1244 1348 1392 1398 scabella
1421 1346 1487 1385 effe
1509 1359 1603 1398 putat
1630 1345 1718 1395 apud
1744 1344 1949 1381 Suetonium
1977 1345 2015 1378 δε
2048 1339 2269 1383 Arnobium,

1252 1413 1340 1449 quos
1361 1400 1502 1451 Hispani
1524 1402 1561 1434 ὅ(
1583 1397 1744 1446 Aquitani
1773 1392 1963 1441 cascabellos
1988 1391 2103 1428 dicunt
2121 1409 2130 1435 3
2163 1402 2272 1440 quam

1251 1451 1443 1487 dictionem
1461 1448 1580 1485 Rabbi
1600 1450 1691 1491 Jona
1708 1444 1841 1494 ufiirpat
1865 1444 1901 1480 in
1927 1442 2151 1493 explicatione
2176 1441 2274 1478 vocis

1251 1500 1434 1537 Hebraicae
1451 1503 1518 1537 ΠΠ.
1554 1496 1760 1550 Augustinus
1782 1495 1826 1532 de
1845 1492 1977 1530 Mufica
2005 1492 2093 1529 libro
2122 1502 2243 1542 quarto
2259 1505 2275 1528 ι

1251 1553 1367 1599 Qaero
1386 1563 1427 1586 ex
1444 1559 1476 1586 te
1494 1577 1506 1593 ‚
1540 1558 1659 1585 utrum
1666 1544 1783 1594 poffint
1805 1543 1947 1592 copulati
1955 1543 2025 1592 fibi
2034 1543 2133 1591 pedes
2149 1570 2162 1585 ‚
2189 1554 2269 1590 quos

1250 1600 1398 1649 copulari
1413 1608 1558 1648 oportet,
1580 1606 1777 1647 perpetuum
1796 1594 1967 1644 quendam
1977 1599 2160 1629 numerum
2180 1603 2272 1628 crea-

1250 1664 1285 1687 re
1302 1679 1314 1695 ,
1342 1651 1399 1687 ubi
1419 1648 1530 1687 nullus
1537 1648 1620 1697 finis
1637 1657 1744 1684 certus
1761 1653 1941 1694 appareat:
1971 1641 2083 1679 veluti
2101 1655 2176 1679 cum
2177 1641 2272 1691 sym-

1243 1701 1402 1750 phoniaci
1411 1699 1560 1749 scabella
1575 1697 1628 1741 ξς
1647 1696 1799 1747 cymbala
1810 1693 1950 1744 pedihus
1961 1693 2141 1738 feriuntur
2159 1721 2172 1736 ,
2201 1705 2271 1728 eer-

1249 1754 1292 1790 tis
1310 1754 1445 1802 quidem
1464 1751 1635 1793 numeru,
1665 1745 1718 1790 δ’δ’
1735 1746 1789 1783 his
1807 1743 1937 1794 quifibt'
1953 1757 2030 1781 cum
2049 1743 2189 1780 aurium
2207 1756 2269 1778 vo-

1249 1802 1378 1852 luptate
1386 1810 1579 1852 junguntur
1600 1828 1612 1842 ,
1641 1797 1696 1846 fitd
1721 1807 1839 1833 tamen
1860 1806 1971 1831 tenore
1985 1801 2140 1842 perpetuo
2161 1807 2171 1827 .-
2218 1794 2271 1829 itu

1249 1864 1288 1889 ut
1299 1853 1333 1902 fi
1346 1856 1448 1889 tibias
1465 1865 1531 1888 non
1548 1852 1670 1886 audias
1686 1877 1698 1892 ,
1734 1846 1826 1884 nullo
1841 1845 1938 1882 modo
1954 1844 2002 1879 ibi
2019 1853 2136 1879 notare
2156 1840 2247 1890 poffis
2256 1872 2275 1886 „

1249 1903 1413 1954 quousque
1423 1910 1600 1952 procurrat
1617 1900 1774 1937 connexio
1785 1896 1910 1945 pedum
1931 1922 1944 1936 ‚
1977 1891 2030 1935 Εἴ
2045 1893 2135 1930 unde
2155 1892 2270 1940 rursus

1249 1956 1298 1991 ad
1312 1964 1412 2002 caput
1439 1953 1610 1990 redeatur.
1665 1953 1746 1985 Erat
1773 1948 1842 1984 hoc
1865 1957 1975 1982 unum
2007 1956 2026 1979 e
2047 1942 2270 1994 crepitaculo-

1249 2019 1327 2042 rum
1347 2003 1531 2055 generibus
1547 2030 1560 2045 ,
1595 1999 1721 2051 quibus
1745 1996 1802 2037 vel
1827 2009 1909 2033 curn
1940 1992 2079 2031 musicis
2102 1994 2241 2043 organis
2255 2020 2269 2038 ,

1204 2048 1208 2052 ¹
1249 2057 1306 2095 vel
1319 2056 1435 2107 inopia
1457 2065 1604 2095 eorum,
1631 2061 1668 2088 ut
1685 2059 1783 2086 notat
1802 2045 2003 2084 Scholiastes
2020 2043 2192 2102 Aristoph3
2222 2043 2268 2081 ad

1250 2110 1367 2144 Ranas
1385 2134 1398 2150 ,
1441 2103 1634 2143 utebantur.
1693 2099 1790 2138 Talis
1814 2097 1877 2136 fuit
1904 2096 2068 2134 testarum
2099 2107 2267 2146 crepitus,

1247 2162 1334 2197 item
1351 2155 1612 2193 acetabulorum
1638 2152 1797 2194 tinnitus,
1823 2147 1893 2188 sive
1911 2145 2090 2194 ὄξυςάφων
2109 2144 2269 2191 peamau),

1250 2215 1286 2249 δ(
1305 2208 1360 2246 illa
1373 2205 1537 2256 Ἀραδίων
1554 2201 1707 2249 uec-cmi,
1733 2202 1791 2238 zai
1815 2197 1971 2237 Φοινίκων
1995 2195 2188 2246 ›epafum-toa,
2222 2196 2267 2231 de

1249 2261 1371 2314 quibus
1398 2257 1507 2295 multa
1537 2266 1701 2292 notamus
1718 2252 1761 2289 ad
1779 2251 2009 2293 Athenaeum,
2034 2246 2238 2298 propediem
2249 2273 2269 2291 ,.

1249 2314 1329 2355 velit
1354 2309 1465 2347 modo
1482 2307 1518 2344 τὶ
1537 2308 1679 2353 ›epeia-‘Iov
1693 2332 1711 2347 ,v
1732 2301 1917 2339 edendum.

1306 2378 1358 2411 55.
1385 2359 1530 2397 Thraces
1548 2352 1748 2406 quosdam]
1777 2352 1888 2391 Lissaei
1904 2348 1987 2389 cod.
2013 2347 2155 2385 Thracas
2171 2358 2271 2397 quos-

1247 2417 1341 2454 dam.
1393 2409 1556 2450 Memmii
1565 2435 1578 2452 ,
1603 2404 1748 2454 Threses.

1596 2498 1900 2534 VARIOR.

1304 2570 1531 2609 Scalzellorum
1550 2562 1713 2615 crepitu]
1751 2558 1904 2598 Scabella
1921 2565 2017 2594 erant
2042 2551 2267 2607 instrumenta

1246 2623 1376 2660 musica
1388 2650 1395 2663 ‚
1414 2635 1491 2671 quae
1511 2618 1641 2669 pedum
1662 2613 1849 2664 agitatione
1866 2612 1904 2645 δε
1924 2618 2024 2645 motu
2046 2603 2195 2655 percussa
2213 2603 2266 2637 so-

1249 2675 1358 2711 nitum
1385 2672 1555 2712 edebant,
1595 2662 1744 2718 quorum
1760 2661 1916 2698 formam
1946 2670 1986 2694 ex
2008 2655 2148 2711 antiquo
2174 2664 2268 2689 mar·-

1250 2737 1350 2762 more
1369 2722 1448 2760 vide
1466 2719 1557 2770 apud
1577 2719 1789 2755 ALBERTuM
1818 2718 2015 2748 R-uBENJuM
2028 2733 2043 2748 ,
2071 2703 2128 2742 hb.
2146 2718 2203 2740 11..
2219 2703 2264 2738 de

1248 2779 1304 2813 Re
1322 2773 1468 2812 Vestiar.
1484 2783 1557 2821 cap.
1567 2782 1653 2806 xvi..
1964 2807 1970 2814 ·

1301 2829 1393 2862 Cum
1403 2822 1501 2873 palla
1518 2820 1700 2867 tunicaque
1714 2811 1821 2851 talari
1834 2807 2013 2860 profiluzt,
2035 2817 2074 2842 ac
2102 2802 2267 2851 desaltato

1249 2877 1376 2915 cantico
1398 2872 1520 2921 abtin]
1558 2866 1665 2917 Qod
1677 2866 1756 2903 sane
1774 2863 1904 2900 mirum
1917 2858 2025 2898 videri
2044 2856 2155 2906 potest
2165 2882 2184 2896 ,.
2206 2853 2266 2889 sal-

1232 2933 1374 2966 tatores
1400 2924 1512 2961 lon-ris
1534 2933 1574 2958 ac
1598 2916 1781 2956 fluentibus
1806 2912 1918 2949 tunica
1938 2908 2092 2960 pallaque
2110 2904 2264 2959 ventos,-

1249 2992 1358 3030 quum
1381 2976 1461 3014 habi
1474 2985 1563 3011 iores
1589 2968 1748 3008 succincti
1779 2968 1819 3002 &
1840 2961 1980 3000 tunicati
2000 2969 2138 2995 tantum
2164 2957 2265 2991 futuri

1250 3027 1394 3068 fiiiffent.
1419 3030 1492 3063 FER
1502 3033 1656 3060 naxus,

1310 3093 1365 3128 55.
1395 3072 1576 3131 Thracen]
1603 3068 1828 3110 Gladiatores.
1853 3065 1988 3107 Gqua
2112 3109 2148 3145 Τ
2175 3118 2198 3142 o
2226 3116 2270 3139 a-
