2504 3425
231 189 333 243 342

233 260 331 306 esset
357 296 373 317 ,
430 272 477 306 nt
498 263 542 306 &
570 256 654 321 ipse
681 255 867 305 tentandi
903 253 1032 316 gratia
1062 246 1229 295 offerret
1249 283 1264 305 ‚

555 168 626 222 C.
677 166 921 222 SuET..
970 162 1601 226 TRANQurLLI
1657 155 1967 211 L13.111.

1309 252 1352 293 δι
1387 248 1456 293 illa
1498 246 1608 310 quali
1643 246 1911 293 certissimum
1945 247 2120 293 exitium
2153 262 2329 295 caveret.

237 322 482 373 Noviffime
523 324 826 373 calumniatus,
881 315 1013 360 modo
1057 314 1106 359 ad
1150 311 1322 359 statuam
1362 311 1546 374 Augusti
1568 346 1582 368 ,
1627 312 1756 356 modo
1789 310 1839 355 ad
1873 314 2071 357 exercitus
2101 310 2333 374 confugere

241 388 391 445 velle,
439 388 719 434 Pandatariam
753 380 971 442 relegavit:
1007 378 1337 439 convitiantique
1371 378 1539 421 oculum
1572 392 1643 437 per
1676 375 1968 419 centurionem
2001 375 2242 421 verberibus
2260 393 2336 421 ex-

247 452 379 500 cussit.

451 451 607 498 Rursus
641 447 748 492 mori
782 443 921 489 inedia
953 441 1174 488 destinanti
1197 477 1209 498 ,
1256 457 1328 503 per
1363 441 1449 487 vim
1483 456 1553 485 ore
1588 440 1782 493 didchQ
1817 435 2004 482 infulciri
2038 439 2182 485 cibum
2212 439 2335 500 jussit.

248 518 330 563 Sed
366 522 409 562 δε
443 514 792 578 perseverantem,
826 523 952 568 atque
986 509 1042 552 ita
1074 503 1325 560 absumtam‚
1362 501 1691 549 criminosissime
1727 501 1945 546 insectatus
1976 499 2060 557 est,
2093 519 2197 548 cum.
2223 503 2338 549 diem

245 597 419 644 qusque
437 578 613 623 natalem
638 579 724 633 ejus
745 575 853 619 inter
878 568 1058 616 nefastos
1081 567 1348 616 referendum
1384 566 1568 612 sualilset.
1639 566 1865 627 imputavit
1897 567 2022 609 etiam
2045 599 2059 619 ,
2099 567 2217 637 quod
2251 584 2339 612 non

247 646 398 705 laqueo
433 641 723 701 strangulatam
758 639 804 683 in
835 635 1075 681 Gemonias
1106 633 1334 691 abjecerit:
1370 648 1530 694 proque
1568 631 1638 675 tali
1661 630 1884 675 clementia
1901 630 2110 691 interponl
2131 630 2344 676 decretum

331 705 341 712 ν

247 710 378 769 pallus
401 703 484 760 est,
520 720 607 765 quo
641 701 717 748 sibi
752 702 890 765 gratiae
922 713 1168 763 agerentur,
1205 703 1248 743 &
1286 697 1533 759 Capitolino
1567 695 1666 757 Jovi
1702 693 1865 739 donum
1898 709 1948 738 ex
1982 708 2083 739 auro
2114 691 2344 738 sacraretur.

249 773 364 815 Cum
399 786 450 814 ex
482 768 746 813 Germanico
777 780 859 811 tres
893 780 1087 826 nepotes,
1122 766 1345 808 Neronem
1380 765 1422 806 δε
1459 760 1645 806 Drusum
1680 762 1724 804 δε
1759 759 1944 823 Cajum:v
1979 773 2029 803 ex
2054 755 2196 802 Druso
2218 773 2347 801 unum
2372 763 2426 812 54

249 834 478 880 Tiberium
504 832 699 888 haberet,
735 828 949 875 destitutus
972 842 1105 872 morte
1128 827 1380 882 liberorum,
1416 841 1618 870 maxnnos
1637 838 1735 868 natu
1758 822 1809 868 de
1832 822 2079 868 Germanici
2104 819 2223 879 filiis,
2255 822 2352 866 Ne-

248 915 399 944 ronem
420 902 463 943 &
486 895 674 942 Drusum
706 899 748 940 Ρ.
763 895 817 939 C.
849 893 1192 939 commendavit:
1219 891 1436 952 'diemque
1460 887 1670 951 utriusque
1706 888 1923 942 tirocinii,
1978 885 2195 948 congiario
2235 883 2349 947 plebi

251 963 369 1018 dato,
407 961 641 1007 celebravit.
707 958 787 1004 Sed
824 972 868 1003 ut
900 958 1131 1018 comperit,
1164 958 1334 1000 ineunte
1369 970 1506 1008 anno,
1544 969 1618 1014 pro
1653 968 1799 997 eorum
1835 966 2007 1013 quoque
2042 950 2164 995 salute
2184 950 2348 1011 publice

249 1042 347 1072 vota
383 1025 599 1087 suscepta:
643 1025 731 1080 egit
765 1039 861 1067 cum
898 1020 1038 1065 senatu
1061 1057 1074 1077 ,
1128 1023 1230 1065 Non
1263 1017 1396 1063 debere
1429 1021 1529 1062 tulin
1556 1021 1715 1083 prumia
1755 1014 1907 1069 tribui,
1963 1015 2036 1076 nisi
2059 1014 2244 1080 'expertis
2287 1025 2350 1060 (9⁹

252 1106 360 1135 aetase
385 1089 615 1156 provefr'is:
649 1076 770 1150 afque
796 1103 844 1131 cx
873 1101 948 1139 e0,
984 1082 1186 1145 patesaeta
1217 1083 1414 1127 interiore
1448 1083 1578 1126 animi
1614 1079 1673 1125 sui
1707 1093 1830 1133 nota,
1864 1079 2058 1123 omnium
2091 1080 2354 1124 criminatio-

254 1155 380 1200 nibus
402 1153 612 1199 obnoxios
635 1150 812 1196 reddidit
833 1168 842 1194 :
882 1149 1075 1210 variaque
1099 1145 1241 1193 fraude
1264 1145 1478 1200 ἰηιὶιιᾶοε,
1525 1157 1571 1188 ut
1596 1149 1637 1189 &
1664 1144 1969 1189 concitarentur
1992 1142 2041 1188 ad
2067 1142 2250 1188 convitia
2266 1177 2278 1198 ,
2308 1147 2354 1189 &

252 1220 449 1264 concitati
476 1217 769 1279 perderentur,
805 1212 1003 1257 accusavit
1023 1229 1093 1274 per
1117 1214 1294 1267 litteras,

1330 1208 1574 1255 amariffime
1598 1206 1806 1272 congestis
1828 1208 1954 1252 etiam
1979 1206 2141 1269 probris
2161 1242 2175 1263 ‚
2209 1211 2254 1252 δε
2288 1212 2356 1266 ju-

253 1282 410 1328 dicatos
442 1279 579 1326 hostes
602 1277 712 1325 fame
735 1278 925 1324 necavit:
959 1278 1209 1334 Neronem,
1245 1277 1290 1321 in
1310 1273 1437 1320 insula
1462 1274 1635 1329 Pontia3
1670 1269 1880 1329 Drusum,
1915 1272 1960 1317 in
1984 1273 2066 1317 ima
2089 1285 2200 1334 parte
2237 1272 2356 1319 Pala-

255 1419 343 1457 aliud
370 1418 423 1456 hic
455 1419 546 1456 valet
565 1430 671 1467 quam
698 1418 735 1455 ob
754 1417 810 1457 vel
828 1424 962 1466 propter
982 1430 1049 1466 qua
1068 1445 1078 1459 ‚
1125 1426 1162 1451 ut
1190 1414 1280 1464 apud

257 1470 418 1508 Plautum
449 1483 500 1506 iv.
513 1468 628 1506 Sticho
642 1482 673 1506 z.
702 1475 766 1506 Per
785 1469 872 1504 hunt·
894 1481 1016 1505 canam
1032 1466 1094 1504 tibi
1102 1466 1282 1510 incanam,

256 1520 431 1569 Gelafine,
461 1519 518 1567 esse
535 1520 633 1555 hodie
651 1519 741 1563 licet,
799 1523 839 1555 Et
866 1519 958 1568 apud
979 1519 1190 1554 Ciceronem
1220 1529 1282 1566 pro

255 1574 381 1608 Domo
410 1585 419 1607 ε
459 1572 582 1606 Fatuos
603 1567 655 1612 Εἴ
676 1570 747 1618 ejus
758 1569 857 1617 filim
879 1570 1065 1614 centrafhvs
1083 1597 1093 1611 ‚
1117 1568 1208 1615 cujus
1218 1575 1280 1614 per

254 1631 386 1657 atatem
398 1629 498 1668 pater
517 1619 573 1668 effi
592 1620 738 1667 potuisti.
795 1623 843 1655 Ut
869 1619 981 1656 Galba
1003 1631 1078 1668 cap.
1099 1631 1179 1654 xvi.
1217 1622 1283 1653 Per

255 1670 316 1708 hac
336 1679 433 1719 prope
459 1669 624 1717 univerfis
643 1670 818 1707 ordinibus
843 1670 992 1718 offirflsm.
1052 1667 1192 1707 Vitellio
1209 1679 1283 1718 cap.

263 1736 316 1759 nv.
340 1722 424 1770 Cujo
443 1728 502 1768 per
518 1721 731 1769 aurigandi,
767 1721 913 1758 Claudio
935 1729 995 1769 per
1032 1718 1106 1756 alea
1128 1718 1284 1765 studium

253 1771 460 1819 santiliaris.
492 1772 700 1809 Domitiano
718 1784 791 1823 cap.
812 1784 894 1812 xiv.
941 1776 1006 1808 Per
1031 1769 1095 1808 hac
1122 1769 1283 1807 terribilis

260 1822 401 1861 cancris.
425 1824 597 1861 GonsxuS.

588 1925 956 1961 TonnENT.

317 2005 421 2040 Modo
450 2004 498 2040 ud
518 2002 674 2050 flatuum
694 2008 787 2052 Aug.
818 2005 914 2040 modo
931 2003 979 2039 ad
995 2001 1127 2050 exera]
1155 2001 1207 2039 Ad
1224 2001 1288 2040 sta-

264 2065 363 2092 tuam
380 2053 572 2104 confugere
592 2055 729 2105 proprie
750 2054 928 2091 servorum
944 2064 1025 2090 erat.
1083 2053 1191 2100 Quod
1210 2067 1290 2091 curn

263 2106 456 2156 Agrippina
479 2104 583 2144 vellet
601 2104 714 2141 facere
733 2132 744 2148 ,
771 2104 952 2141 Tiberium
978 2103 1082 2141 veluti
1103 2104 1290 2141 dominum

266 2156 460 2193 accusabat.
488 2156 660 2192 Exercitus
677 2166 797 2191 autern
817 2153 976 2193 adversus
993 2154 1191 2202 Principem
1209 2169 1292 2191 con-

265 2207 368 2242 citare
386 2204 528 2257 capitale
558 2204 616 2242 est.

264 2257 370 2293 tiores
387 2256 530 2307 quidam
547 2256 637 2300 JCti.

263 2306 358 2344 rebar
372 2336 384 2350 ,
408 2305 616 2357 frequentius
625 2305 768 2356 quidem
789 2305 923 2350 servos,
951 2305 1010 2343 sed
1027 2305 1292 2345 tamen&alios

267 2357 312 2393 ad
337 2357 462 2396 statuas
488 2355 677 2406 confugere
709 2356 834 2394 solitos.
893 2357 1103 2408 Exemplum
1127 2357 1291 2402 Antonii,

269 2409 342 2453 ejus
361 2409 418 2458 qui
443 2408 597 2446 triumvir
618 2405 681 2444 fuit
700 2405 788 2451 filii,
833 2409 922 2458 Aug.
946 2420 1022 2458 cap.
1035 2421 1139 2447 xvxi.
1168 2409 1290 2458 Agrip-

267 2459 389 2508 pinam
412 2458 509 2508 igitur
537 2457 810 2495 calumniabatur
837 2459 1000 2496 Tiberius
1024 2488 1036 2502 ,
1073 2457 1168 2510 quod
1185 2459 1291 2496 istius-

267 2508 368 2546 modi
397 2507 538 2546 consrlia
554 2508 598 2544 ad
615 2508 864 2545 concitandam
881 2507 943 2559 ipsi
967 2508 1136 2549 invidiam
1155 2511 1290 2560 cogita-

268 2558 341 2598 bat.
397 2558 500 2596 Unde
526 2562 617 2596 SCto
643 2559 760 2609 postea
781 2560 996 2610 prohibitum
1019 2559 1103 2603 fuit,
1140 2572 1185 2596 ne
1214 2561 1290 2609 quis

270 2611 306 2646 in
329 2610 465 2647 alterius
483 2610 643 2655 iniuriam
661 2609 705 2645 ad
724 2610 848 2646 statuas
859 2611 1053 2660 Principum
1070 2606 1287 2660 confugeret,

269 2660 481 2712 imaginesve
500 2673 624 2697 eorum
642 2672 809 2710 portaret3
825 2662 882 2710 qui
892 2660 983 2698 secus
992 2660 1139 2704 faceret,
1160 2660 1196 2696 in
1218 2662 1290 2699 vin-

275 2711 348 2747 cula
370 2711 500 2761 publice
528 2712 732 2749 mitteretur.
773 2714 815 2748 L.
846 2724 1018 2751 xxxv111.
1064 2714 1122 2748 De
1143 2710 1290 2758 injuriis,

272 2761 456 2798 Lxxvui.
485 2765 541 2797 De
565 2762 690 2811 poenis.

330 2812 520 2857 imputavit
537 2810 678 2860 eriam]
716 2814 904 2862 Tanquam
921 2809 1137 2848 beneficium
1157 2809 1290 2850 scilicet.

270 2859 318 2896 fic
337 2862 430 2896 enim
448 2873 492 2895 eo
510 2862 618 2898 verbo
638 2861 837 2910 Qiintilian.
871 2867 910 2900 δε
935 2863 992 2899 alii
1025 2874 1067 2900 ea
1087 2861 1290 2913 tempestate

271 2908 321 2949 usi
339 2909 423 2948 sunt.
449 2911 603 2953 Juvenal.
633 2915 699 2949 Sat.
711 2926 744 2951 v.

482 2981 497 2988 —
524 2984 539 2989 -
563 2983 577 2988 -
601 2971 717 2997 tumen
732 2963 878 3012 imputat
894 2965 984 3001 hunc
1003 2977 1080 3009 rex3

390 3013 437 3046 Et
453 3010 614 3058 quamvis
633 3023 771 3056 rarum,
797 3016 1081 3064 tamenimputat.

673 2206 727 2242 Sic
747 2204 857 2242 ferme
879 2204 1084 2247 Beroaldus,
1112 2208 1151 2241 δε
1173 2217 1293 2242 recen-

697 2258 799 2305 Qos
825 2266 946 2293 tamen
970 2253 1163 2292 meminisse
1190 2269 1294 2306 opor-

2292 1350 2355 1383 tl!-

1390 1412 1582 1459 Destitutus
1607 1422 1712 1449 morte
1738 1411 1958 1457 liberorum]
1998 1408 2129 1447 Liberos
2145 1422 2247 1449 vocat
2265 1409 2358 1448 filios

1335 1474 1492 1506 tantum,
1523 1464 1775 1499 Germanicum
1794 1475 1834 1498 ac
1845 1460 2021 1504 Drusum,
2044 1465 2081 1497 ὃ(
2099 1461 2195 1498 illum
2212 1461 2355 1512 quidem

1336 1514 1540 1564 adoptivum
1557 1542 1569 1557 ,
1615 1527 1695 1549 cum
1722 1513 1901 1549 liberorum
1934 1511 2166 1562 appellatione
2210 1525 2356 1561 nepotes

1336 1566 1462 1608 etiam,
1490 1576 1530 1601 ac
1553 1575 1786 1613 pronepotes,
1819 1563 1946 1613 quique
1972 1575 2013 1598 ex
2047 1561 2098 1599 liis
2122 1561 2355 1607 descendunt,

1335 1615 1496 1652 latillime
1523 1615 1881 1664 comprehendantui-5
1908 1612 2062 1662 adoptivi
2092 1626 2177 1650 vero
2209 1613 2264 1651 vix
2291 1627 2356 1664 pro

1333 1665 1446 1702 liberis
1467 1665 1667 1703 habeantur.
1702 1668 1743 1702 L.
1770 1677 1875 1702 ccxx.
1896 1663 1939 1699 de
1965 1663 2074 1701 Verb.
2095 1660 2206 1713 signif.
2234 1667 2351 1702 L4L1.

1334 1716 1378 1754 de
1396 1719 1533 1767 Legatis
1553 1716 1610 1754 lib.
1630 1731 1683 1754 11.
1711 1720 1752 1754 L.
1764 1728 1864 1753 Lxxv.
1889 1713 1932 1750 de
1956 1713 2096 1751 Condit.
2124 1718 2162 1751 δε
2180 1713 2353 1753 demonst.

1334 1767 1494 1805 TIberius
1512 1768 1673 1819 quidem,
1702 1781 1743 1804 ex
1759 1766 1872 1803 Druso
1891 1763 1964 1801 filio
1984 1777 2115 1815 nepos,
2145 1765 2252 1802 etiam
2278 1777 2354 1804 tum
2387 1769 2395 1771 ’

1335 1817 1522 1868 superstes,
1542 1831 1563 1855 a
1580 1818 1738 1868 Caligula
1761 1817 1834 1868 post
1851 1818 2098 1865 interemptus,
2136 1827 2210 1866 cap.
2225 1829 2287 1853 xxi
2301 1830 2355 1854 11.

1389 1869 1494 1906 Diem
1510 1868 1682 1919 utriusque
1697 1866 1885 1915 tirocinia]
1913 1866 2023 1915 Calig.
2038 1877 2111 1915 cap.
2127 1879 2159 1902 x.

1390 1920 1517 1957 Animi
1527 1920 1587 1967 sui
1602 1917 1721 1967 notas]
1749 1916 1858 1968 Qasi
1878 1917 2116 1953 characterem
2126 1916 2235 1952 animi
2252 1914 2356 1954 dicas.

1341 1968 1391 2006 sic
1410 1972 1506 2007 enim
1525 1975 1562 2008 ὅ(
1580 1971 1655 2007 Cic.
1670 1970 1772 2010 lib.v.
1791 1970 1836 2007 de
1850 1968 1957 2005 Finib.
1997 1967 2150 2005 Nomina
2166 1966 2251 2016 sunt
2278 1977 2358 2005 tan-

1336 2033 1443 2071 quam
1465 2035 1579 2059 reruni
1594 2032 1682 2058 nota.

1393 2077 1502 2107 Fame
1520 2072 1698 2118 necavit.]
1728 2072 1842 2106 Morte
1859 2066 2073 2110 miserrima,
2091 2067 2292 2117 atqueadeo
2301 2067 2360 2106 de-

1343 2121 1484 2159 testabili
1497 2150 1507 2165 ,
1529 2123 1626 2159 uthis
1646 2122 1773 2162 etiam,
1801 2119 1858 2167 qui
1879 2118 2033 2164 judicum
2051 2116 2215 2153 sententia
2224 2117 2270 2155 fic
2279 2133 2362 2158 mo-

1341 2175 1368 2210 ri
1387 2172 1600 2219 cogebantur
1620 2199 1632 2214 ,
1670 2167 1808 2207 defoffis
1823 2167 1883 2204 sub
1917 2179 2027 2212 terra,
2063 2180 2098 2204 ut
2117 2172 2154 2205 ὅ(
2169 2169 2359 2219 virginibus

1343 2213 1536 2261 Vestalibus
1560 2251 1573 2266 ,
1623 2221 1747 2259 cibaria
1766 2218 1987 2255 nihilominus
2007 2229 2261 2269 apponerentur
2276 2250 2290 2266 ,
2314 2222 2359 2260 ad

1342 2273 1540 2314 evitandam
1560 2273 1707 2324 supplicii
1725 2270 1908 2308 diritatem.

1648 2344 2044 2379 Casaunou.

1395 2409 1462 2440 Per
1473 2403 1547 2440 vim
1562 2416 1615 2439 ore
1625 2402 1760 2438 diducto
1769 2397 1922 2446 infulciri
1934 2398 2043 2435 cibum
2057 2395 2184 2447 juffit.]
2201 2394 2361 2436 offendit

1341 2452 1585 2492 eruditissimos
1595 2454 1686 2491 viros
1706 2463 1775 2491 vox
1795 2449 1969 2496 infulciri,
1989 2448 2189 2499 videturque
2207 2450 2245 2486 iis
2262 2461 2361 2499 repo-

1341 2505 1499 2543 nendum
1516 2504 1678 2551 insertiri.
1708 2503 1841 2539 mirum
1865 2499 1947 2550 quid
1966 2513 2028 2537 eos
2044 2501 2207 2538 moverit.
2238 2512 2285 2536 an
2300 2512 2360 2536 ne·

1339 2557 1470 2605 gabunt
1496 2554 1561 2592 effe
1581 2556 1743 2591 Latinam
1752 2563 1882 2590 vocem
1897 2550 2071 2596 infulciri,
2095 2563 2158 2601 pro
2175 2550 2359 2587 inculcare?

1337 2597 1468 2644 ‘Seneca
1487 2605 1626 2657 epistola
1646 2617 1750 2643 cx1v.
1779 2608 1857 2639 Non
1866 2599 1987 2650 definit
1996 2601 2194 2637 Arruntius
2203 2597 2358 2636 omnibm

1339 2657 1416 2694 locis
1434 2657 1492 2693 hoc
1506 2656 1648 2692 verbum
1663 2654 1830 2701 infulcire.
1861 2652 1990 2688 omitto
2003 2679 2016 2694 ,
2033 2649 2128 2701 quod
2128 2649 2255 2695 fulcire
2276 2648 2357 2686 cibis

1338 2705 1583 2758 diligentiffimi
1602 2707 1760 2742 austeres
1779 2703 1950 2740 sermonis
1969 2702 2081 2739 Latini
2101 2699 2267 2737 dixerunt.

1395 2761 1586 2806 Amputavit
1605 2757 1730 2799 etiam,
1752 2753 1840 2805 quod
1857 2765 1922 2788 non
1933 2751 2047 2800 laqueo
2057 2748 2312 2797 strangulatum
2321 2749 2360 2786 in

1338 2810 1516 2846 Gemonias
1536 2805 1727 2856 abjecerit.]
1778 2812 1947 2851 imputare
1973 2801 2137 2837 Suetonio
2157 2829 2169 2843 ,
2206 2802 2357 2844 Tacito,

1338 2859 1522 2903 juvenali,
1562 2858 1695 2900 Plinio,
1723 2854 1957 2903 QintilianO,
1986 2853 2022 2886 ὅ(
2044 2849 2115 2887 aliis
2141 2849 2357 2901 scriptoribus

1336 2909 1505 2948 inferioris
1523 2909 1587 2947 aevi
1605 2908 1717 2950 valet,
1747 2902 1917 2956 postulare
1937 2900 2063 2987 aliquid
2084 2902 2204 2950 gratiae
2224 2903 2357 2953 apponi

1335 2959 1410 2999 fibi.
1469 2962 1607 2997 Tacitus
1621 2958 1730 2996 verbo
1742 2956 1874 3004 jaffiure
1889 2951 1923 2986 in
1939 2963 1993 2987 eat
2006 2965 2062 2987 em
2074 2951 2239 2989 sententia
2258 2952 2354 2991 usus:

1332 3012 1502 3057 Jucluvit
1520 3009 1625 3058 Casur
1637 3036 1650 3051 ,
1679 3005 1767 3056 quod
1781 3016 1848 3039 non
1864 3000 2221 3051 luqueoflruaguluta‚
2249 3016 2355 3053 neque

325 3076 378 3107 54.
398 3058 628 3102 Neronem&
641 3061 855 3105 Drusum&
869 3064 1035 3114 Cajum.]
1068 3064 1190 3105 Melius
1201 3079 1280 3107 Mss.
1329 3064 1368 3099 in
1387 3062 1566 3100 Gemonias
1577 3053 1854 3107 projeffiafuerit.

258 3119 450 3155 Neronem,
471 3110 641 3159 Drusum,
668 3109 720 3154 Εἴ
741 3115 878 3164 CuJum.

1384 3119 1514 3162 Proque
1532 3110 1596 3148 tati
1618 3104 1794 3146 clementia
1817 3103 1983 3153 interponi
1991 3103 2164 3142 decretum
2167 3103 2285 3154 paffiu
2295 3101 2350 3148 est,

2289 3164 2354 3200 quo
