2504 3425
213 173 324 242 576
538 167 1575 227 C.SuET.TRANQu1L1.1
1633 162 2000 218 L12.V11.

212 266 394 311 oblatam
416 282 439 311 a
460 261 837 312 Tarraconensibus
855 277 880 305 e
907 272 1041 303 vetere
1064 256 1223 318 templo
1254 253 1373 316 Jovis
1406 268 1606 298 coronam
1639 272 1803 301 auream
1838 259 2032 303 librarum
2064 256 2307 319 quindecim

216 329 448 384 conflasset,
483 344 528 373 ac
553 342 632 373 tres
652 326 788 370 uncias
807 355 820 373 ‚
860 339 949 383 quae
974 319 1150 381 ponderi
1173 318 1345 363 deerant
1361 350 1375 372 ,
1406 313 1575 374 juffiffet
1595 318 1722 377 exigi.
1789 319 1850 363 Ea
1871 320 1979 366 fama
2002 327 2046 366 δε
2070 319 2312 364 confirmata

217 399 263 438 δέ
285 394 402 438 aneta
422 389 506 445 est,
542 405 586 435 ut
607 390 786 449 primum
811 385 957 429 urbem
977 383 1148 428 introiit.
1215 383 1331 426 Nam
1352 395 1450 425 cum
1468 377 1709 435 claffiarios,
1743 396 1850 441 quos
1869 385 1990 428 Nero
2012 400 2061 428 ex
2084 383 2313 444 remigibus

215 455 346 515 justos
371 456 520 499 milites
544 451 698 496 fecerat
721 483 734 503 ,
779 449 910 493 redire
947 446 997 492 ad
1022 444 1242 505 pristinum
1265 442 1413 489 statum
1432 457 1604 504 cogeret
1628 460 1639 487 ε
1683 442 1913 489 recusantes
1932 480 1945 500 ‚
1990 461 2114 509 atque
2149 447 2314 506 inluper

215 520 394 581 aquilam
409 550 422 570 ,
453 519 496 558 δε
520 513 634 574 signa
658 512 907 573 pertinacius
930 509 1160 571 flagitantes
1180 543 1195 565 ‚
1230 523 1318 553 non
1343 506 1473 552 modo
1497 507 1679 551 immisto
1701 507 1844 569 equite
1866 506 2025 565 disjecit
2045 543 2058 563 ‚
2107 509 2175 554 sed
2198 509 2314 552 deci-

220 583 347 627 mavit
364 579 499 622 etiam.
565 580 677 622 Item
701 575 1016 620 Germanorum
1041 572 1259 618 cohortem
1281 588 1304 616 a
1327 568 1558 615 Caesaribus
1575 571 1680 616 olim
1704 571 1754 616 ad
1775 568 2005 617 custodiam
2028 573 2213 632 corporis
2246 574 2313 616 in-

220 644 427 695 stitutam,
464 638 686 702 multisunt:
710 639 1005 700 experimentis
1024 635 1327 690 fidelissimam,
1362 632 1544 679 diffolvit
1564 669 1579 689 ‚
1621 650 1668 680 ac
1691 632 1776 679 fine
1799 635 1888 679 ullo
1912 637 2143 680 commodo
2164 635 2317 679 remitit

220 709 264 751 in
288 706 480 767 patriam:
514 703 623 765 quasi
646 703 731 748 Cn.
748 701 1006 758 Dolabellae‚
1038 706 1150 759 juxta
1168 697 1437 758 cujushortos
1450 697 1669 755 tendebat,
1703 699 1959 760 proniorem.
2029 697 2287 761 Illa'quoque
2304 730 2318 750 ,

220 785 370 814 verene
394 783 445 812 an
469 764 594 823 falso,
626 783 700 829 per
721 766 949 813 ludibrium
968 765 1242 825 jactabantur,
1277 761 1458 823 apposita
1476 762 1651 808 lautiore
1672 778 1797 808 coena
1819 761 2064 825 ingemuisse
2083 778 2195 806 eum.
2263 761 2321 805 Et

224 831 437 877 ordinario
460 831 634 892 quidem
658 828 923 892 dispensatori
948 829 1198 875 breviarium
1223 827 1430 873 rationum
1452 823 1670 891 offerenti!
1707 826 1966 888 paropsidem
1992 826 2221 889 leguminis
2244 840 2320 886 pro

219 894 433 941 sedulitate
457 911 502 940 ac
518 894 739 956 diligentia
764 891 997 956 porrexisse.
1064 895 1188 940 Cano
1210 905 1347 936 autem
1367 888 1567 935 choraulae
1581 924 1592 944 ,
1629 891 1732 936 mire
1752 891 1953 952 placenti,
1990 890 2178 935 denarios
2193 890 2322 950 quin·

221 976 305 1021 que
339 956 530 1015 donasse,
565 959 744 1021 prolatos
779 975 903 1003 manu
938 956 1006 1002 sua
1038 974 1061 1002 e
1095 953 1373 1019 peculiaribus
1393 954 1541 999 loculis
1565 951 1659 999 suis.
1726 959 1869 1014 Qare
1904 953 2104 999 adventus
2128 957 2215 1009 ejus
2232 967 2318 997 non

218 1023 390 1086 perinde
414 1037 553 1086 gratus
576 1021 683 1070 fuitz
719 1021 847 1085 idque
875 1022 1069 1084 proximo
1089 1019 1320 1083 spectaculo
1339 1019 1538 1080 appatuit.
1605 1017 1823 1082 Siquidem
1844 1019 2052 1064 Atellanis
2063 1015 2324 1089 notislirnum

2188 1094 2325 1125 canti-

556 1165 592 1199 T
615 1175 640 1199 o
670 1174 692 1198 R
723 1172 748 1196 R
779 1169 800 1194 Ε
830 1169 855 1193 Ν
888 1169 923 1193 T.
1292 1152 1377 1189 &uri
1401 1151 1517 1190 sumus
1533 1153 1621 1191 libro
1644 1154 1750 1193 sexto.
1811 1156 1856 1193 At
1872 1154 2028 1193 claffiarii
2044 1154 2150 1191 isti&
2171 1155 2324 1203 remiges

279 1217 368 1251 Cum
386 1211 596 1261 chfflariva]
626 1213 680 1250 Sic
699 1209 839 1249 navales
859 1209 930 1247 five
953 1208 1068 1248 socios
1092 1210 1162 1249 five
1181 1211 1247 1249 mi-

228 1264 301 1300 lites
319 1292 331 1306 ,
362 1274 476 1301 vocat.
516 1263 598 1300 Tib.
621 1275 694 1312 cap.
715 1272 780 1297 LX1
795 1274 823 1297 1.
858 1261 945 1297 Oth.
960 1273 1034 1310 cap.
1055 1275 1161 1300 v111.
1209 1266 1246 1298 δε

226 1312 369 1363 Vespas.
378 1325 504 1363 cap.v1
517 1327 528 1349 1
542 1327 570 1351 1.
600 1312 724 1350 Similis
743 1312 859 1348 Taciti
884 1311 979 1348 locus
998 1311 1057 1348 lib.
1076 1326 1087 1348 1
1101 1327 1111 1349 ι
1126 1327 1153 1349 1.
1181 1314 1247 1349 Hi-

228 1363 307 1400 stor.
356 1367 384 1398 E
406 1361 536 1411 classicis
556 1361 816 1399 Ravennatibus
833 1361 1054 1410 legionariam
1081 1361 1247 1400 militiam

222 1412 426 1462 poscentibus
450 1412 592 1462 optimus
607 1412 742 1461 quzfique
757 1411 891 1458 adsciti.

284 1467 530 1499 Germanorum
548 1459 747 1510 cohortem]
775 1460 886 1510 Calig.
897 1473 971 1511 cap.
983 1473 1046 1501 tvi
1061 1476 1072 1498 1
1086 1476 1113 1498 1.

281 1517 347 1550 Cn.
374 1512 587 1561 Dolabella]
640 1513 726 1555 Cui,
755 1512 854 1547 uti&
873 1511 1036 1555 Othoni,
1067 1525 1148 1548 cum
1172 1513 1250 1548 utri-

228 1576 295 1613 que
315 1563 439 1599 horum
459 1563 569 1611 plures
585 1563 758 1600 ambirent
782 1563 975 1613 Imperium
995 1590 1007 1607 ‚
1033 1562 1143 1600 Galba
1159 1563 1249 1600 Piso-

233 1627 316 1650 nem
336 1613 491 1663 praetulit.

286 1663 406 1708 Juxta
431 1665 521 1714 cujus
546 1663 655 1700 hortos
682 1661 878 1711 tendehat.]
939 1663 1086 1699 Tendere
1105 1662 1251 1700 militare

228 1713 378 1757 verbum
394 1743 405 1757 ‚
432 1727 495 1765 pro
512 1714 730 1752 tabernacula
747 1714 885 1751 habere.
913 1713 1037 1764 virgil.

284 1766 348 1800 Hic
367 1766 533 1814 Dolopum
551 1778 695 1808 manus,
727 1764 783 1801 hic
798 1765 903 1813 flavus
921 1763 1078 1800 tendebat
1090 1762 1252 1800 Achilles.

230 1817 268 1850 δε
290 1813 347 1850 lib.
362 1827 402 1851 vi
417 1829 427 1851 x
441 1829 469 1851 1.
487 1814 627 1863 celfhque
643 1814 750 1852 omnis
770 1815 811 1850 de
830 1813 906 1850 colle
923 1813 1037 1850 videri
1054 1813 1147 1858 Jam
1161 1822 1253 1862 pote-

233 1873 291 1898 rat
310 1863 421 1907 locus,
462 1863 514 1907 Εἴ
539 1864 622 1902 latis
645 1863 804 1902 tendebat
833 1864 869 1901 in
897 1866 1006 1901 arvis.
1065 1866 1113 1900 Ut
1135 1875 1253 1903 autem

235 1916 374 1949 Suemn.
407 1917 664 1951 Germanorum
695 1915 846 1952 cohortis
874 1915 968 1959 juxta
996 1914 1116 1951 hortos
1144 1914 1255 1951 Dola-

237 1962 334 1999 bellae
351 1991 362 2005 ,
394 1962 440 1999 fic
457 1964 607 2001 cohortis
632 1965 848 2014 Illyricorum
878 1965 912 1999 in
933 1965 1065 2014 porticu
1093 1964 1255 2015 Vipsania

238 2012 408 2049 tendentis
426 2013 592 2050 Plutarch.
619 2016 804 2057 meminit,
828 2014 890 2050 &i
917 2014 949 2049 se
969 2015 1082 2051 Tacit.

292 2063 513 2100 Bra-viariam
538 2062 750 2111 rationum]
793 2064 846 2100 Sic

237 2113 326 2162 Aug.
355 2125 430 2162 cap.
468 2114 527 2151 ult.

292 2163 520 2211 Paraf‘ji'dem.
536 2163 551 2211 ]

900 2065 1091 2102 aviarium
1121 2066 1256 2114 Imperii

596 2162 758 2201 Mellores
788 2163 864 2201 libri
885 2161 1101 2212 paropsidem.
1144 2167 1258 2203 Graeci

240 2210 312 2248 fere
331 2212 531 2258 παρειφίέοι
547 2212 705 2251 scribunt.
741 2214 930 2265 Hesychius
945 2225 1064 2250 tamen
1075 2225 1257 2264 utrumque

237 2262 411 2312 agnoscit,
441 2262 670 2310 παραψίδες,
689 2264 709 2304 ἧ
728 2262 945 2311 παροψίδες,
974 2263 1258 2312 volumniae-rpo-

238 2314 343 2356 βλίοι.
403 2315 513 2350 Utitur
534 2314 640 2350 etiam
654 2315 810 2358 Juvenal.
841 2317 906 2351 Sat.
927 2328 1005 2350 111.

294 2366 390 2399 Cano
411 2363 607 2411 clwraulae.]
636 2364 780 2414 Elegans
800 2365 874 2401 satis
894 2363 1070 2414 Apolloiiii
1093 2376 1173 2400 cum
1193 2365 1260 2404 hoc

241 2416 343 2448 Cano
371 2412 526 2463 dialogus
552 2414 640 2464 apud
671 2415 910 2452 Philostratum
941 2413 1000 2450 lib.
1021 2426 1054 2450 v.
1083 2426 1156 2464 cap.
1177 2429 1260 2453 vu.

241 2463 403 2500 Meminit
413 2463 622 2501 Martial.lib.
645 2478 695 2501 ιν.
718 2467 813 2515 Epig.
827 2479 859 2502 v.
880 2463 1031 2501 &lib.x.
1051 2467 1164 2513 Epigr.
1181 2479 1191 2503 1
1207 2480 1215 2502 ι
1231 2480 1258 2503 1.

296 2513 463 2549 Denarios
480 2515 668 2564 quinqua]
703 2516 870 2552 Plutarch.
899 2526 1022 2551 aureos
1038 2527 1150 2552 vocat.
1207 2518 1264 2554 An

242 2576 328 2614 ergo
351 2563 480 2601 denarii
498 2566 603 2601 etiam
623 2566 715 2601 aurei
736 2565 854 2604 fuere?

296 2618 325 2649 E
335 2614 560 2661 peculiaribus
581 2614 736 2663 loculis.]
781 2619 864 2653 Hoc
896 2613 1064 2652 Plutarch.
1095 2615 1259 2665 explicat,

243 2676 326 2699 cum
346 2664 392 2700 ait
411 2663 567 2708 adjeciffe
587 2664 737 2702 Galbam
757 2695 769 2710 ,
795 2666 837 2702 de
857 2666 916 2701 suo
932 2693 945 2710 ‚
974 2678 1047 2701 non
1063 2664 1106 2701 de
1126 2665 1263 2715 publico

244 2713 278 2749 se
301 2713 392 2750 dare.
449 2717 502 2751 Sic
513 2715 698 2762 peculiares
710 2716 808 2762 fier-vi
827 2715 915 2752 Caes.
927 2729 1000 2766 cap.
1016 2727 1138 2754 Lxxvi.

308 2776 359 2805 ¹3·
380 2764 596 2813 Atellania]
637 2766 816 2802 Atellanos
840 2766 906 2802 hoc
928 2766 1007 2802 loco
1017 2765 1266 2804 Attellanarum

247 2811 383 2867 :nitores
401 2825 513 2850 vocat.
572 2819 692 2864 ltaque
711 2814 828 2866 exorsis
846 2816 949 2867 lego,
979 2815 1060 2852 utin
1074 2815 1153 2854 edit.
1181 2820 1266 2855 Ger-

247 2871 407 2904 manica,
438 2875 501 2912 pro
518 2865 659 2913 exorsus.

558 2927 589 2960 C
619 2938 639 2960 A
667 2937 682 2960 s
713 2939 734 2962 Α
756 2941 781 2964 υ
813 2940 832 2964 Β
861 2942 885 2965 0
915 2942 952 2966 N.

308 2991 360 3015 12.
388 2980 479 3026 Qvi·
498 2985 585 3016 Nero
600 2996 616 3017 e
638 2984 813 3031 remigibus
836 2986 930 3033 justos
949 2987 1073 3023 milites
1091 2988 1263 3038 secema]

248 3029 368 3074 Quam
389 3041 511 3078 parum
536 3029 678 3067 honesta
694 3034 780 3081 apud
795 3038 903 3073 Rom.
924 3035 1025 3073 suerit
1038 3037 1123 3073 olim
1134 3040 1266 3075 nautica

247 3078 390 3125 militia,
422 3090 462 3117 ac
481 3091 608 3130 quare,
637 3081 682 3118 :td
700 3082 883 3132 Polybium
904 3113 916 3129 ,
945 3085 1091 3123 iaciente
1100 3090 1201 3131 Deo,
1220 3089 1267 3125 di-

1295 1201 1470 1240 beneficio
1489 1205 1643 1242 Neronis
1661 1204 1742 1243 fasti
1763 1205 1838 1253 justi
1862 1206 1988 1243 milites
2018 1207 2053 1241 in
2079 1216 2188 1241 unam
2217 1204 2325 1253 legio-

1296 1265 1379 1288 nem
1397 1251 1531 1290 fuerant
1548 1257 1718 1301 conjecti,
1738 1258 1880 1294 auctore
1896 1255 2102 1293 Plutarcho:
2129 1266 2235 1304 quam
2245 1255 2323 1291 sane

1297 1302 1494 1340 admodum
1510 1305 1665 1355 amplam
1675 1334 1687 1350 ,
1716 1307 1814 1357 supra
1829 1305 2029 1343 consuetum
2042 1306 2147 1341 etiam
2157 1304 2212 1341 illa
2222 1316 2323 1342 aetate

1298 1353 1449 1390 modum
1472 1382 1483 1397 ‚
1519 1352 1614 1392 fuiffe
1633 1367 1772 1406 oportet
1790 1385 1803 1401 ‚
1853 1355 1879 1392 fi
1903 1367 1997 1392 caret
2024 1354 2158 1392 mendo
2176 1383 2190 1398 ‚
2227 1354 2323 1405 quod

1298 1402 1408 1439 scribit
1436 1405 1508 1440 Dio
1530 1433 1541 1447 ,
1577 1405 1704 1443 saevitia
1731 1407 1790 1443 ista
1817 1405 1936 1443 Galbae
1961 1404 2090 1455 periisse
2113 1404 2250 1443 illorum
2275 1404 2323 1442 ad

1299 1452 1430 1504 septem
1448 1454 1554 1491 millia
1568 1483 1580 1498 ,
1613 1467 1737 1502 praeter
1759 1469 1948 1494 numerum
1971 1457 2152 1505 ingentem
2173 1468 2320 1499 eorum,

1299 1505 1356 1554 qui
1373 1515 1453 1541 tunc
1470 1504 1626 1549 liberati,
1655 1518 1742 1544 mox
1760 1507 1835 1545 sunt
1852 1505 2026 1543 decimati.
2083 1503 2229 1542 Fortasse
2246 1504 2322 1542 scri-

1302 1554 1457 1591 bendum
1474 1555 1568 1605 apud
1585 1556 1803 1604 Xiphilinum
1819 1585 1834 1602 ,
1861 1557 1907 1598 εἰς
1927 1556 2126 1604 τρια-χιλίες
2146 1582 2160 1600 ,
2196 1555 2253 1595 vel
2272 1571 2325 1592 τε·

1300 1611 1547 1654 epotata-zizi&
1570 1606 1750 1645 oza-ioman.

1348 1656 1519 1705 Aquilam
1547 1654 1600 1699 ἐς
1616 1654 1717 1706 figna
1727 1658 1937 1706 pertinacius
1960 1653 2195 1706 flagitantes.]
2246 1656 2327 1695 Plu·

1302 1706 1456 1749 tar-chus,
1486 1708 1613 1750 σημεῖα
1631 1709 1682 1753 τῷ
1697 1708 1858 1753 τάγματι
1880 1706 1940 1742 καὶ
1960 1707 2073 1754 χάριν
2091 1707 2261 1747 alffius-es.
2289 1705 2327 1744 id

1302 1755 1370 1799 est,
1391 1755 1490 1805 signa
1491 1754 1820 1807 flagitanteslegioni
1822 1755 1945 1803 sua&
1955 1757 2063 1793 locum
2073 1757 2132 1794 ubi
2138 1757 2326 1794 tenderent.

1359 1806 1500 1854 Immiſjo
1529 1807 1638 1855 equite
1665 1807 1835 1858 disjecit.]
1877 1810 1972 1867 Imol
1992 1805 2105 1856 pedite
2121 1835 2134 1850 ,
2168 1805 2194 1842 fi
2219 1805 2329 1856 sequi-

1287 1867 1382 1908 =mur
1396 1857 1577 1893 Dionem:
1606 1856 1712 1902 ἐφῆκε
1733 1858 1837 1902 σφίσι
1855 1856 1890 1893 τὸ
1909 1871 2096 1900 ς-ροιτευμοι.
2124 1856 2325 1893 Plutarchus

1304 1908 1509 1943 Suetonium
1527 1905 1699 1956 sequitur:
1736 1906 1896 1944 ἐκέλευε-ε
1922 1905 1986 1947 ‘refe
2011 1906 2136 1946 ἱππ-εἷς
2165 1903 2328 1952 ἔμςοιλεῖν

1304 1971 1443 1997 avum..

1359 2006 1480 2052 Juxta
1498 2009 1589 2056 cujus
1606 2007 1716 2044 hortos
1735 2004 1931 2055 tendebam]
1963 2007 2053 2044 Ante
2072 2005 2177 2044 castra
2195 2007 2230 2044 in
2240 2007 2326 2046 urbe

1306 2055 1476 2094 aedificata
1502 2059 1669 2108 praetoriae
1688 2058 1851 2095 cohortes
1883 2056 2106 2104 multifariam
2124 2057 2325 2109 diverseque

1305 2106 1494 2145 tendebant
1511 2110 1545 2145 in
1565 2108 1649 2145 urbe
1665 2136 1678 2152 ,
1709 2111 1747 2145 δε
1766 2108 1884 2146 vicinis
1902 2107 1976 2144 urbi
2003 2108 2207 2157 municipiis.
2264 2112 2325 2146 Se·

1307 2159 1403 2203 janus
1420 2159 1457 2195 in
1476 2172 1584 2196 unum
1604 2158 1716 2208 coegit
1735 2157 1906 2195 exsti-ustis
1922 2157 2059 2195 castris:
2085 2157 2186 2195 sedin
2196 2157 2302 2196 castra
2312 2188 2325 2205 ,

1308 2219 1343 2243 ut
1365 2207 1484 2253 vides,
1506 2222 1576 2245 non
1597 2206 1748 2245 admissae
1773 2208 1953 2252 cohortes,
1983 2222 2062 2257 quae
2086 2222 2127 2244 ex
2138 2207 2210 2245 aliis
2219 2221 2326 2258 quam

1307 2259 1480 2295 Romanis
1500 2259 1629 2296 civibus
1645 2270 1738 2294 erant
1756 2258 1980 2310 compositae,
2000 2271 2035 2295 ut
2052 2261 2331 2303 Germanorum,

1311 2307 1566 2357 Hispanorum,
1595 2309 1796 2346 aliorumve.

1366 2357 1580 2407 Purapsia'em
1599 2358 1814 2407 leguminis.]
1848 2357 2078 2407 Paropfidem:
2109 2371 2193 2396 nam
2215 2359 2327 2397 absur-

1309 2406 1373 2444 dus
1390 2421 1483 2445 error
1502 2408 1549 2445 est
1569 2408 1712 2445 scribere
1730 2422 1791 2456 per
1805 2421 1829 2444 a
1849 2437 1860 2451 ,
1884 2420 1920 2445 ut
1937 2410 1970 2445 in
1990 2409 2107 2445 multis
2126 2410 2218 2446 libris
2232 2411 2329 2456 inve-

1313 2457 1410 2495 nitur.
1438 2471 1568 2496 veteres
1584 2472 1709 2495 omnes
1726 2472 1785 2508 per
1800 2473 1816 2494 o
1838 2487 1850 2503 ,
1879 2459 2031 2510 alioquin
2051 2460 2165 2510 inepte
2185 2459 2331 2498 confun-

1317 2507 1439 2545 dantur
1457 2508 1551 2554 ἁψὶς
1576 2513 1612 2545 δ(
1631 2509 1730 2554 ὄψον.

1369 2559 1535 2594 Denarios
1564 2560 1711 2608 quinque
1742 2557 1909 2607 donasse]
1955 2559 2231 2608 Magnitudinem
2259 2560 2329 2598 sor-

1314 2607 1410 2645 dium
1430 2608 1592 2659 intelliget
1609 2638 1622 2652 ,
1660 2610 1717 2659 qui
1744 2609 1910 2659 cogitabit
1934 2607 2028 2646 fuiffe
2047 2610 2157 2646 moris
2174 2638 2186 2654 ,
2225 2621 2259 2646 ut
2281 2610 2331 2647 hi-

1315 2658 1496 2696 strionibus
1533 2660 1740 2709 placentibus
1768 2670 1887 2710 praeter
1910 2659 2112 2696 merceiem
2137 2659 2329 2709 legitimam

1315 2708 1445 2759 aliquot
1461 2711 1553 2746 aurei
1571 2723 1611 2746 ac
1631 2708 1750 2747 similia
1769 2722 1914 2746 munera
1932 2709 2101 2745 darentur.
2147 2709 2235 2746 datae
2255 2709 2329 2747 sunt

1317 2763 1353 2796 ὅ(
1381 2773 1520 2796 coronae
1545 2774 1585 2798 ex
1613 2772 1709 2798 auro.
1765 2761 1810 2796 At
1839 2758 1950 2795 Galba
1985 2769 2077 2794 tanta
2104 2758 2328 2797 illiberalitate

1315 2809 1377 2847 fuit
1396 2839 1407 2853 ,
1446 2810 1685 2861 utaliquando
1708 2809 1828 2846 amicis
1848 2808 1944 2844 daret
1960 2808 2096 2844 muneri
2124 2823 2196 2846 non
2222 2810 2329 2847 dena-

1317 2861 1383 2896 rios
1401 2863 1572 2911 integros,
1601 2860 1657 2897 sed
1675 2858 1757 2911 asses
1774 2858 1861 2894 duos
1877 2856 1997 2895 tresve.
2033 2859 2103 2894 Dio
2123 2874 2133 2897 ι
2159 2859 2222 2898 ἑός-ε
2240 2860 2327 2904 μηδὲ

1314 2909 1479 2956 δρωχιιιοὲς
1499 2911 1565 2949 ἐς-ιν
1582 2908 1653 2953 οἷς,
1680 2910 1763 2944 ἀλλ’
1781 2906 1908 2947 ἷςολδῗς
1926 2907 2146 2958 χωρίζεσθαι.
2203 2910 2330 2948 Plutar-

1316 2963 1398 2999 c'nus
1421 2961 1492 2997 haec
1511 2961 1605 2996 aliter
1620 2970 1745 2997 narrat.

1672 3031 1708 3065 V
1734 3040 1756 3064 A
1783 3041 1806 3065 R
1836 3040 1849 3064 1
1877 3041 1901 3065 o
1929 3043 1966 3068 a.

1374 3104 1424 3134 ¹3·
1452 3089 1624 3138 Siquidem
1642 3087 1855 3138 Atellanis]
1884 3091 2037 3138 Tib.45.

2180 3147 2215 3182 T
2241 3158 2265 3184 0
2289 3157 2333 3183 m-

2348 968 2396 1016 ¹3
