2504 3425
7 0 9 2 .
15 1 19 4 ,
28 0 76 8 ,,,,

414 166 681 229 NOTA-'4
746 168 821 228 'IN
885 168 1381 226 SUETONIt
1448 168 1951 229 Ληουεῖ-ΠΜ.
2109 194 2215 253 ⁷91

125 257 292 301 laticlavia
306 274 403 310 ‚quae
412 265 457 302 ad
476 265 580 316 pedes
590 264 674 303 illius
696 262 885 303 decidebat.
915 263 1046 302 Habuit
1058 277 1141 313 ergo
1196 261 1238 300 sc,
1262 271 1295 301 6.
1318 276 1353 303 v.
1374 277 1430 303 20.
1465 265 1506 301 de
1523 265 1626 313 zsthac
1642 267 1770 317 Cujma
1787 267 1865 306 huic
1881 269 1984 315 nostro
2011 271 2123 308 villico
2136 279 2219 320 gru·

123 311 178 349 die
203 315 357 363 tyrocinii
373 316 525 354 tunicam
544 315 761 354 laticlaviam.
806 314 873 352 Sed
891 313 946 351 illa
974 315 1029 352 die
1049 317 1141 352 reeta
1194 315 1281 351 tiam
1297 315 1414 360 facias
1434 331 1445 351 .·
1471 317 1525 352 Sic
1547 321 1585 354 ὃ(
1609 318 1688 355 alibi
1715 318 1860 358 Plautus.
1884 332 1921 357 ut
1950 333 2023 357 non
2052 334 2140 371 opus
2159 322 2214 359 hic

122 373 195 399 erat
230 363 405 402 sumenda.
462 371 583 417 Itaque
609 368 761 404 tunicam
797 366 894 403 illam
933 365 1140 404 laticlaviam
1194 362 1234 400 sit
1252 370 1332 402 cum
1351 367 1426 405 viro
1449 379 1582 417 magno
1605 368 1816 407 rescribere:
1852 371 2020 407 retinendi
2037 376 2111 421 eqm'
2133 386 2213 421 gra·

123 424 202 450 ante
222 413 358 458 habuit,
387 427 493 467 eaque
514 417 650 455 indutus
667 418 762 457 venit
780 418 814 454 in
830 417 947 454 forum
963 445 974 461 ,
1005 416 1060 453 sed
1079 429 1138 453 an-
1191 417 1280 450 tiam
1289 417 1390 460 fecit.
1415 417 1472 455 sed
1492 418 1580 463 hoc,
1607 421 1640 456 ni
1659 419 1759 458 fallor
1776 450 1789 465 2
1818 424 1855 458 &
1875 421 1929 458 alii
1953 423 2025 467 lam
2050 434 2128 460 aute
2148 423 2214 461 Ob·

124 473 265 512 tequam
283 477 479 512 exueretur,
509 468 619 505 resuta
641 468 684 505 ab
712 480 859 517 utroque
883 467 1032 503 humero
1050 467 1139 503 deci-
1194 464 1380 504 servarunt.

119 511 169 549 dit
185 513 227 549 ad
246 516 317 560 ejus
339 516 452 566 pedes.
498 523 590 569 Ergo
610 519 716 556 latum
730 517 869 555 clavum
891 517 1033 566 gestavit
1053 530 1138 566 prae-
1249 531 1304 560 39.
1336 521 1453 566 Atque
1470 532 1511 554 ex
1528 519 1731 568 improbatis.
1748 522 1764 568 J
1800 521 1889 559 Cod.
1923 522 2029 560 Salm.
2052 534 2156 572 atque
2173 524 2210 561 in

115 573 281 608 textatus,
316 570 353 603 ὃ(
376 580 455 605 ante
482 569 576 606 diem
596 570 696 607 virilis
715 582 818 618 togae,
838 572 876 604 δε
894 567 1035 616 quidem
1058 569 1136 616 quia
1190 567 1386 612 exprobans.

119 614 193 661 jam
211 626 290 651 ante
319 618 354 653 in
377 621 535 669 patricios
553 632 626 656 erat
650 633 669 655 a
689 619 823 656 Caesare
849 617 998 654 allectus.
1056 619 1136 653 Nec
1242 619 1276 650 Si
1299 617 1439 663 deeſjent
1457 619 1636 656 candidati
1658 649 1670 663 ,
1688 619 1854 666 senatores
1878 635 1920 657 ex
1945 623 2115 672 equitibus
2146 630 2208 661 Ro-

117 662 166 699 est
182 665 275 714 quod
296 680 360 705 nos
379 682 525 708 moveat
541 672 613 706 Dio
623 669 773 712 (jastius,
802 669 860 717 qui
877 667 986 703 scribit
997 678 1135 717 propter
1187 667 1298 717 (uanis
1315 669 1490 720 creavit]
1524 669 1705 707 Salmasius
1727 669 1773 707 fic
1795 683 1888 721 putat
1906 672 2206 724 distinguendum:

115 711 185 750 hoc
204 728 312 753 omen
338 721 460 757 tunicae
478 720 674 767 laticlaviae,
706 732 782 770 quae
799 718 842 754 ad
867 716 971 767 pedes
1000 717 1134 754 decide-
1186 717 1218 746 S!
1237 714 1375 768 deessent
1392 718 1570 755 candidati
1580 721 1748 767 senatores
1764 750 1776 765 ,
1805 735 1846 757 ex
1864 722 2030 770 equitibus
2047 725 2209 762 Romanis

114 775 186 807 rat,
211 767 338 809 Julium
357 758 517 808 retulisle‘
534 772 724 808 octavium
751 771 787 805 in
811 768 977 819 patricios.
1035 769 1133 804 Nam
1193 775 1339 803 creawt.

113 815 273 854 Dionem
292 821 428 868 quoties
464 835 538 858 non
563 821 680 858 calculi
712 819 843 861 modo,
872 817 927 853 sed
952 817 1021 866 ipsa
1047 819 1133 854 ratio
1240 828 1302 868 40..
1326 815 1444 861 Populi
1469 820 1636 866 recensum
1658 821 1804 857 vicatim
1822 821 1919 869 egit.]
1950 824 2039 861 Cod.
2064 824 2204 863 Salmas

109 862 266 904 fefellerit
283 869 318 905 in
335 870 436 908 rebus
448 872 640 913 Romanis,
665 871 726 908 viri
744 869 836 906 dosii
854 866 993 902 infinitis
1014 880 1134 902 exem·
1186 864 1301 909 P⁰pult
1323 870 1362 903 R.
1389 866 1520 914 censum
1546 870 1692 904 vicatim
1721 871 1798 916 egit.
1855 873 2015 911 Harlem.
2059 878 2206 912 Romani

113 915 176 963 plis
193 916 392 958 docuerunt.
453 921 656 957 Consulatur
681 919 735 956 vel
764 929 830 955 una
859 916 1006 952 Coi-radi
1036 930 1133 965 quae-
1178 913 1291 958 populi
1315 914 1444 961 censum
1460 931 1496 953 v.
1515 931 1541 954 e.
1562 918 1702 955 Salmas.
1720 918 1833 955 statim
1850 934 1860 955 ι
1886 922 1928 956 ab
1949 925 2085 970 negotiis
2104 939 2206 962 voca-

111 965 198 1002 stura
218 969 408 1007 Ciceronis.
464 973 630 1007 Praeterea
647 982 718 1005 non
737 967 784 1004 est
813 964 1034 1008 verosimile,
1065 966 1131 1002 hoc
1184 972 1289 1000 retur.
1317 963 1397 1000 dein
1441 977 1635 1003 ‹uaternum
1659 970 1831 1015 mensuum
1845 982 1906 1018 pro
1927 971 2117 1016 mensium,
2143 989 2207 1012 no.

111 1015 207 1065 quasi
227 1017 338 1056 fausto
358 1020 516 1070 prodigio
536 1031 737 1069 permotum
765 1016 938 1053 Caesarem
957 1016 999 1051 ad
1021 1017 1131 1052 Oeta·
1155 1044 1159 1087 q
1183 1022 1276 1048 tante
1301 1015 1417 1051 Salma
1434 1030 1483 1054 10.
1501 1017 1596 1055 idem
1618 1017 1719 1054 dein:
1748 1019 1899 1055 tribubus
1924 1022 2002 1066 suis.
2023 1026 2061 1059 δε
2082 1027 2207 1060 civita-

111 1067 209 1103 vium
235 1069 495 1106 adscribendum
524 1070 695 1119 patriciis,
758 1069 810 1103 uia
840 1065 921 1103 nihil
956 1066 1129 1103 tribuebat
1182 1071 1229 1096 ²1³5
1250 1068 1434 1102 Romanas.

106 1116 215 1159 Julius
230 1119 428 1162 ominibus,
454 1121 623 1169 auguriis,
643 1082 908 1168 &auspicium
924 1117 1120 1161 ineius-vita
1232 1117 1305 1157 En,
1336 1116 1388 1152 ait
1406 1145 1417 1159 ‚
1443 1123 1606 1154 Romanos
1647 1130 1761 1154 rerum
1793 1119 1942 1156 dominos
1961 1149 1971 1164 ,
2005 1133 2205 1175 gentemque

108 1167 255 1216 prodidit
274 1169 499 1220 Tranquillus.
551 1172 720 1206 Praeterea
741 1169 836 1205 locus
863 1168 958 1203 Statii
984 1169 1020 1202 in
1045 1169 1128 1204 Pro-
1180 1170 1342 1209 togatam,
1360 1169 1550 1214 Negotium.
1567 1168 1582 1213 J
1614 1172 1656 1204 In
1671 1167 1871 1218 Copefiano
1889 1170 2008 1208 codice
2028 1171 2204 1214 fici-cetius

105 1218 249 1268 treptico
268 1219 311 1255 ad
329 1220 523 1271 Crispinum
546 1232 726 1269 tantopere
747 1217 863 1255 firmat
887 1218 973 1253 hanc
993 1217 1126 1254 senten-
1180 1210 1298 1261 legitur
1316 1219 1352 1252 δ(
1371 1218 1580 1266 distinguitur
1603 1219 1656 1255 hic
1683 1218 1777 1256 locus
1801 1234 1810 1256 ε
1848 1225 1901 1255 En

106 1267 192 1304 tiam
212 1268 363 1308 Rubenii
380 1299 392 1314 ‚
425 1283 462 1308 ut
485 1270 567 1308 nihil
593 1269 669 1307 fieri
705 1267 803 1320 possit
840 1267 1003 1318 liquidius.
1061 1270 1126 1304 Per
1290 1271 1453 1303 Romanos
1470 1281 1583 1304 rerum
1597 1270 1745 1305 dominos
1750 1281 1948 1319 gentemque
1965 1280 2138 1321 togatam:

105 1320 231 1368 Tyrios
255 1317 345 1356 finus
368 1321 449 1357 nihil
474 1320 582 1370 potest
606 1321 747 1369 intelligi
764 1317 826 1356 nist
850 1329 1035 1368 praetexta,
1054 1332 1124 1355 ¹10ss
1180 1317 1345 1361 negffisslm
1364 1318 1508 1354 Adiliblss
1530 1319 1637 1356 dedit.

104 1381 212 1413 vero,
242 1381 278 1406 ut
298 1371 533 1422 interpretatur
559 1372 724 1408 Ferrarius
739 1399 752 1414 ,
787 1371 899 1406 tunica
919 1367 963 1404 ad
984 1371 1124 1419 pestus,
1148 1389 1150 1397 r

106 1417 177 1456 five
195 1421 230 1456 in
249 1418 323 1457 sinu
345 1422 416 1459 lato
433 1422 533 1458 clavo
549 1421 701 1472 insignis.
753 1421 840 1469 Qis
858 1420 951 1455 enim
972 1432 1125 1468 unquam

1229 1379 1287 1408 4¹.
1318 1373 1452 1403 Foenore
1472 1369 1682 1416 diminuta]
1716 1370 1807 1408 Cod.
1832 1370 1937 1408 Salm.
1958 1372 2142 1411 deminuto.

1234 1420 1298 1451 Pro
1325 1420 1584 1466 octingentorum
1619 1421 1754 1457 milium
1770 1422 1906 1468 summa
1937 1423 2106 1460 duodecies
2133 1431 2198 1463 HS„

103 1468 220 1507 finum
238 1472 351 1508 tribuit
370 1473 515 1511 tunicae?
541 1476 654 1522 Toga:
671 1471 763 1509 finus
792 1470 978 1508 habebant.
1017 1471 1122 1508 Ovid.
1147 1473 1151 1504 l
1178 1468 1361 1513 taxavit.]
1413 1467 1582 1506 Diffensus
1601 1472 1725 1508 Dionis
1751 1474 1790 1508 δε
1814 1473 1964 1508 Suetonii
1991 1475 2085 1509 reete
2105 1488 2204 1513 com-

217 1524 286 1556 Nec
301 1531 376 1569 toga
386 1522 436 1569 fit
454 1524 531 1558 taxo
549 1516 774 1571 conspicienda
783 1521 875 1571 sinu.

104 1572 202 1608 Sinus
225 1571 320 1606 enim
335 1571 411 1609 sunt
432 1573 555 1623 proprii
573 1584 664 1623 togae
680 1586 777 1623 aeque
796 1583 830 1609 ut
858 1568 969 1608 umbo
992 1581 1032 1607 ac
1053 1569 1124 1607 bal-

105 1627 203 1664 teus.j
233 1621 354 1667 Tyrius
369 1621 465 1670 finus
485 1637 543 1675 per
562 1623 801 1674 synecdochen
816 1621 864 1659 est
889 1632 1054 1669 praetexta
1071 1633 1124 1658 to·

102 1684 171 1721 ga,
184 1680 219 1705 ut
237 1671 328 1720 apud
348 1672 502 1710 Persium
521 1675 687 1711 candidus
702 1673 802 1711 umbo
838 1671 887 1709 est
916 1683 999 1721 toga
1018 1684 1120 1722 pura,

104 1733 139 1759 ut
164 1721 256 1756 reete
292 1722 359 1758 hoc
381 1723 464 1760 vidit
500 1724 689 1761 Rubenius.
746 1725 834 1760 Non
857 1719 991 1773 possunt
1018 1724 1117 1773 igitur

100 1771 208 1813 verba
225 1770 280 1807 illa
297 1773 409 1815 Statii,
438 1773 480 1809 ad
498 1774 709 1824 Crispinum,

211 1822 264 1856 Sic
286 1830 337 1865 te,
366 1823 455 1858 clare
468 1832 571 1870 puer,
595 1825 750 1872 genitum
780 1822 843 1859 tibi
861 1822 958 1858 curia
967 1821 1092 1871 ftnfit,

213 1873 402 1921 Primaque
412 1874 560 1921 patritia
576 1874 696 1923 claufit
714 1872 852 1920 vestigia
872 1872 969 1909 luna.

212 1925 299 1957 Mox
314 1925 426 1970 Tyrios
443 1937 484 1959 ex
494 1937 584 1960 more
593 1923 681 1972 finus
690 1951 703 1969 ,
719 1925 937 1971 tunicamque
949 1930 1120 1970 potentem

215 1976 397 2019 Agnovere
419 1973 563 2011 humeri.

101 2020 203 2061 aliter'
222 2022 379 2072 explicari
400 2036 507 2075 quam
535 2024 602 2061 hoc
631 2022 744 2061 modo
769 2038 780 2061 ε
815 2026 873 2060 Tu
901 2034 1000 2059 natus
1021 2035 1057 2060 es
1085 2024 1120 2061 in

102 2073 126 2110 s
143 2087 201 2111 em
218 2071 394 2110 senatoriae
422 2075 615 2125 dignitatis,
652 2076 764 2124 itaque
790 2074 909 2111 infanti
929 2074 1043 2110 statim
1070 2075 1120 2111 in-

102 2087 222 2162 diuCtus
253 2123 300 2161 est
326 2127 479 2175 patricius
506 2126 638 2162 lunatus
653 2125 816 2168 calceus,
854 2125 933 2161 deiu
961 2136 1120 2175 praetexta

102 2186 167 2211 nec
194 2187 267 2212 nou
286 2177 399 2211 tunica
430 2176 596 2215 laticlavia
625 2189 661 2212 es
685 2175 831 2212 indutus.
888 2174 996 2213 Vides
1020 2177 1120 2225 igitur

102 2225 254 2262 Rubenii
277 2227 481 2274 opinionem
505 2227 696 2277 oppugnari
722 2225 841 2263 frustra
870 2226 904 2262 in
922 2226 988 2262 hoc
1012 2227 1120 2276 capite

102 2286 124 2310 a
150 2275 301 2311 Feri-ario
319 2303 329 2317 ‚
367 2277 460 2324 quod
485 2281 522 2314 δ(
548 2279 583 2314 ἰιι
601 2276 748 2327 pluribus
772 2276 843 2313 aliis
873 2276 1120 2314 Analestorum

104 2324 244 2362 suorum
273 2325 437 2374 capitibus
470 2325 559 2363 fecit·
618 2328 756 2364 Ferrarii
776 2328 843 2365 vivi
866 2326 1062 2363 doctrinam
1081 2331 1119 2363 δε

99 2377 293 2413 amicitiam
310 2377 430 2424 magni
447 2374 526 2420 feci,
538 2378 731 2427 mortuique
750 2379 963 2414 memoriam
983 2377 1120 2426 semper

102 2425 230 2463 colam.
287 2427 368 2461 Hoc
386 2436 505 2462 tamen
523 2439 606 2477 pace
626 2428 784 2464 manium
802 2430 873 2473 ejus
892 2428 1057 2471 dixerim,
1085 2429 1120 2464 in

105 2476 279 2514 Analetstis
312 2475 371 2511 illis
396 2487 515 2512 contra
546 2477 745 2513 Rubenium
772 2477 907 2514 calidius
935 2477 1022 2527 saepe
1047 2477 1121 2514 suas

102 2525 283 2564 sententias
308 2525 401 2561 illum
433 2523 647 2568 defendiffe,
686 2530 724 2562 δε
759 2527 908 2563 Rubenii
940 2528 1123 2576 opiniones

105 2577 282 2627 impetiisse
303 2604 315 2619 ,
353 2587 458 2625 quam
481 2575 631 2615 validius.
685 2578 772 2611 Non
791 2586 910 2611 tamen
936 2575 1071 2612 inficior
1088 2578 1122 2613 in

105 2627 276 2664 nonnullis
302 2627 493 2662 Ferrarium
521 2627 644 2662 restius
672 2625 802 2662 sentire.
862 2625 933 2661 Sed
970 2627 1124 2675 cogitan-

108 2677 192 2715 dum
212 2689 284 2715 erat
303 2675 431 2713 Alberti
450 2676 601 2714 Rubenii
617 2676 660 2712 de
681 2675 751 2712 lato
780 2674 880 2712 clavo
898 2676 1003 2711 libros
1033 2677 1126 2723 post-

107 2740 232 2766 umum
256 2740 342 2779 opus
366 2724 432 2763 esse
456 2731 493 2764 δε
517 2726 612 2777 quasi
637 2725 837 2762 inchoatum
855 2754 867 2768 ,
924 2738 967 2761 ex
985 2725 1125 2761 infinitis

107 2781 146 2814 ὅ(
166 2774 404 2829 incompositis
421 2777 516 2815 scidis
529 2777 603 2829 post
621 2778 692 2821 eius
710 2776 778 2812 fata
803 2776 987 2812 colleftum
1006 2788 1025 2810 a
1043 2790 1123 2818 me,

107 2841 188 2867 cum
223 2828 295 2866 fere
322 2827 521 2866 adolescens
553 2825 671 2864 esseux.
730 2830 854 2875 Longe
883 2824 1061 2876 perfectius
1090 2826 1123 2863 id

109 2877 258 2917 futurum
275 2875 370 2916 fuiffe
384 2907 396 2922 ,
426 2877 451 2914 si
474 2879 541 2931 ipse
560 2878 594 2914 id
614 2891 673 2929 per
691 2888 829 2914 aetatem
847 2880 884 2913 δε
909 2877 1048 2926 negotia
1064 2888 1124 2925 po-

111 2927 216 2967 tuisset
232 2931 384 2967 elimare.

164 2981 335 3017 Reddendi
356 2979 426 3028 ejus
448 2978 601 3027 gratiam
617 2976 728 3025 fecit]
760 2980 841 3014 Hoc
861 2976 929 3020 est,
983 2977 1125 3027 potesta-

111 3039 203 3074 tem,
229 3029 427 3068 facultatem
446 3028 558 3071 dedit,
585 3026 747 3064 concessit
767 3027 919 3064 reddere.
970 3030 1069 3064 Nam
1086 3031 1123 3065 δε

111 3077 158 3118 fic
174 3081 328 3131 gratiam
337 3081 452 3129 fhcere
472 3078 656 3132 usurpatur.
674 3079 781 3117 Plaut.
802 3079 837 3116 in
856 3076 983 3116 Catina
1003 3080 1047 3118 A.
1071 3093 1124 3117 11.

1179 1519 1259 1566 poni
1284 1518 1394 1567 potest
1414 1547 1424 1561 ‚
1469 1519 1494 1556 fi
1514 1520 1694 1570 sequamur
1722 1522 1890 1559 eximium
1922 1522 2017 1559 illum
2044 1525 2201 1565 nostrum

1176 1570 1332 1604 amicum
1368 1570 1588 1608 Perizonium
1607 1600 1618 1614 ‚
1652 1573 1710 1621 qui
1740 1573 1774 1608 in
1803 1571 2029 1611 dissertatione
2059 1575 2102 1611 de
2122 1577 2201 1626 lege

1176 1620 1338 1656 Voconia
1357 1619 1524 1664 ostendit,
1563 1622 1770 1659 senatorium
1808 1623 1950 1660 censum
1979 1625 2201 1675 offingento-

1174 1682 1252 1706 rum
1275 1668 1410 1706 milium
1427 1669 1520 1708 fuiffe
1537 1683 1617 1708 aute
1641 1673 1780 1721 Augusti
1797 1673 1981 1723 imperium
2001 1703 2012 1717 ‚
2040 1679 2097 1725 qui
2117 1690 2199 1716 eum

1174 1720 1341 1769 redegerit
1360 1722 1510 1770 primum
1537 1722 1580 1758 ad
1599 1722 1847 1772 quadringenta
1871 1725 1985 1767 milia,
2014 1727 2091 1775 quia
2112 1727 2197 1765 teste

1172 1771 1307 1813 Dione,
1339 1770 1436 1807 multi
1454 1784 1548 1808 erant
1566 1786 1625 1822 per
1647 1773 1736 1810 bella
1756 1775 1920 1811 nimirum
1940 1775 2047 1812 civilia
2066 1776 2200 1827 spoliati

1175 1821 1323 1869 paternis
1347 1820 1468 1867 bonis,
1501 1823 1618 1873 postea
1634 1837 1718 1861 vero
1739 1824 1782 1860 ad
1808 1825 1921 1861 decies
1942 1837 2087 1863 centena
2104 1829 2199 1866 milia

1174 1872 1385 1919 perduxerit,
1416 1872 1594 1922 postremo
1614 1875 1718 1910 etiam
1741 1874 1784 1910 ad
1804 1874 2002 1913 duodecies.
2050 1877 2198 1915 Posuisse

1172 1923 1376 1958 Suetonium
1407 1924 1453 1959 ait
1481 1925 1622 1961 censum
1649 1924 1865 1967 senatorum,
1886 1939 1993 1975 quem
2026 1927 2200 1977 Augustus

1172 1972 1346 2011 invenisset
1363 1972 1407 2009 ad
1425 1987 1534 2025 remp.
1555 1973 1723 2012 accedens
1740 2003 1753 2018 ,
1781 1978 1819 2011 ὅ(
1837 1988 1944 2026 quem
1969 1978 2124 2015 moriens
2145 1992 2199 2015 re-

1173 2022 1331 2073 liquiffet5
1361 2034 1394 2060 at
1407 2026 1584 2068 Dionem,
1610 2024 1795 2075 quomodo
1811 2026 1856 2062 ab
1871 2027 2024 2077 Augusto
2042 2029 2196 2077 primum

1173 2074 1369 2111 constitutus
1386 2075 1461 2123 post
1482 2075 1611 2112 bellum
1639 2075 1736 2114 civile
1769 2104 1780 2119 ,
1814 2080 1851 2112 δε
1869 2076 1949 2115 dein
1977 2081 2086 2128 prima
2120 2081 2198 2118 vice

1173 2125 1355 2174 ampliatus
1389 2125 1496 2163 fuerit.
1552 2129 1609 2162 De
1638 2125 1826 2163 duodecies
1857 2139 1915 2163 Hs·
1943 2131 2024 2166 nihil
2052 2129 2195 2180 quidem

1174 2173 1294 2212 diserte
1312 2176 1469 2213 Dionem
1497 2175 1632 2213 tradere
1650 2206 1662 2220 ‚
1689 2176 1749 2214 sed
1767 2189 1886 2214 tamen
1904 2191 1945 2215 ex
1965 2192 2010 2217 eo
2030 2180 2102 2229 ipso
2119 2194 2193 2220 non

1175 2225 1269 2262 male
1304 2225 1417 2263 forffiu
1447 2226 1590 2277 colligi,
1629 2239 1670 2263 ea
1696 2228 1837 2264 taudem
1873 2228 2009 2266 summa
2042 2241 2194 2270 taxatum

1173 2274 1266 2313 fuisse
1285 2277 1424 2314 censum
1455 2277 1664 2314 senatorium
1682 2278 1727 2314 ab
1758 2277 1911 2327 Augusto
1930 2308 1942 2322 ,
1979 2282 2057 2330 quia
2082 2282 2193 2319 tradat

1174 2326 1231 2363 lib.
1257 2341 1308 2372 55.
1342 2327 1531 2378 Augustum
1558 2328 1672 2364 multis
1689 2327 1959 2367 adolescentibus
1976 2331 2134 2368 senatorii
2153 2336 2192 2370 δε

1174 2377 1333 2427 equestris
1349 2380 1502 2426 generis,
1531 2392 1604 2414 non
1629 2378 1682 2414 sua
1700 2378 1798 2428 culpa
1816 2379 1962 2417 redactis
1985 2381 2028 2417 ad
2049 2394 2194 2432 pauper·

1174 2431 1530 2471 tatem‚constitutum
1549 2428 1686 2465 censum
1707 2427 1865 2478 supplesse.
1885 2457 1896 2473 ,
1930 2433 2108 2480 ostoginta
2132 2444 2192 2469 au.

1174 2489 1246 2514 tem
1269 2492 1308 2515 ex
1335 2481 1373 2514 iis
1395 2480 1499 2528 usque
1517 2479 1561 2514 ad
1578 2493 1618 2515 xi
1632 2493 1660 2515 ι.
1678 2491 1733 2515 HS.
1751 2476 1883 2516 auxisse.
1940 2483 2010 2529 Qu
2027 2483 2120 2519 locus
2132 2482 2192 2518 de-

1176 2527 1303 2564 clarare
1323 2529 1476 2565 videatur
1503 2528 1694 2577 Augustum
1724 2531 1794 2572 iam
1819 2540 1897 2565 tunc
1922 2531 1957 2566 in
1983 2533 2104 2568 auimo
2130 2532 2192 2569 ha-

1177 2577 1282 2614 buisse
1302 2578 1388 2613 hanc
1413 2578 1589 2614 summam
1618 2577 1788 2628 praefinire
1816 2579 1957 2617 tandem
1986 2581 2097 2618 censui
2114 2595 2192 2620 am-

1177 2625 1310 2676 pliffimi
1328 2627 1487 2671 Ordinis,
1513 2627 1568 2665 vel
1586 2640 1674 2664 certe
1692 2629 1769 2665 illud
1796 2630 1933 2679 Augusti
1951 2629 2083 2668 filetum
2107 2636 2191 2670 Sue·

1178 2678 1275 2713 tonio
1293 2677 1426 2713 errandi
1444 2675 1593 2714 caussam
1624 2677 1796 2729 praebuiffe
1814 2705 1825 2718 ‚
1870 2692 1922 2724 ut,
1951 2695 2034 2719 cum
2066 2684 2190 2722 animo

1177 2729 1249 2772 ejus
1266 2727 1501 2765 obverfiu·etur
1520 2729 1709 2778 Augustum
1725 2741 1776 2766 tot
1804 2730 1976 2769 senatoriis
1994 2732 2194 2771 adolescen-

1177 2778 1264 2813 tibus
1284 2780 1425 2814 censum
1450 2777 1647 2829 suppleviss'e
1667 2779 1711 2815 ad
1746 2779 1931 2818 duodecies
1955 2794 2013 2819 us.
2039 2795 2190 2833 eamque

1176 2829 1351 2866 summam
1369 2840 1462 2865 certo
1484 2830 1577 2866 sciret
1596 2829 1670 2879 post
1695 2828 1789 2867 illum
1817 2832 2069 2881 Imperatorem
2094 2833 2190 2871 fuisse

1178 2881 1351 2929 propriam
1381 2879 1492 2916 censui
1517 2880 1711 2917 senatorum
1736 2909 1748 2924 ,
1778 2894 1818 2917 ex
1843 2894 1887 2918 eo
1911 2883 2125 2929 existimarit,
2153 2885 2191 2924 id

1177 2943 1257 2968 tunc
1276 2930 1320 2965 ab
1337 2929 1394 2966 illo
1413 2929 1505 2967 iuiss‘e
1522 2930 1753 2967 constitutum.

1231 2980 1505 3029 Qadmgmoa]
1539 2980 1631 3018 Cod.
1664 2981 1768 3019 Salm.
1794 2984 2049 3032 quadringenos·
2083 2982 2130 3021 fic
2149 2990 2188 3024 ὅ(

1175 3031 1268 3069 Rob.
1287 3031 1402 3077 Steph.
1418 3044 1481 3067 nec
1505 3030 1754 3075 dubitandum,
1776 3036 1859 3083 quin
1871 3033 2116 3085 ficlegendum
2135 3035 2188 3075 sit.

1227 3096 1285 3127 43·
1315 3082 1411 3133 Trojae
1433 3080 1594 3129 ludum]
1641 3082 1734 3120 Cod.
1751 3084 1856 3123 Salm.
1886 3088 1925 3123 &
1948 3085 2071 3136 Copes.
2093 3087 2190 3134 Trojae

1530 3136 1673 3171 Eeeee
2066 3135 2195 3182 lusum.
