2504 3425
281 165 360 220 90-
788 121 1975 193 PRAEFATioA.PoL1·r1ANi

284 250 526 313 regnante
540 273 558 300 ‚
594 238 645 288 &
662 231 877 286 foemina
895 264 913 289 ,
951 230 1002 277 δε
1029 221 1264 281 barbara,
1303 235 1409 270 non
1421 215 1653 270 Saraceni
1667 253 1683 278 ,
1722 234 1826 271 non
1852 218 2085 275 Armenii
2111 221 2348 276 commoss

284 326 461 367 verent
474 353 488 375 ,
529 323 587 361 ut
614 302 848 374 suspicari
863 296 1076 369 quidem
1102 291 1349 365 poffimus
1363 289 1462 342 tale
1476 287 1816 360 illiquiddam
1832 293 2036 346 mulieri
2049 294 2316 369 contigisse
2331 333 2352 359 ,a

286 386 438 458 quale
454 385 521 436 de
533 376 757 431 hominis
770 370 943 423 rustici
959 383 1120 421 uxore
1136 364 1295 418 fertur
1306 363 1361 415 in
1378 361 1580 416 fabulis.
1595 362 1841 434 Agricola
1855 399 1871 425 ,
1885 363 2130 433 inquiunt
2145 406 2161 431 ‚
2176 368 2350 424 defor.

286 460 362 512 mi
389 456 517 508 facie
541 463 794 507 metuenS,
837 462 899 495 ne
926 441 1018 494 sibi
1058 436 1507 493 consimilesliberi
1547 437 1905 508 gignerentur,
1943 434 2043 488 hoc
2068 443 2353 496 remedium

287 537 605 582 commentus
619 519 690 571 est
708 557 723 581 ‚
761 517 908 569 domi
934 515 1182 586 imagines
1205 510 1411 583 egregie
1436 507 1683 563 formosas
1714 508 2020 570 collocavit,
2058 510 2110 560 in
2124 529 2201 564 eas
2225 514 2355 586 aspi-

288 617 398 653 cere
425 612 643 649 uxorem
674 607 831 663 quam
856 589 1069 641 minime
1096 583 1491 638 conniventibus
1519 583 1685 636 oculis
1706 581 1897 636 assidue
1915 580 2071 650 juffit.
2124 583 2201 635 Ita
2228 587 2292 638 de
2305 587 2354 641 se

288 689 444 744 quam
458 667 852 740 pulcherrimam
867 661 1095 715 sobolem
1113 657 1435 731 propagavit.
1476 655 1682 709 Eodem
1698 655 1806 707 haec
1834 654 2076 707 videlicet
2088 655 2240 725 pasto
2256 657 2355 711 foe-

288 747 426 798 mina
442 740 644 812 insignis
660 780 672 799 ,
713 754 951 808 magnam
969 735 1196 786 virorum
1218 730 1578 784 excellentium
1606 727 1990 781 similitudinem
2007 742 2326 784 contraxerat
2339 769 2360 795 ‚

289 830 511 889 quorum
528 813 615 865 sibi
630 810 865 880 exempla
879 809 941 861 ad
958 805 1264 859 imitandum
1280 801 1612 875 proposuerat
1629 840 1644 865 ,
1685 819 1908 873 quorum
1923 799 2111 853 affidue
2126 798 2260 855 fafita
2275 840 2291 866 ‚
2307 807 2360 856 ὅτ

289 907 454 944 mores
470 889 523 939 in
539 885 748 939 historia·
770 881 876 953 ipsa
902 879 1040 952 quasi-
1056 878 1305 931 in-tabella
1320 876 1522 947 aliqua,
1561 890 1647 928 aut
1673 874 1882 946 speculo
1898 873 2356 946 contemplabatun

290 962 458 1018 Re&
471 961 607 1013 enim
623 976 731 1009 eam
751 956 940 1007 Cicero
956 967 1250 1023 temporum
1263 948 1441 1002 testem
1457 987 1472 1012 ,
1511 950 1677 1000 lucem
1694 948 1953 1005 veritatis-‚.
1989 949 2145 1000 vitam
2161 966 2360 1002 memo-

290 1037 375 1090 rite
392 1073 407 1097 ,
447 1033 675 1086 nuntiam
693 1027 951 1081 vetustatis
964 1026 1189 1097 appellat
1202 1023 1478 1076 historiam.
1521 1021 1596 1073 Ea
1608 1019 1678 1073 est
1693 1038 1790 1072 una
1806 1061 1821 1083 ,
1850 1037 1991 1089 cujus
2007 1021 2363 1090 ope-adversus:

292 1125 501 1162 omnem
522 1106 759 1158 Fortunae
778 1101 1110 1152 temeritatem
1129 1135 1144 1158 ,
1183 1094 1609 1166 quastVulcaniis
1624 1093 1971 1144 armismuniti
1988 1091 2154 1146 sumus
2168 1131 2185 1156 ,
2201 1110 2358 1167 atque

291 1182 469 1235 armati
489 1217 503 1241 ,
533 1196 587 1229 ea
605 1191 818 1245 quoque
834 1172 978 1223 nobis
993 1168 1190 1242 praestat
1206 1182 1294 1230 ‚rut
1309 1205 1326 1230 ‚
1353 1166 1499 1237 quod
1514 1166 1578 1219 ad
1593 1183 1757 1216 rerum
1772 1165 2126 1237 cognitionem
2141 1169 2323 1223 attinet
2337 1208 2368 1235 ,,.

291 1251 626 1324 superioribus
645 1251 796 1299 etiam
810 1242 990 1298 vixisse
1005 1243 1234 1295 aetatibus
1250 1239 1517 1292 videamur
1536 1259 1546 1291 :
1587 1255 1754 1308 neque
1767 1253 2052 1291 nontamen
2067 1240 2260 1293 &illud
2273 1242 2357 1295 hi-

292 1327 456 1380 storiae
478 1325 652 1395 ingens
666 1319 736 1372 est
752 1319 1008 1378 meritum,
1023 1315 1169 1388 quod
1185 1320 1232 1367 δέ
1250 1315 1415 1366 bonos
1429 1311 1839 1367 virossslaudando
1853 1311 2080 1374 extol-lit,
2094 1317 2145 1365 ὃ(
2159 1316 2357 1385 impro-

293 1400 386 1452 bos
401 1393 742 1468 vituperando
759 1390 1032 1446 detestatur
1046 1428 1060 1451 ‚
1095 1388 1198 1440 sola
1211 1388 1437 1457 denique
1453 1390 1504 1437 δε
1519 1383 1685 1437 custos
1697 1382 1771 1435 est
1786 1381 2024 1436 fidiflima
2037 1397 2355 1457 temporum:

293 1475 345 1524 ὃ(
364 1470 466 1542 ipsa
488 1489 514 1521 a
539 1465 859 1539 temporibus
873 1461 1017 1534 quasi
1030 1475 1212 1514 mutuo
1228 1458 1559 1512 refer-entibus
1574 1458 1787 1531 gratiam
1806 1455 2103 1509 custoditur.
2146 1459 2369 1531 Negant·

292 1543 405 1598 sane
420 1539 719 1614 philosophi
736 1537 946 1610 quidam
965 1575 979 1599 ,
1018 1534 1361 1608 appetendam
1375 1532 1593 1605 gloriam
1607 1529 1703 1583 effe
1718 1568 1734 1593 ,
1774 1548 1989 1601 eamque
2003 1530 2185 1584 restius
2210 1552 2238 1586 a
2261 1535 2373 1588 vir-⁷

293 1631 403 1671 tute
419 1617 558 1669 velut
585 1614 709 1666 min-i
719 1630 799 1664 me
812 1608 1128 1663 necessariam
1146 1608 1343 1680 negligi
1356 1616 1638 1658 autumant.
1694 1602 2023 1657 Virtusenim
2037 1642 2052 1666 ,
2080 1604 2326 1676 inquiunt
2337 1646 2368 1673 ‚‚

293 1689 399 1762 ipsa
427 1688 514 1742 fibi
535 1686 611 1741 esti
629 1687 853 1758 pretium
881 1722 903 1746 ,Α
952 1681 1054 1755 ipsa
1079 1681 1149 1733 est
1173 1699 1264 1752 per·
1286 1678 1381 1732 sese
1410 1678 1563 1730 nullis
1589 1675 1894 1730 extrinsecus
1919 1677 2165 1731 illecebris
2202 1698 2375 1753 expe--

296 1763 462 1817 tenda.
539 1762 714 1830 Atque
742 1758 850 1810 haec
877 1755 948 1808 illi
977 1773 1093 1807 cum
1126 1754 1350 1806 scribunt
1371 1794 1382 1812 ,
1425 1750 1571 1803 suum
1599 1765 1767 1803 tamen
1794 1752 1866 1803 eis
1890 1750 2027 1803 libris
2055 1769 2242 1805 nomen
2282 1755 2374 1806 in-.

294 1834 543 1888 scribunt..
603 1834 771 1903 quue
798 1830 878 1884 vel
905 1829 1131 1881 maxime
1157 1841 1268 1879 tum
1295 1838 1527 1897 captant,
1571 1824 1707 1875 unde
1733 1838 1978 1877 exterrere
2006 1824 2130 1876 alios
2154 1827 2358 1880 enitun-

295 1922 403 1962 tur:
444 1924 595 1958 nemo
609 1904 678 1956 est
692 1906 829 1956 enim
856 1918 959 1955 tam
980 1919 1158 1954 cornea
1175 1899 1300 1952 fibra
1341 1900 1441 1971 (ut
1452 1899 1520 1949 ait
1549 1895 1773 1963 Persius)
1813 1897 1942 1968 quin
1966 1897 2244 1952 dulcedine
2268 1900 2369 1953 ali--

291 2000 402 2052 qua
416 1979 576 2032 laudis
600 1978 858 2029 titilletur:
901 1993 1051 2027 nemo
1068 1990 1168 2026 tam
1184 1973 1387 2044 penitus
1402 1969 1625 2023 frontem
1637 1971 1718 2023 vel
1734 1970 1996 2039 prostituit
2011 2008 2035 2033 J
2066 1972 2147 2024 vel
2160 1971 2326 2025 amisit
2339 2014 2353 2033 ,

298 2056 430 2123 quin
458 2066 597 2104 metu
623 2049 844 2102 infamia:
873 2048 1051 2118 aliquo
1085 2047 1375 2098 vellicetur:
1419 2044 1663 2114 quocirca
1679 2044 1811 2097 refffoe
1827 2044 1911 2097 illa
1925 2043 2063 2115 apud
2080 2044 2358 2098 Prodicum

299 2126 499 2179 Chium
527 2125 683 2176 virtus
698 2161 713 2185 ,
752 2119 1191 2192 quemadmodum
1221 2117 1435 2189 quidem
1454 2115 1755 2186 Xenophon
1786 2115 2072 2168 Socraticus
2087 2119 2323 2171 meminit
2339 2157 2372 2183 ‚,

298 2199 435 2252 iis-ad
450 2197 496 2249 se
511 2196 791 2250 Herculem
814 2193 1061 2246 illecebris
1077 2190 1455 2243 contradicente
1468 2189 1735 2258 voluptate
1749 2202 1970 2241 conatur
1982 2190 2227 2242 attrahere
2242 2233 2256 2254 ,
2297 2205 2356 2244 ut

296 2272 429 2324 inter
452 2270 618 2342 prima
641 2269 793 2320 decus
808 2268 887 2329 ei,
923 2266 1277 2334 honoremque
1292 2262 1598 2334 polliceatur
1620 2282 1630 2313 :
1672 2260 1768 2314 Per
1781 2279 1890 2324 me,
1931 2263 2101 2332 inquit
2116 2304 2128 2322 ‚
2147 2264 2370 2332 juvenes·

295 2342 551 2398 seniorum
566 2339 1053 2412 laudibus-gaudent.
1073 2333 1408 2406 Senivoresipfi
1430 2338 1678 2406 juvenum
1694 2333 2229 2388 honoribuslaetantur.
2270 2336 2372 2406 Ju-.

299 2417 469 2469 eunde
491 2417 741 2487 praeterita
759 2414 1098 2465 meminerunt
1115 2448 1129 2472 ‚
1167 2409 1378 2461 suaviter
1401 2409 1450 2459 in
1481 2406 1804 2477 praesentibus
1820 2422 1992 2479 agunt.
2033 2407 2130 2460 Per
2143 2427 2223 2461 me
2240 2408 2372 2464 Diis:

299 2490 487 2551 amici,
513 2488 651 2540 chari
675 2487 882 2549 amiciS‚
910 2485 1082 2556 patriae
1097 2480 1417 2534 honorabiles
1430 2479 1567 2532 sunt:
1609 2480 1699 2531 ubi
1715 2496 1882 2533 autem
1898 2482 2004 2534 vita
2016 2479 2370 2543 excesserunt,.,

301 2580 403 2617 non
432 2560 663 2623 obscuri,
703 2578 804 2612 non
834 2557 1046 2630 inglorii
1065 2556 1265 2626 jacent,
1305 2552 1387 2606 sed
1400 2567 1648 2625 perpetua
1660 2554 1909 2607 memoria
1933 2553 2152 2608 celebres
2164 2555 2372 2627 vigenti.

301 2634 497 2687 Eadem
512 2652 724 2705 quoque
739 2632 875 2704 apud
891 2631 1073 2683 Silium
1093 2629 1269 2681 Virtus
1284 2628 1351 2679 ait
1366 2648 1381 2679 τ

513 2708 709 2761 Mecum
732 2705 900 2763 honor,
946 2702 1010 2764 ὠν
1032 2699 1217 2760 laudes,
1263 2697 1327 2761 &-
1350 2697 1454 2754 laeto
1471 2697 1630 2771 gloria
1656 2697 1838 2760 vultu,

513 2780 585 2833 Et
612 2778 748 2831 decus
764 2777 827 2837 ἀν
842 2780 996 2829 niveis
1020 2776 1228 2829 vz'Horz'a
1255 2771 1457 2826 concolor
1481 2772 1568 2825 alis
1583 2795 1599 2824 .-

515 2851 600 2904 Me
623 2848 960 2905 cintiuslauro
978 2846 1191 2921 perducit
1216 2843 1282 2899 ad
1304 2845 1433 2915 astra
1460 2844 1746 2918 triumphus.

309 2919 502 2988 Neque
518 2924 652 2973 enim
667 2921 1058 2974 existimandum
1073 2919 1144 2972 est
1159 2961 1170 2979 ,
1213 2930 1296 2970 aut
1311 2917 1449 2970 hunc
1466 2916 1634 2989 ipsum
1653 2917 1932 2970 Herculem
1950 2955 1965 2980 ‚
1992 2919 2145 2987 cujus(
2158 2911 2364 2986 egregias

308 3006 421 3046 toto
437 2992 558 3044 orbe
570 2991 1374 3049 terrarumfacinoracelebrantur
1386 3028 1403 3054 ,
1441 3005 1526 3044 aut
1548 2985 2185 3048 heroas-caeterostantailla
2210 2981 2362 3036 fuisse

2134 3055 2372 3128 pericula.
