2504 3425
394 174 1200 230 MONUMENTUM·
1267 177 1978 234 ANCYRANUM.

195 272 240 306 Et
256 267 484 316 impensarum
502 279 587 316 quas
606 266 645 302 in
674 265 833 313 rempubl.
862 266 1090 316 populumque
1108 273 1175 304 Καὶ

144 330 287 357 manum
295 316 423 364 setin]
456 319 547 355 Non
566 329 689 369 parum
707 316 844 366 gloriari
869 315 988 355 solitus
1010 316 1076 354 fuit
1102 317 1170 354 hoc

143 369 289 406 nomine
307 366 498 417 Augustus,
526 380 562 405 ut
579 366 683 405 refert
701 369 774 406 Dio
795 381 868 405 non
885 381 959 405 uno
986 368 1066 406 loco
1087 384 1098 406 ;
1133 372 1171 405 δε

144 420 181 456 in
204 420 416 456 testamento
433 432 573 470 quoque
590 419 650 456 suo
678 417 806 456 fecerat
835 417 929 455 idem
956 419 1082 456 harum
1108 420 1173 456 im·

142 469 328 520 pensarum
352 471 584 506 mentionem.
643 471 796 507 Breviter
822 468 973 506 indicant
998 470 1054 506 illa
1080 469 1169 520 apud

141 522 348 558 Suetonium
366 521 402 556 in
423 520 640 570 compendio
658 532 779 557 earum
806 520 999 557 tabularum
1021 549 1032 563 ‚
1068 521 1170 568 Qod

132 579 217 619 pene
236 584 330 607 omne
349 584 424 608 cum
452 572 578 608 duobus
590 571 743 619 paternis
753 571 971 619 patrimoniis
988 572 1170 620 ceterisque

143 620 396 658 hereditatibus
413 623 450 658 in
468 620 625 670 Rompub.
646 619 880 670 absumpfisset.

196 677 321 709 Annos
333 672 551 721 undeviginti
596 670 739 720 natus.]
788 671 942 718 Velleius
974 668 1170 707 Paterculus

142 721 203 760 lib.
230 736 242 759 1
255 737 283 760 1.
312 721 475 771 &Cesar
489 734 559 758 xxx
577 734 709 758 annum
728 721 882 771 ingreffics
896 751 908 766 ,
936 722 1028 758 mira
1047 719 1166 768 ausus,

142 785 184 810 ac
205 775 345 820 summa
371 773 577 822 consecutus,
601 774 744 820 privato
766 771 916 821 consilio,
947 771 1170 820 majoremse-

143 835 233 861 natu
242 832 303 872 pro
318 823 454 872 Republ.
473 824 630 859 animum
645 822 779 860 habuit.
806 823 864 859 ubi
889 823 983 860 vides
1004 820 1172 857 adulatio-

145 887 233 912 nem
248 875 401 912 hominis
422 889 433 912 ι
459 873 642 910 ambitiose
660 874 755 909 enim
775 871 849 909 usus
867 872 916 908 est
938 885 1026 908 voce
1049 868 1171 918 ingres-

140 924 216 975 fiaes.
273 925 396 962 Melius
413 922 604 972 Augustus,
634 933 759 958 natus:
786 934 872 957 nam
895 934 988 957 anno
1006 922 1063 969 qui
1085 932 1169 969 prae-

149 974 250 1013 ceffit
270 975 405 1013 caedem
423 973 522 1018 Julii,
548 984 647 1008 nono
672 971 752 1008 Kal.
772 971 905 1008 Ostob.
926 970 1088 1021 ingr-effus
1108 982 1169 1006 an-

147 1038 237 1064 num
254 1035 446 1067 x1x1erat,
499 1033 539 1056 ac
560 1023 632 1066 jam
668 1032 783 1058 totum
807 1020 921 1058 ferme
950 1020 1168 1063 confecerat,

149 1076 293 1126 quando
312 1085 433 1111 contra
459 1071 653 1108 Antonium
686 1085 749 1121 pro
782 1072 1009 1123 optimatibus
1038 1070 1170 1107 bellum

151 1127 306 1177 primum
326 1124 478 1174 suscepit.
527 1124 640 1173 Atque
663 1122 736 1160 haec
754 1124 893 1162 oetavii
913 1135 995 1160 aetas
1011 1123 1045 1158 in
1067 1135 1173 1171 eque-

148 1177 208 1214 stri
222 1177 329 1214 statua
344 1174 454 1213 fuerat
477 1185 596 1211 notata
612 1203 623 1219 ‚
654 1186 762 1224 quam
782 1175 813 1211 ei
829 1174 964 1211 senatus
981 1175 1018 1210 in
1040 1172 1171 1210 Rostris

148 1228 311 1280 posuerat
327 1255 340 1272 ‚
374 1226 457 1264 teste
477 1224 606 1262 eodem
626 1225 776 1268 Velleio.
832 1224 949 1260 Florus
986 1224 1043 1273 qui
1063 1225 1171 1260 Osta-

150 1280 270 1323 vium,
301 1277 442 1330 quando
470 1275 579 1315 furori
601 1276 744 1313 Antonii
769 1275 876 1325 coepit
901 1272 1055 1311 refistere
1071 1303 1097 1318 ,v
1126 1275 1173 1310 ait

147 1328 243 1367 fuisse
253 1333 351 1366 intra
373 1330 486 1366 decem
504 1326 557 1371 ξδ’
573 1328 642 1362 octo
661 1338 768 1362 annos
791 1335 970 1369 tenerum,
998 1324 1042 1362 ad
1061 1324 1172 1362 calcu-

147 1381 225 1419 lum
242 1381 383 1419 Octavii
399 1393 511 1417 annos
528 1390 660 1429 parum.
671 1388 842 1427 exegerat.

202 1433 402 1469 Exercitum
428 1431 571 1478 privato
602 1427 730 1476 confilio
763 1425 817 1470 Εἴ
845 1426 991 1476 privata
1021 1428 1170 1478 impensa

148 1480 385 1531 comparavi]
413 1480 530 1518 Florus
552 1478 595 1517 de
611 1479 764 1516 Octavio
783 1492 807 1514 ε,Δ
821 1480 988 1515 revocatis
1011 1480 1173 1515 adarma

149 1535 324 1569 veteranis
342 1561 369 1576 ,.
377 1532 561 1580 privatus,
590 1532 665 1579 quis
681 1530 826 1566 crederet
838 1539 853 1567 ,ἓ
880 1529 1041 1578 confidem
1062 1541 1175 1579 aggre-

147 1584 258 1623 ditur.
316 1583 419 1620 Idem
441 1582 594 1634 elogium
613 1580 658 1616 ab
687 1579 851 1617 historicis
873 1580 978 1617 etiam
999 1582 1174 1631 Pompeio

149 1645 225 1671 non
261 1634 374 1671 multo
407 1644 489 1670 natu
531 1630 707 1682 grandiori
753 1631 917 1668 tribuitur.
995 1631 1172 1678 Vellejus:

150 1687 220 1723 Cn.
260 1685 432 1733 Pompejus
455 1697 569 1721 xxut
601 1695 706 1718 annos
737 1692 839 1718 natus
855 1711 867 1725 ‚
914 1681 1039 1717 abhinc
1065 1696 1171 1719 annos

149 1745 216 1772 cxi
230 1749 242 1772 1
255 1749 266 1771 1
284 1736 437 1782 privatis
445 1745 485 1770 ut
505 1733 615 1782 opibus
628 1761 641 1776 ,
671 1736 724 1769 ita
742 1732 880 1782 consiliis
898 1745 1024 1780 magna
1040 1733 1140 1781 ausus
1158 1762 1169 1777 ,

145 1785 388 1834 magnificeque
416 1794 540 1820 conata
565 1784 738 1830 exsecutus
755 1812 768 1826 ,
818 1785 867 1819 ad
893 1783 1172 1828 vindicandam,

147 1835 456 1884 restituendamque
473 1833 677 1883 dignitatem
689 1836 807 1881 patrie
825 1862 836 1876 ,
865 1832 1011 1880 firmum
1034 1848 1075 1870 ex
1093 1848 1171 1883 agro

147 1889 288 1929 Piceno,
318 1888 377 1936 qui
392 1896 482 1922 totus
499 1887 653 1934 paternis
670 1885 743 1933 ejus.
755 1883 915 1921 clientelis
928 1884 1069 1930 refertus
1082 1895 1169 1929 erat,

149 1937 322 1975 contraxit
342 1937 554 1973 exercitum..

200 1988 366 2024 Ordinem
378 1986 518 2036 situm]
563 1985 661 2024 Nihil
678 1998 798 2037 putem
816 1985 1025 2023 mutandum
1053 1985 1089 2023 in
1117 1986 1167 2025 his

142 2037 258 2078 verbis
274 2066 286 2081 ,
325 2037 381 2076 sed
398 2037 603 2075 sententiam
621 2050 738 2088 aperte
763 2037 923 2074 mutilam
949 2039 995 2074 ita
1019 2038 1161 2089 explen-

144 2089 251 2133 dam,
270 2089 414 2137 senatus
433 2089 572 2126 decretis
595 2087 781 2136 honorificis
799 2089 951 2125 ordinem
960 2088 1029 2137 situ
1042 2103 1063 2122 n
1077 2088 1167 2125 mihi

144 2140 415 2177 communicavit
427 2170 440 2184 ‚
465 2140 523 2180 vel
538 2139 575 2176 in
594 2139 746 2176 ordinem
757 2139 860 2185 suum
879 2152 932 2176 me
940 2139 1076 2186 ascivit.
1096 2142 1169 2176 De-

145 2201 238 2227 creta
254 2204 330 2241 quae
350 2192 423 2235 ait,
455 2203 540 2229 nota
558 2190 632 2229 sunt
660 2202 702 2227 ex
727 2192 901 2228 Cicerone
930 2192 965 2227 ὃς
995 2189 1170 2228 historicis.

149 2240 224 2276 Dio
237 2241 323 2278 inter
341 2242 405 2278 alia
421 2241 506 2279 istud
523 2240 618 2279 fuisse
646 2242 694 2278 ait
709 2269 723 2285 ,
767 2240 803 2277 ’τὸ
822 2240 980 2286 βελεύειν
1003 2239 1170 2289 Koes'ooepoc

149 2290 179 2327 ἔν
195 2292 263 2329 τοῖς
279 2292 533 2335 τεταμιευκόσι,
546 2325 548 2327 ,
562 2305 632 2342 quo
650 2291 805 2330 dicendae
824 2291 999 2329 sententiae
1017 2294 1068 2340 jus
1084 2293 1171 2330 intel·

149 2339 350 2393 quaestorios
366 2343 520 2380 Octavio
538 2344 721 2379 tributum.

204 2391 432 2428 Patriciorum
449 2404 628 2428 numerum
650 2391 734 2428 auxi
750 2391 860 2440 consul
878 2393 1048 2442 quintum.
1063 2391 1080 2439 ]
1102 2394 1171 2430 Po-

150 2440 294 2488 stremass
305 2441 411 2479 verba
431 2445 504 2480 n'on
522 2454 639 2479 carent
651 2440 872 2487 difficultate,
922 2442 993 2482 five
1011 2443 1068 2479 illa
1086 2457 1170 2481 cum

149 2492 420 2544 praecedentibus
447 2494 638 2542 conjungas
659 2519 673 2537 ‚
715 2490 788 2531 five
815 2507 899 2531 cum
926 2493 1170 2545 sequentibus:

147 2544 269 2594 saepius
288 2544 380 2580 enim
399 2543 567 2592 Augustus
582 2542 847 2592 &patriciorum
863 2557 1050 2581 numerum
1061 2546 1172 2589 auxit,

147 2599 187 2632 δε
217 2595 374 2632 senatum
402 2593 493 2643 legit.
551 2592 644 2631 Vide
669 2593 831 2631 Dionem
859 2594 893 2630 in
921 2593 1074 2632 secundo
1098 2597 1173 2640 ejus

147 2645 321 2684 consulatu
340 2644 597 2683 lib1·ox1.1x..&
617 2642 728 2681 lib.1.1
741 2658 770 2681 1.
810 2643 869 2680 sub
887 2642 1001 2681 finem
1026 2645 1063 2680 in
1090 2646 1173 2683 actis

146 2697 228 2734 anni
246 2707 405 2734 Dccxxv.
444 2695 503 2746 qui
522 2706 630 2731 cOSS.
656 2693 775 2732 habuit
791 2694 965 2732 Caesarem
985 2709 1019 2733 v.
1047 2698 1170 2733 &Sex.

152 2745 354 2798 Apuleium.
414 2749 472 2783 De
512 2758 557 2782 eo
589 2756 685 2781 anno
725 2744 873 2795 loquitur
900 2745 955 2782 hic
981 2745 1171 2795 Augustus:

145 2806 234 2836 num
254 2796 385 2834 eodem
401 2800 440 2835 Sc
457 2796 614 2834 senatum
632 2795 807 2837 ordinavit
824 2825 847 2840 2.
868 2798 905 2833 &
917 2797 1072 2846 patricias
1089 2810 1173 2846 gen-

149 2860 202 2887 tes
220 2847 399 2899 supplevit.

200 2899 393 2949 Consulatu
417 2898 509 2944 sexto
528 2895 661 2945 censum
677 2895 789 2946 populi
807 2896 928 2945 collega
953 2901 1008 2934 M.
1021 2896 1172 2946 Agrippa

150 2949 240 3001 egi.]
291 2953 374 2987 Huc
392 2948 482 2986 refer
499 2959 621 2984 notam
639 2946 774 2985 Eusebii
799 2948 834 2985 in
852 2948 1030 2985 Chronico
1048 2947 1092 2984 ad
1114 2961 1175 2984 nu·

149 3013 291 3040 merum
314 3010 628 3038 MDCCCCLXXXIX.
659 2999 771 3047 Censu
790 3004 894 3036 Roma
906 2999 1036 3047 agitato
1056 2999 1177 3035 inven-

148 3062 188 3089 xa
201 3052 281 3100 funt
299 3052 432 3093 civium
450 3056 681 3090 Romanorum
704 3061 774 3091 xxx
802 3059 965 3094 centena,
995 3047 1048 3095 ξδ’
1070 3061 1173 3093 Lx1v.

151 3103 288 3143 millia..

1194 249 1199 270 l

2176 187 2239 252 85

1283 266 1386 315 Juffit
1404 269 1517 318 populi
1539 268 1592 313 ἶς’
1611 269 1788 319 senatun]
1829 271 1901 307 Dio
1923 269 1980 306 lib.
2001 281 2103 307 xtix.
2143 268 2258 315 Ψηφί-

1232 317 1378 361 cxciv-44
1400 321 1458 361 2239
1477 322 1613 365 βελῆς,
1641 325 1679 357 &
1700 320 1759 358 lib.
1780 332 1863 358 Lu.
1901 322 1958 359 τῆς
1981 322 2094 364 een-ze
2112 319 2141 355 οἱ
2163 318 2256 360 ὃῆθέν

1231 367 1477 416 {ramuldo-ne.
1513 371 1556 408 de
1585 372 1716 423 populo
1745 370 1854 408 altum
1872 370 2047 407 silentium
2069 384 2080 406 ι
2116 371 2257 406 Tacitus

1230 430 1350 455 contra
1372 449 1384 463 ‚
1424 421 1501 470 lege
1530 425 1642 460 Saenia
1671 422 1738 459 hoc
1771 422 1952 473 negotium
1978 419 2133 471 Augusto
2161 418 2256 456 fuiffe

1228 469 1436 508 mandatum
1451 472 1571 510 scribit.
1631 476 1731 509 Vere
1745 473 1843 522 igitur
1865 471 2033 521 Augustus
2055 468 2176 518 juss'um
2195 469 2228 507 se
2243 499 2254 514 ,

1229 520 1275 556 ait
1289 548 1316 563 2>
1330 533 1350 557 a
1368 522 1498 573 populo
1521 526 1560 559 ὅ(
1578 522 1707 560 senatu.

1283 575 1324 605 In
1341 572 1516 620 consulatu
1527 572 1623 620 sexto
1640 574 1770 620 censum
1789 572 1900 621 populi
1921 572 2040 622 collega
2063 576 2118 609 M.
2129 571 2258 619 Agrip-

1220 626 1269 665 pa
1289 620 1363 668 egit.
1380 620 1394 669 ]
1424 623 1530 660 Anno
1550 625 1663 674 priore
1677 622 1793 660 consul
1810 624 1971 673 quintum
1993 623 2171 660 censuram
2184 620 2256 659 five

1230 670 1390 718 regimen
1407 685 1550 710 morum
1572 674 1758 725 susceperat
1779 673 1968 723 Augustus:
2000 672 2057 709 sed
2074 673 2192 709 census
2209 685 2255 709 eo

1227 730 1323 755 anno
1343 734 1417 758 non
1445 723 1613 763 estastus
1630 753 1644 770 ‚
1680 738 1762 762 cum
1793 726 1988 762 maximam
2016 726 2089 771 ejus
2115 734 2254 772 partem

1227 771 1349 806 Roma
1364 770 1496 811 afuerit.

1281 820 1438 874 Lustrum
1457 823 1526 872 post
1551 825 1682 860 annum
1711 823 1860 860 alterum
1887 823 1941 867 Εἴ
1959 823 2254 874 quadrugefimum

1216 867 1326 917 fich]
1376 875 1450 909 Tot
1477 874 1559 910 anni
1586 873 1662 910 sunt
1687 885 1709 909 a
1736 873 1931 911 noviffimis
1957 875 2154 912 censoribus
2180 877 2248 912 Cn.

1225 919 1377 958 Lentulo
1397 926 1436 959 o&
1451 925 1492 960 L.
1504 923 1643 967 Gellio,
1669 924 1727 972 qui
1746 923 1887 961 lustrum
1911 925 2138 963 condiderunt
2158 937 2253 962 anno

1226 980 1438 1015 Dcuxxxlv.
1467 973 1512 1010 ad
1536 974 1604 1012 hoc
1624 972 1768 1012 lustrum
1786 973 1929 1023 Augusti
1946 987 2040 1012 anno
2062 987 2251 1014 Dccxxvi.

1224 1016 1370 1060 fastum.

1281 1072 1387 1117 Feci,
1422 1072 1521 1125 legi.]
1563 1080 1684 1112 Facere
1713 1072 1854 1121 lustrum
1880 1077 1918 1111 δε
1949 1074 2084 1111 condere
2110 1073 2252 1121 lustrum

1227 1123 1349 1159 Latina
1368 1124 1453 1163 sunt.
1510 1125 1670 1172 Lustrum
1697 1125 1798 1174 legere
1821 1124 1902 1175 quid
1920 1123 1998 1168 sit,v
2014 1123 2141 1162 nescio,
2200 1129 2252 1161 Ita

1226 1182 1345 1210 tamen
1373 1188 1462 1214 mox
1488 1176 1618 1215 iterum
1644 1175 1849 1226 sculptum:
1884 1188 1971 1213 meo
2007 1174 2136 1224 judicio
2169 1175 2249 1213 latet

1226 1224 1427 1263 mendum.-

1278 1278 1370 1312 Cum
1396 1285 1502 1325 nuper
1530 1276 1671 1325 lustrum
1690 1276 1783 1325 fhlus
1806 1276 1924 1326 feci.]
1964 1277 1998 1314 Si
2024 1277 2078 1314 ita.
2098 1275 2250 1329 scripsit,

1225 1333 1328 1373 nuper
1350 1327 1460 1377 posuit
1510 1341 1551 1365 ro
1578 1327 1711 1378 postea.

1248 1426 1255 1433 Ι
1283 1375 1404 1426 Afinio
1423 1341 1509 1426 σοις
1550 1379 1655 1416 Anno
1680 1376 1854 1429 vigesimo
1885 1376 1962 1428 post
1982 1377 2122 1417 lustrum
2155 1381 2252 1432 ssipe-

1229 1439 1295 1463 rius
1324 1431 1368 1466 U.
1381 1431 1423 1466 C.
1447 1440 1634 1468 Dcchvx.

1280 1483 1321 1513 In
1349 1479 1521 1528 consulatu
1546 1479 1613 1529 ff]
1662 1482 1748 1517 Haec
1787 1478 1895 1518 verba
1931 1477 2013 1516 nihil
2053 1479 2107 1518 hic
2147 1479 2249 1532 figm-

1223 1524 1327 1565 ficant
1348 1544 1373 1566 ε.
1405 1529 1605 1582 prorsusque
1633 1542 1787 1568 erratum
1815 1528 2004 1581 lapidicida:
2033 1529 2099 1569 effe
2128 1533 2252 1572 viden-

1226 1588 1289 1615 tur.

1277 1632 1369 1666 Cum
1388 1633 1595 1680 nuperrime.
1607 1631 1627 1677 .]
1670 1631 1776 1668 Anno
1805 1645 1876 1669 uno
1902 1635 1941 1669 ὃ(
1969 1629 2145 1683 vigesimo
2174 1634 2250 1683 post

1222 1681 1423 1727 proximum
1453 1681 1596 1719 lustrum
1613 1685 1659 1719 U.
1680 1686 1722 1720 C.
1748 1694 1958 1721 DCCvalI.
1996 1687 2047 1720 Ex
2077 1684 2143 1721 hoc
2167 1684 2249 1721 loco

1222 1741 1385 1780 apparet,
1418 1735 1531 1782 paucis
1548 1732 1668 1770 diebus
1693 1744 1772 1770 ante
1798 1733 1898 1771 suum
1926 1747 1967 1771 ex
1988 1733 2086 1771 Urbe
2110 1735 2250 1772 novilli-

1221 1793 1323 1818 mum
1343 1782 1540 1828 disceffum,
1570 1783 1818 1833 scriptumhoc
1846 1784 1892 1822 ab
1924 1784 2080 1835 Augusto
2108 1785 2244 1827 brevia-

1218 1831 1279 1868 riu:
1296 1847 1320 1870 1.
1378 1836 1557 1872 Suetonius
1576 1834 1665 1872 libro
1680 1849 1733 1872 11.
1753 1847 1828 1885 cap.
1839 1849 1927 1873 κεν]
1940 1849 1970 1873 1.

1273 1886 1364 1920 Cum
1384 1884 1456 1933 lega
1474 1886 1642 1932 Tiberim]
1684 1888 1865 1922 Suetonius
1881 1885 1939 1923 lib.
1964 1899 2042 1922 111.
2065 1897 2141 1937 cap.
2156 1899 2235 1924 xxi.

1273 1934 1345 1970 Mil
1353 1962 1466 1973 ......
1477 1937 1585 1985 zginta
1604 1939 1642 1972 δ(
1657 1936 1783 1984 septem
1803 1935 1912 1983 mik]
1954 1939 2023 1973 Scr.
2047 1938 2159 1973 millia
2182 1941 2249 1973 tri-

1213 1982 1314 2030 ginta
1336 1984 1527 2033 &septem
1544 1988 1667 2023 millia.
1723 1985 1904 2023 Postrema
1926 1999 1995 2025 vox
2019 1998 2142 2025 vacat:
2170 2001 2259 2026 non

1221 2035 1317 2072 enim
1343 2035 1428 2073 solet
1452 2036 1531 2074 addi
1558 2049 1579 2073 a
1599 2037 1721 2075 Latine
1742 2036 1970 2087 loquentibus.
2020 2047 2140 2074 tamen
2165 2036 2247 2076 ferri

1222 2087 1335 2132 potest
1351 2115 1362 2130 ‚
1411 2090 1450 2124 δ(
1476 2085 1613 2126 fortasse
1637 2089 1684 2125 ita
1712 2087 1828 2139 paullo
1866 2100 1945 2125 ante
1970 2087 2095 2138 expleri
2118 2088 2247 2127 debent
2302 2113 2307 2115 -

1217 2133 1348 2174 lacunae
1368 2137 1442 2187 post
1458 2152 1586 2177 vocem
1606 2138 1677 2175 tria
1693 2167 1704 2182 ,
1742 2138 1878 2176 duobus
1908 2139 2003 2177 locis.
2062 2138 2118 2177 Ad
2157 2139 2248 2178 hunc

1219 2200 1325 2238 porro
1340 2187 1679 2237 censumpertinent
1701 2189 1835 2227 Eusebii
1860 2190 1968 2228 verba
1997 2191 2034 2227 in
2064 2190 2245 2228 Chronico

1219 2237 1264 2274 ad
1287 2252 1474 2277 numerum
1494 2253 1520 2277 M
1529 2252 1647 2278 Mxxvx
1662 2254 1713 2278 11.
1744 2241 1914 2290 Augustus
1931 2254 2009 2278 cum
2027 2241 2157 2276 Tiberio
2168 2241 2243 2288 filie

1218 2291 1276 2337 >[uo
1294 2291 1426 2339 cenfitm
1442 2297 1547 2328 Roma
1563 2293 1697 2339 agitans
1714 2291 1850 2327 invenit
1866 2291 2042 2328 hominum
2060 2290 2245 2339 nonagefies

1218 2350 1271 2377 ter
1296 2351 1435 2378 centena
1451 2341 1564 2379 millia
1579 2371 1591 2385 ,
1620 2343 1715 2387 cujus
1736 2339 2104 2378 lociimmanislimum
2122 2354 2244 2378 nume.

1223 2405 1301 2429 rum
1319 2405 1361 2429 ex
1378 2391 1446 2428 hoc
1461 2391 1576 2443 lapide
1600 2390 1845 2442 corrigendum
1866 2389 1952 2436 esse,
1974 2392 2066 2428 reste
2083 2389 2244 2432 observat

1220 2443 1291 2487 Jos.
1305 2443 1465 2493 Scaliger.

1275 2493 1354 2543 Legi
1373 2498 1442 2529 Pno
1455 2521 1598 2532 .......
1609 2493 1761 2541 exempla
1783 2493 1998 2542 majorum]
2031 2494 2110 2541 Legi
2132 2492 2175 2529 ad
2193 2492 2243 2531 su-

1222 2546 1358 2595 periora
1375 2543 1495 2580 referri
1515 2557 1595 2581 non‘
1606 2544 1728 2594 potest.
1770 2545 1891 2581 Scribo
1908 2571 1920 2586 ‚
1954 2542 2056 2580 lectus
2072 2544 2240 2589 Pontifex,

1225 2607 1324 2633 max.
1355 2596 1536 2631 Suetonius
1554 2594 1611 2631 lib.
1634 2608 1689 2632 11.
1716 2594 1759 2630 de
1777 2594 1932 2644 Augusto
1952 2591 2117 2644 pontifice
2133 2596 2241 2631 maxi-

1223 2658 1287 2682 mo
1311 2660 1322 2682 2
1361 2646 1539 2681 Nonnulla
1556 2645 1661 2682 etiam
1680 2657 1721 2680 ex
1740 2645 1890 2694 antiquis
1907 2644 2097 2680 ceremoniis
2107 2643 2243 2686 *abolita

1224 2695 1390 2743 restituit,
1417 2705 1457 2731 ut
1474 2695 1600 2732 Salutis
1625 2697 1823 2744 Augurium
1840 2723 1851 2739 ,
1875 2694 1981 2731 Diale
2005 2693 2241 2739 Flaminium,

1223 2750 1367 2782 Sacrum
1392 2746 1592 2794 Lupercale,
1611 2746 1722 2781 Ludos
1739 2744 1905 2794 ficulares
1923 2743 1976 2788 Εἴ
1997 2745 2240 2792 compital'ctios.

1224 2799 1282 2833 De
1305 2795 1434 2834 eodem
1452 2795 1563 2833 studio
1590 2794 1733 2846 Augusti
1765 2795 1921 2833 imitandi
1946 2794 2105 2846 exempla
2130 2797 2242 2844 maj02

1224 2860 1315 2887 rum.
1346 2847 1425 2884 vide
1440 2858 1518 2896 cap.
1532 2858 1677 2884 Lxxx1x.
1709 2848 1873 2884 Horatius
1889 2846 1934 2884 de
1951 2846 2106 2886 eodem:

1336 2902 1384 2935 Et
1402 2907 1530 2933 veteres
1544 2899 1725 2933 revocavit
1743 2907 1835 2934 artes
1846 2927 1857 2941 ,

1337 2953 1404 2985 Per
1421 2959 1506 2997 quas
1518 2950 1683 2984 Latinum
1702 2960 1823 2985 nomen
1839 2947 1892 2993 Εἴ
1914 2947 2007 2986 Itala

1337 3003 1486 3035 Crevere
1503 2998 1617 3041 vires,
1636 2998 1810 3047 famaque
1830 2998 1884 3043 ξς
1901 2999 2039 3049 imperi.

1338 3051 1496 3087 Porretta
1514 3049 1664 3098 majestas
1680 3049 1726 3084 ast
1743 3059 1854 3086 ortum

1335 3100 1419 3138 solis
1432 3128 1444 3143 ,
1472 3099 1516 3135 ab
1536 3099 1684 3148 Hesperio
1703 3098 1818 3140 cubili,

1428 3149 1559 3191 Llllll
1591 3165 1617 3196 3.
2189 3154 2252 3187 Ex-
