2504 3425
409 158 686 214 Norat
750 170 812 209 m
877 153 1342 211 SuETouit

1408 157 1914 209 AuousTuM.

2090 169 2192 225 795

117 249 260 301 quidem
281 250 369 288 olim
398 250 488 288 hunc
517 248 636 287 locum
661 247 907 298 exponendum
917 247 1128 292 existimavi,
1178 246 1274 284 cula:
1301 247 1379 285 dein
1398 248 1492 299 quod
1513 262 1576 300 pro
1603 247 1715 286 ferreo
1736 248 1876 286 thorace
1886 244 2198 285 muniretur-laneo.

116 302 174 343 sed
193 315 282 339 nunc
300 315 383 338 cum
399 300 584 338 accuratius
602 298 783 350 expendo,
811 311 892 349 puto
915 297 961 336 fic
973 312 1054 336 eum
1063 297 1127 337 effe

117 351 391 390 constituendum
408 366 419 389 ι
457 351 618 401 quamvis
643 360 769 399 param
791 350 968 398 salubrem
993 348 1130 386 valetu-

115 402 192 440 dini
214 402 273 449 sua
289 400 433 438 hiemem
455 400 680 449 experiretur,
708 398 893 450 assidueque
911 401 949 436 in
965 398 1045 436 urbe
1061 399 1130 435 hie-

117 463 238 490 maret.
295 454 382 488 Non
413 450 518 489 video
546 449 625 487 sane
643 479 655 494 ‚
693 462 728 487 ut
748 452 782 485 τὸ
802 451 917 486 urbem
938 453 974 486 ὃ(
995 449 1031 485 in
1048 448 1129 486 urbe

117 502 153 540 in
169 501 299 539 eodem
318 500 414 539 versu
434 501 532 552 possit
554 500 653 538 ferri:
682 502 854 550 Augustus
873 502 907 536 in
926 499 1055 536 eodem
1075 512 1131 535 cu-

118 552 229 589 biculo
261 550 389 589 mansit
415 554 520 588 etiarn
541 551 677 595 hieme,
702 552 860 601 quamvis
875 549 931 587 illa
949 552 1019 596 ejus
1038 549 1130 587 vale-

116 602 223 639 tudini
241 600 321 638 esset
337 601 476 646 infesta,
514 605 548 639 &
565 602 724 652 quamvis
742 600 869 636 affidua
887 598 967 636 efl'et
986 610 1043 635 aut
1058 598 1129 634 diu-

118 663 215 690 turna
250 652 304 688 illa
349 653 459 689 hiems
475 681 488 697 ‚
523 664 588 688 nec
622 650 813 689 molliretur
839 661 896 687 aut
920 649 1132 697 mitigaretur

116 700 350 740 blandioribus
367 704 477 747 auris,
505 702 627 752 quibus
650 701 810 741 valetudo
834 699 996 749 Augusti,
1024 710 1132 748 quam

118 750 509 803 affligebat,levaretur.
567 753 692 803 Copes.
721 750 800 788 cod.
823 749 1009 799 affictaeque
1035 758 1134 784 extra

114 802 231 841 urbem
249 803 426 841 hiemaret.

175 867 233 898 72.
246 879 248 881 >
261 856 373 902 Qem
391 851 566 902 Syracufizs
586 851 639 896 Εἴ
657 851 838 898 τεχνὸφυον
855 848 1052 894 vocabam}
1070 848 1134 884 Vi-

119 901 217 940 detur
236 904 404 953 Augustus
423 902 598 953 Syracusas
608 898 823 952 appellavisse
833 897 1106 936 seceffurnistum
1121 924 1134 939 ‚

120 953 214 1004 quod
237 955 273 989 in
306 953 363 990 illo
396 953 475 990 loco
493 965 565 989 non
581 953 694 988 minus
716 961 825 987 novas
843 960 932 985 artes
957 947 1133 995 excogita-

118 1016 169 1039 ret
190 1033 201 1046 ,
244 1004 367 1053 quibus
390 1003 573 1053 imperium
592 1001 691 1037 suum
709 999 945 1036 moderaretur
959 1026 971 1040 ,
999 997 1134 1046 generi-

117 1067 184 1102 que
206 1055 361 1091 humano
378 1052 445 1089 usui
466 1050 545 1088 eslet
558 1079 569 1094 ‚
598 1063 704 1099 quam
722 1048 946 1086 Archimedes
955 1047 1134 1098 quondam
1153 1077 1157 1094 a

118 1101 307 1154 Syracusis,
343 1105 437 1147 cujus
462 1102 569 1151 patria
587 1104 624 1138 ὅ(
648 1099 865 1137 domicilium
883 1098 1000 1141 fuere,
1029 1098 1064 1133 in
1082 1108 1132 1132 ar-

115 1155 206 1190 tibus
237 1153 446 1190 mechanicis
471 1149 790 1200 mathematicisque
814 1149 991 1197 disciplinis
1024 1146 1131 1183 multa

115 1204 205 1241 utilia
229 1207 266 1240 ὃ(
286 1203 511 1255 pulcherrima
531 1203 720 1238 invenerat.
779 1200 860 1237 Vid.
880 1199 965 1235 Plut.
985 1199 1019 1234 in
1042 1201 1132 1234 Mar-

116 1254 214 1292 cello.
274 1258 391 1305 ltaque
409 1251 548 1290 seceffus
564 1251 624 1289 iste
644 1250 784 1301 Augusti
801 1248 969 1299 Syracusae
990 1247 1131 1285 fuere&

118 1305 312 1351 τεχνόφυον.
344 1308 535 1341 COETiEn.

174 1369 230 1402 74.
261 1356 420 1404 Inviiaffe
437 1356 474 1402 se
501 1349 711 1404 quendam]
766 1352 854 1388 Non
879 1348 970 1386 male
990 1347 1128 1385 Salmas.

115 1406 193 1443 cod.
221 1405 379 1452 invitaffe
400 1405 438 1452 se
457 1407 641 1454 quondam.
699 1405 784 1438 Mox
801 1400 917 1437 idem:
945 1400 1049 1435 ternis
1058 1400 1131 1445 fer-

115 1457 209 1496 culis.
229 1460 288 1493 &:
315 1466 353 1491 ut
370 1468 436 1491 non
455 1455 596 1490 minimo
605 1454 734 1501 sumtu.
764 1464 848 1488 mox
864 1465 874 1487 ε
901 1460 966 1485 am
983 1459 1133 1485 tromata

114 1518 180 1543 aut
200 1505 380 1552 histriones.
410 1517 472 1554 pro
489 1514 551 1540 atat
570 1514 771 1540 acroamata
789 1499 841 1544 Εἴ
852 1500 1039 1547 histriones.
1062 1502 1133 1535 De-

117 1559 175 1594 in:
204 1568 245 1591 ex
263 1557 347 1593 circo
364 1554 458 1591 ludos
480 1567 543 1604 pro
565 1554 684 1591 ludios.

173 1620 230 1653 75.
258 1604 411 1652 Aversiu·
434 1604 631 1641 tabularum
655 1603 816 1652 picturus.
838 1603 851 1646 l
901 1601 954 1636 Sic
989 1599 1136 1637 scriben-

118 1656 203 1693 dum
231 1669 271 1692 ex
297 1655 375 1693 cod.
394 1654 499 1694 Sahn.
519 1658 556 1693 ὃ(
577 1654 673 1693 Rob.
693 1652 808 1704 steph.
836 1650 890 1688 ed.
914 1649 1022 1700 vulgo
1044 1650 1135 1687 male

121 1707 299 1753 adversas.

176 1764 233 1803 76.
265 1761 363 1791 Duas
383 1754 552 1803 bucceas.]
588 1754 680 1792 Cod.
700 1753 805 1790 Salm.
825 1753 912 1788 duas
931 1751 1064 1788 baccas.
1092 1750 1137 1788 id.

120 1819 162 1844 ex
180 1806 245 1842 hac
268 1805 549 1851 inobservantia,
580 1816 613 1840 ut
633 1807 725 1841 reste
751 1804 805 1840 alii
821 1816 968 1853 quoque.

174 1862 232 1903 78.
264 1860 299 1890 A
329 1866 424 1892 coena
446 1855 711 1891 lucubratoriam
755 1853 787 1899 [e
813 1854 850 1889 in
879 1850 1069 1888 lecticulam
1089 1864 1136 1886 re-

119 1904 297 1955 capiebam]
341 1904 433 1942 Cod.
466 1904 572 1943 Salm.
607 1908 645 1941 ὅ(
673 1903 769 1940 Rob.
796 1903 910 1953 Steph.
940 1914 962 1936 a
988 1914 1081 1937 coena
1103 1902 1139 1935 in

118 1956 310 1994 letiiculam
333 1957 364 2004 se
392 1955 662 1992 lucubratoriam
692 1953 878 2002 recipiebat.
914 1950 1050 1988 inferius
1073 1950 1141 1988 Sal-

123 2006 207 2045 mas.
225 2006 304 2045 cod.
324 2007 496 2042 maturius
513 2004 744 2053 vigilandum.

177 2071 234 2104 79.
266 2053 538 2103 Dedacilorem]
592 2056 756 2092 Omnino
790 2052 837 2090 est
869 2051 1139 2103 depressiorem,

122 2107 377 2151 demiffiorem‚
414 2106 658 2148 humiliorem,
694 2119 766 2143 non
784 2104 989 2141 tenuiorem.
1029 2116 1140 2155 oppo-

124 2160 214 2196 nitur
254 2158 472 2195 eminentiori
491 2185 502 2200 ,
542 2157 657 2209 quales
676 2156 785 2195 solent
807 2153 871 2192 effe
894 2154 1029 2204 aquilini
1048 2153 1139 2197 nali,

123 2211 180 2260 qui
207 2209 284 2246 hinc
310 2208 427 2256 iocose
454 2209 560 2245 etiam
591 2221 681 2245 nunc
709 2206 854 2244 Caesarei
884 2203 956 2242 nari
986 2205 1140 2242 dicuntur

129 2259 246 2309 vulgo.

1231 299 1420 347 Ungehatur
1453 302 1544 335 enim
1591 299 1698 347 sepius
1730 301 1782 341 δῖ
1825 298 1973 346 sudabat
2008 297 2055 332 ad
2090 291 2199 344 flam·

1179 350 1314 395 mam.j
1357 348 1449 387 cod.
1468 347 1610 386 Salmas
1627 350 1809 399 Copes.&
1826 350 1920 386 Rob.
1945 346 2059 398 Steph.
2077 356 2200 391 ungue-

1180 396 1282 433 batur
1306 400 1395 435 enim
1419 400 1552 447 sapius,
1579 409 1641 435 aut
1659 399 1811 447 sudabat
1829 401 1875 436 ad
1896 397 2086 447 flammam.
2106 398 2144 431 δε
2163 394 2198 430 in

1181 445 1252 484 fine
1272 450 1389 499 capitis
1414 449 1542 486 iidem:
1570 461 1692 486 manus
1710 463 1748 486 ac
1771 451 1868 497 pedes
1885 447 2024 485 alternis
2036 447 2197 496 jaffiaret.

1180 511 1244 583 Pio
1272 512 1343 549 quo
1373 500 1481 550 vulgo
1500 501 1612 550 inepte
1628 514 1641 537 ι
1668 513 1793 537 manus
1808 501 1855 536 ad
1866 500 1964 548 perles
1981 496 2122 533 alternis
2140 495 2200 544 ja·

1178 559 1195 583 c
1211 559 1298 585 aret.

1237 604 1294 640 84·
1323 604 1402 635 Non
1421 597 1606 647 deficeret.]
1634 599 1764 649 Recepi
1778 611 1820 634 ex
1841 598 1979 648 optimo
1996 595 2115 633 codice
2128 593 2201 632 Sal-

1180 646 1279 682 mafii
1304 651 1342 683 ὅ(
1360 648 1508 684 editione
1529 649 1674 685 Roberti
1692 648 1854 699 Stephani
1872 647 2063 695 deficeretur
2076 646 2124 681 ad
2139 645 2201 692 su-

1179 696 1253 731 bita
1274 698 1489 743 extemporali
1506 698 1690 742 facultate.
1748 697 1865 742 Justin.
1884 709 2025 746 quorum
2045 708 2113 732 non
2129 693 2202 740 stu·

1181 746 1247 781 dia
1266 746 1441 793 deficiatur
1460 760 1566 795 quam
1586 751 1696 784 annu.
1754 747 1907 792 Velleius
1934 748 2066 784 Patere.
2123 750 2204 781 Nm

1181 797 1300 830 merito
1312 823 1324 838 ,
1342 796 1405 841 sed
1423 798 1571 831 materia
1588 796 1792 844 adipiftendi
1816 796 2040 845 triumphalia
2052 795 2201 842 deficitis

1181 844 1233 890 est.
1265 846 1318 881 Sic
1335 845 1427 891 defici
1445 845 1604 888 virilim,
1632 849 1754 893 vigore.

1241 899 1257 929 8
1268 908 1296 938 5.
1327 901 1366 930 ln
1384 893 1584 942 spongiam]
1614 895 1718 933 Saltu.
1731 900 1768 933 ὃ(
1787 896 1912 944 Copes.
1930 897 1966 931 in
1991 895 2199 944 sphongeam,

1180 947 1232 982 Sic
1251 948 1287 980 ὅ(
1304 944 1453 994 superius
1468 943 1576 980 iidem
1591 944 1678 982 libri.

1239 1000 1294 1030 86.
1325 1001 1444 1044 Atque
1460 995 1732 1032 inconcinnitate.
1748 997 1760 1042 ]

1183 1045 1357 1082 cinnitate.
1386 1044 1500 1097 paullo
1522 1043 1597 1093 post
1612 1044 1706 1080 idem
1728 1060 1738 1082 z
1766 1058 1870 1094 neque
1901 1041 2127 1090 praepofitiones
2149 1056 2205 1078 urs

1183 1095 1279 1131 biom
1298 1097 1435 1133 addere.
1485 1096 1641 1144 Optime.
1662 1095 1770 1132 solent
1789 1097 1884 1132 enim
1903 1105 1944 1130 ea
1968 1092 2082 1129 omitti
2103 1120 2117 1136 ,
2170 1102 2206 1128 ut

1183 1157 1306 1182 notum
1322 1146 1379 1182 est·
1410 1144 1456 1182 sic
1478 1146 1626 1181 omnino
1646 1144 1843 1195 legendum.

1236 1195 1449 1244 Exagitabut
1469 1195 1754 1244 nonnunquam.]‚
1779 1194 1869 1232 Cod.
1898 1192 2004 1231 Salm.
2029 1190 2203 1242 &Copefi

1181 1248 1441 1295 exagitabatque
1464 1257 1721 1293 nonnunquam.
1752 1247 1843 1282 Dein
1861 1244 1979 1280 idem:
2007 1241 2109 1278 addit
2126 1248 2205 1280 hac.

1183 1295 1259 1346 post
1279 1296 1396 1333 idem:
1425 1309 1465 1332 ne
1484 1295 1609 1342 moleste
1626 1296 1753 1341 scribas
1774 1295 1825 1338 Εἴ
1845 1294 2006 1343 loquoris.

1235 1347 1395 1383 manibus
1431 1344 1638 1390 sementim]
1692 1348 1838 1397 Optime
1863 1346 1879 1388 J
1892 1371 1897 1379 -
1914 1346 1966 1381 Fr.
2006 1342 2208 1381 Gronovius

1182 1396 1268 1433 olim
1290 1397 1476 1447 legendum
1501 1392 1566 1432 effe
1585 1393 1712 1433 censuit
1734 1411 1746 1434 ς
1801 1397 1912 1433 inanis
1928 1394 2109 1443 sententia
2132 1405 2214 1429 ver·

1181 1446 1298 1483 borum
1327 1448 1538 1485 volubilitas.

1239 1504 1291 1544 87.
1308 1499 1516 1546 ‘Quotidiano
1531 1496 1720 1545 sermonen]
1736 1495 1862 1547 Copes.
1873 1495 2039 1532 cotidiano
2043 1492 2209 1542 sermone.

1240 1552 1284 1582 Et
1307 1559 1367 1597 pro
1388 1550 1478 1597 pullo
1500 1548 1759 1597 pullejaceum.j
1798 1546 1890 1586 Cod.
1913 1544 2018 1583 Salm.
2037 1542 2090 1586 Εἴ
2118 1543 2210 1591 apud

1793 994 1883 1031 Cod.
1896 993 2002 1030 Salm.
2021 1003 2121 1042 atque
2132 1006 2204 1029 con-

1177 1599 1333 1645 paullum
1354 1600 1584 1647 pullejaceum.
1612 1611 1698 1634 mox
1715 1598 1830 1634 cerrito
1854 1610 1917 1649 pro
1939 1594 2081 1644 vulgato
2095 1595 2206 1630 cerito.

1188 1649 1270 1684 item
1289 1662 1298 1684 :
1323 1651 1446 1696 vapixle
1469 1650 1508 1697 se
1536 1647 1678 1691 habere,
1692 1647 1797 1698 vulgo
1818 1647 1942 1695 vapide
1962 1645 2000 1692 fh
2009 1647 2057 1693 se.
2075 1642 2210 1679 habere.

1189 1699 1312 1735 Dein:
1340 1699 1512 1741 betizare,
1551 1701 1587 1735 δε
1605 1697 1854 1742 lachanizare,
1890 1708 1927 1733 ut
1960 1707 2089 1733 omnes
2113 1691 2204 1730 editi.

1189 1749 1236 1786 est
1255 1749 1322 1785 hoc
1341 1762 1478 1800 quoque
1497 1750 1582 1784 inter
1608 1747 1747 1799 Augusti
1770 1759 1876 1787 nova.

1248 1807 1305 1837 88.
1331 1805 1397 1835 Pro
1416 1814 1441 1838 z
1457 1809 1573 1836 autem
1590 1800 1711 1846 duplex
1730 1799 1812 1846 aaa]
1849 1796 1972 1834 Codex
1996 1792 2137 1833 Salmas.
2171 1796 2211 1831 &

1190 1850 1314 1901 Copes.
1354 1858 1413 1898 pro
1431 1863 1454 1885 x
1479 1859 1594 1885 autem
1615 1849 1737 1896 duplex
1754 1860 1811 1884 aa.
1837 1851 1875 1884 &
1895 1845 1940 1884 sic
1959 1846 2055 1884 Rob.
2091 1843 2209 1893 Steph-

1189 1914 1267 1951 quae
1284 1899 1457 1937 veriffima
1476 1901 1633 1950 scriptura-
1655 1898 1712 1935 est.
1739 1910 1825 1936 nam
1845 1911 1871 1935 z.
1889 1897 2055 1934 rarissime
2081 1895 2215 1932 Latinis

1191 1953 1226 1988 in
1244 1950 1390 1989 vocibus
1406 1952 1564 1988 occurrit.

1250 2008 1308 2045 89.
1340 2002 1537 2037 Eruditione
1560 2000 1665 2036 varia
1683 1998 1823 2048 repletus
1849 1995 2003 2047 Sphari.]
2056 1997 2150 2033 Cum
2178 1995 2217 2033 in

1193 2051 1306 2088 Ursini
1332 2051 1467 2101 aliisque
1494 2051 1642 2102 pluribus
1661 2048 1836 2086 codicibus
1855 2047 1962 2084 exstet
1981 2045 2215 2090 contubernio,

1196 2101 1267 2139 sine
1285 2102 1364 2139 iniit
1390 2129 1402 2145 ,
1457 2114 1541 2151 puto
1563 2101 1649 2138 hunc
1667 2100 1785 2137 locum
1806 2097 1852 2135 fic
1878 2096 2094 2135 scribendum
2112 2094 2178 2133 esse
2204 2111 2217 2133 ι

1196 2154 1327 2191 Deinde
1341 2156 1445 2189 etiam
1463 2152 1648 2189 eruditione
1669 2151 1777 2187 varia
1797 2147 1936 2198 repletus
1953 2148 1991 2185 in
2006 2147 2147 2196 Sphaeri,
2159 2144 2214 2189 ξς

1194 2205 1283 2240 Arei
1303 2202 1513 2251 philosophi,
1544 2202 1760 2251 filiorumque
1776 2201 1845 2248 ejua
1869 2197 2022 2247 Dionyfii
2041 2197 2095 2240 δ’
2111 2198 2218 2233 Nica-

1193 2255 1282 2290 noris
1297 2253 1520 2291 contubernio.
1544 2250 1726 2289 Salmasius
1743 2251 1824 2300 legit
1846 2263 1856 2286 2
1885 2249 2022 2297 repletus
2044 2256 2101 2295 per
2125 2249 2215 2283 Arei

181 2311 301 2345 Etiam
330 2310 367 2346 in
395 2311 593 2347 memoriam
616 2308 720 2358 eju5.]
768 2307 861 2346 Cod.
876 2305 1018 2345 salmas,
1037 2306 1143 2343 etiam
1187 2305 1371 2353 philofhphi
1389 2304 1644 2341 contubernium
1665 2332 1675 2345 ‚
1707 2303 1785 2351 quia
1802 2301 1837 2336 in
1855 2299 1914 2335 suo
1931 2298 2050 2335 codice
2069 2297 2194 2346 reperit
2201 2323 2216 2340 ,

127 2363 343 2398 memoriam.

177 2407 396 2456 Adstantis.]
428 2407 591 2446 Salm.-&
607 2409 731 2459 Copesss
750 2407 903 2456 astantis.

184 2465 240 2497 80.
270 2456 479 2505 Genittvis]
503 2458 644 2494 salmas.
661 2460 838 2507 genetivis.
860 2458 906 2496 fic
918 2464 1024 2496 Venus
1040 2462 1144 2495 Gene-

125 2511 199 2548 trix
222 2510 294 2561 sup.
323 2513 359 2546 ὅ(
379 2519 514 2546 veteres
537 2508 632 2544 tituli.

181 2566 238 2598 81.
267 2556 464 2605 Jecinore.]
492 2556 632 2594 Salmas.
651 2560 689 2594 δε
708 2557 832 2609 Copes.
845 2557 1003 2606 jocinore.

184 2617 240 2647 82.
273 2615 314 2646 Et
340 2608 498 2654 subucula
517 2608 651 2643 thorace
677 2607 814 2653 lunam]
866 2609 958 2643 Cum
987 2605 1148 2644 subucula

126 2660 167 2699 fit
185 2661 324 2697 interior
343 2660 455 2696 tunica
474 2658 592 2701 lanea,
636 2657 756 2693 thorax
773 2670 858 2695 vero
879 2668 1016 2693 tantum
1031 2659 1148 2708 pesto-

1193 2359 1332 2404 repletus
1348 2355 1424 2404 sper
1443 2357 1541 2392 Arei.
1600 2352 1664 2390 Sed
1684 2351 1804 2400 repleri
1829 2349 2017 2386 eruditione
2046 2361 2106 2397 per
2132 2358 2216 2383 con-

1194 2407 1390 2444 tubernium
1408 2405 1490 2442 Arei
1507 2418 1579 2442 non
1597 2414 1678 2455 puto
1693 2412 1891 2453 quenquam
1915 2399 2102 2437 meliorum
2127 2408 2216 2433 tem-

1195 2470 1323 2508 porum
1345 2456 1548 2506 scriptorem
1567 2452 1682 2492 dixiffe
1699 2481 1710 2496 ,
1739 2464 1795 2488 aut
1813 2451 1973 2501 probare.
2024 2452 2068 2489 In
2084 2447 2216 2485 Codice

1193 2506 1397 2559 Copesiano
1414 2535 1427 2551 ,
1455 2506 1574 2556 Sphaeri
1590 2502 1643 2550 ᾧ)
1664 2504 1752 2542 Arei
1775 2514 1847 2538 non
1864 2500 1994 2550 legitur.

1251 2559 1388 2605 Ingenia
1408 2556 1515 2603 seculi
1539 2553 1633 2602 ῥῶ]
1691 2552 1794 2591 Salm.
1817 2555 1854 2588 δε
1872 2548 1997 2600 Copes]
2014 2546 2128 2596 fiaeculi
2144 2545 2217 2596 sui.

1194 2606 1309 2644 statim
1328 2605 1425 2643 idem
1444 2606 1569 2641 audiit.

1252 2670 1310 2700 90.
1340 2655 1443 2691 Circa
1464 2652 1657 2701 religiones]
1691 2652 1796 2690 Salm·
1821 2652 1909 2687 circa
1927 2648 2219 2697 relegioni5.Sem·

126 2713 171 2749 ris
198 2713 456 2748 munimentum
485 2720 603 2746 contra
631 2708 780 2744 telorum
801 2708 892 2744 istus
909 2719 1061 2750 aereum,
1092 2719 1150 2745 aut
1197 2720 1256 2756 per
1280 2716 1397 2742 autem
1411 2706 1448 2742 in
1466 2704 1524 2743 illo
1551 2703 1672 2742 codice
1697 2703 1846 2741 scribitur
1874 2701 1989 2750 relegio
2008 2727 2020 2742 ,
2074 2701 2221 2737 notante

126 2760 278 2799 ferreum
296 2790 308 2804 ‚
344 2761 472 2797 merito
497 2759 664 2796 Ferrarius
687 2758 730 2794 de
751 2761 806 2795 Re
827 2755 992 2796 Vestiaria
1013 2755 1147 2809 praefert
1197 2753 1378 2795 salmasio.

128 2825 285 2851 veterum
311 2811 503 2848 editionum
525 2809 713 2846 lectionem
731 2808 781 2844 isti
801 2836 814 2852 ,
841 2820 917 2857 quae
946 2820 1035 2844 nunc
1060 2806 1151 2844 obfi-

129 2862 188 2901 det
216 2862 384 2900 recentius
414 2860 534 2898 editos.
593 2859 654 2897 Illa
685 2871 770 2895 vero
801 2859 874 2895 haec
899 2856 992 2895 fuit:
1029 2860 1147 2894 Hieme

130 2913 302 2962 quaternis
322 2925 397 2948 cum
409 2910 527 2960 pingui
545 2920 621 2959 toga
642 2909 784 2952 tunicis,
811 2906 864 2952 Εἴ
879 2907 1069 2956 subucula,
1099 2906 1152 2951 Εἴ

1251 2810 1536 2844 concameratum
1555 2801 1708 2852 locum]
1739 2802 1845 2842 Snlm.
1870 2807 2146 2839 concamaratum
2176 2796 2221 2835 lo·

1199 2870 1316 2952 cmg-r.
1345 2903 1592 2943 Emenclicabat
1610 2916 1633 2940 a
1653 2900 1807 2953 popula]
1840 2901 1931 2940 Cod.
1950 2900 2059 2938 Salm.
2073 2896 2221 2936 emendi-

131 2963 263 3000 thorace
287 2963 397 3000 laneo.
453 2961 661 2998 Subuculam
689 2958 871 3010 appellavit
889 2958 1049 2995 intimam
1066 2959 1154 2994 tuni·
1202 2957 1302 2994 cahat
1327 2970 1345 2993 e
1361 2955 1489 3005 populo.
1518 2966 1597 2991 ante
1623 2953 1811 3003 quodannis
1838 2966 1900 3003 pro
1918 2950 2115 3002 quotannis.
2169 2948 2222 2987 Sic

133 3025 212 3050 cam
237 3013 375 3050 laneam
405 3011 542 3062 corpori
562 3010 812 3049 adhaerentem.
870 3012 989 3059 Itaque
1005 3008 1072 3045 hoc
1091 3006 1153 3045 fuit
1202 3011 1239 3045 δ(
1258 3009 1292 3045 ἰη
1309 3005 1481 3044 nonnullis
1502 3004 1774 3055 inscriptionibus
1792 3003 1881 3054 apud
1899 3005 2099 3040 Gruterum.

130 3062 283 3105 notabile
295 3092 308 3110 ,
332 3062 427 3114 quod
446 3073 566 3114 praeter
585 3073 730 3113 quatuor
750 3061 880 3102 tunicas
896 3058 1155 3099 uteretursubu-

1252 3072 1311 3106 92.
1339 3061 1417 3095 Aut
1435 3068 1532 3095 nonis
1547 3055 1736 3105 quidquam
1746 3054 1795 3092 rei
1803 3047 2106 3104 Jeriaeinehoaret.]
2121 3053 2224 3090 Hanc

1482 3109 1512 3146 E
1524 3117 1543 3143 e
1552 3118 1571 3143 e
1581 3118 1599 3143 e
1611 3118 1629 3143 e
1655 3120 1671 3151 3
2154 3115 2226 3156 ego
