2504 3425
683 119 1644 192 Inflsunvroan-'Mi
2126 149 2197 206 95

134 242 532 305 temporumque
545 229 881 288 diversorum,
926 227 1065 302 quasi
1080 227 1272 301 sylvam
1288 228 1342 280 in
1356 226 1587 280 medium
1601 234 1871 296 exponunt
1883 258 1900 286 ,
1938 235 2135 295 quanto
2149 230 2202 278 &t

137 305 433 378 diligentius
448 304 641 379 singula
655 321 876 376 quaeque
887 303 1203 374 exprimere,
1241 306 1294 354 ὃ(
1322 298 1722 353 faciliusimitari
1737 335 1753 361 ‚
1793 311 1949 368 atque
1964 295 2205 369 effingere

134 394 291 447 quam
318 379 546 433 universa
558 380 675 450 quis
693 376 862 449 possit.
943 378 1120 448 ltaque
1137 392 1400 446 nunquam
1419 392 1517 446 ego
1532 415 1547 436 ,
1586 386 1673 425 aut
1689 369 2018 424 Plutarchum
2035 372 2204 422 minus

133 449 430 504 hominibus
444 490 460 515 ‚
499 470 655 523 quam
682 449 1014 503 Herodotum
1033 487 1049 512 ‚
1087 462 1172 500 aut
1188 447 1492 500 Suetonium
1509 485 1523 507 ,
1564 463 1720 516 quam
1736 442 2031 497 Sallustium
2047 441 2204 496 fatear

133 523 414 578 contulisse.
423 525 505 578 Ut
513 526 653 578 enim
665 523 972 580 Sertorianus
986 520 1172 573 robusti
1181 520 1348 572 ssimus
1363 520 1505 571 miles
1517 532 1676 571 totam
1692 516 1840 570 semel
1850 516 1973 586 equi
1987 515 2202 569 caudam

132 612 287 649 manu
316 596 731 669 comprehensam
759 594 972 646 avellere
996 611 1099 645 non
1116 594 1289 662 potuit
1306 630 1319 653 ,
1358 610 1512 662 quam
1528 590 1717 643 deinde
1729 604 1898 641 tamen
1917 588 2199 641 lixaimbe-

126 669 274 722 cillus
300 670 422 725 setas
445 671 639 724 scilicet
665 666 792 740 ipsas
817 665 1103 738 singulatim
1122 682 1329 734 carpens
1345 700 1359 724 ,
1399 663 1554 734 paulo
1573 664 1783 734 negotio
1797 661 2044 732 depilavit
2075 682 2085 714 :
2127 662 2205 714 ita-

92 781 95 784 -
129 741 323 797 imitari
349 743 586 817 congesta
612 744 663 794 in
690 758 850 793 unum
864 738 998 791 varia
1011 738 1245 807 exem-pla
1261 734 1477 788 difficile
1493 734 1803 787 sitoninibus
1820 777 1831 795 ,
1873 733 2089 805 separata
2106 753 2196 786 aii--

130 827 262 875 tem,
305 831 459 887 atque
490 814 685 887 digesta
710 812 859 865 facile
883 811 1045 862 cuivis
1072 809 1241 860 liceat.
1318 807 1557 859 Auctoris
1573 821 1806 877 praeterea
1822 825 1958 859 mens
1974 808 2201 874 cogitata

128 887 218 941 illa
239 887 321 943 sua
347 890 527 943 rectius
553 885 691 957 quasi
717 884 919 954 sagittas·
945 881 1243 934 collineabit
1260 916 1276 940 ,
1315 877 1350 929 fi
1377 878 1567 930 sensum
1600 892 1765 930 totum
1792 894 1946 949 atque
1965 866 2201 932 ansmum·

128 979 292 1014 unum
321 961 387 1014 ad
414 970 768 1031 argumentum
793 968 946 1023 atque
975 951 1236 1023 personam
1257 988 1271 1012 ,
1307 968 1567 1021 unamque
1591 949 1730 1020 quast
1756 951 1820 1002 ad
1848 965 2032 1003 metam
2060 952 2191 1003 dire-

128 1035 287 1092 xerit,
331 1050 488 1103 quam
512 1029 545 1081 si
571 1029 753 1080 eodem
778 1040 1012 1095 tempore
1037 1023 1251 1076 diversas
1278 1023 1329 1074 in
1359 1037 1521 1094 partes
1548 1022 1923 1094 circumegerit.
1999 1023 2196 1093 Neque

127 1118 295 1158 autem
312 1122 471 1175 major
485 1099 866 1155 continentibus
884 1098 979 1150 illis
995 1095 1199 1167 scripti&
1209 1096 1445 1166 voluptas
1462 1094 1588 1147 inest
1612 1134 1627 1157 ‚
1667 1113 1783 1148 cum
1803 1093 1933 1146 nihil
1957 1113 2103 1165 aeque
2118 1096 2193 1146 hi-

127 1176 294 1231 storiae
321 1178 562 1232 lectorem
587 1172 774 1227 afficiat
788 1209 804 1234 ,
840 1186 996 1241 quam
1023 1171 1231 1222 varietas
1249 1167 1351 1240 ipsa
1368 1187 1529 1220 rerum
1546 1205 1560 1230 ,
1601 1168 1653 1219 in
1668 1186 1769 1238 qua
1783 1166 2196 1238 ancipitesinssnt

128 1252 403 1306 hominum
425 1248 561 1302 casus
577 1286 592 1311 ‚
611 1243 1049 1315 inexspcstatique
1064 1257 1296 1295 eventus:
1321 1243 1493 1311 itaque
1505 1241 1659 1293 etiam
1675 1259 1894 1310 quoquo
1909 1241 2071 1293 modo
2082 1239 2203 1293 scri-⁷

126 1338 216 1398 pta
254 1328 283 1397 ζ
298 1340 356 1378 ut
382 1323 587 1377 Plinius
606 1315 818 1390 inquit)
859 1315 1076 1368 delectat
1091 1353 1107 1378 ‚
1145 1315 1291 1386 quod
1318 1313 1410 1365 sint
1434 1328 1604 1366 natura
1625 1313 1869 1365 homines
1892 1312 2103 1374 curiosi,
2142 1319 2197 1366 δε

128 1399 224 1470 qui
254 1398 392 1451 nuda
413 1397 564 1448 etiam
589 1409 754 1445 rerum
784 1389 1086 1460 cognitione
1104 1388 1365 1459 capiantur
1378 1405 1434 1438 ea
1447 1425 1462 1449 ,
1504 1405 1617 1457 quae
1634 1386 1766 1438 haud
1785 1386 2065 1438 minus-hoc
2080 1385 2196 1438 scri-

127 1471 285 1524 bendi
313 1487 521 1543 genere,
559 1483 715 1536 quam
745 1462 999 1534 perpetuis
1011 1459 1619 1532 historiisexprimuntur..
1692 1458 1892 1511 Cretera
1906 1478 2025 1512 vero
2040 1458 2196 1511 adin-

130 1544 273 1615 genii
290 1542 450 1597 modo
463 1538 851 1594 ostentationem
869 1535 1176 1605 pertinentia«
1187 1572 1202 1596 ‚
1241 1551 1408 1603 neque
1422 1530 1452 1583 si
1470 1530 1628 1583 adsint
1642 1569 1670 1594 ,Δ
1696 1530 1922 1602 asperner
1936 1570 1950 1594 ,
1979 1551 2144 1604 neque
2160 1528 2197 1583 si

127 1615 288 1669 absint
302 1654 318 1679 ,
357 1630 667 1690 magnopere
688 1607 978 1663 desiderem.
1057 1607 1138 1659 Ut
1150 1606 1288 1658 enim
1306 1604 1604 1657 Nicostrato
1618 1604 1691 1655 illi
1706 1605 1767 1656 ab
1782 1605 2010 1656 Hercule
2023 1607 2203 1657 oriun-

128 1688 202 1741 do
218 1690 444 1743 maximo
461 1686 676 1759 quidem
692 1681 878 1735 athlete
893 1718 909 1742 ‚
936 1678 1019 1732 sed
1033 1679 1315 1751 turpissima
1331 1676 1461 1730 facie
1474 1677 1672 1729 homini
1680 1714 1694 1739 ‚
1708 1695 1859 1729 nemo
1875 1678 2070 1730 idcirco
2087 1678 2198 1729 Mi-

130 1760 310 1814 lefium
341 1761 420 1814 illi
452 1760 682 1811 Alcaeum
708 1754 1009 1808 luctatorem
1025 1757 1076 1805 δε
1092 1751 1254 1823 ipsum
1272 1749 1500 1804 instadio
1515 1748 1845 1821 praeposuerit
1861 1788 1875 1811 ‚
1916 1750 2061 1820 quod
2076 1748 2197 1802 esset

66 1858 70 1861 ¹
129 1831 419 1890 adolescens
440 1828 820 1884 formosissimus
861 1825 1069 1897 (neque
1093 1826 1230 1877 enim
1244 1824 1309 1876 de
1325 1821 1615 1876 forma-illic
1630 1823 1821 1894 agitur,
1858 1821 1942 1874 sed
1957 1823 2022 1875 de
2035 1823 2198 1875 virtu·

128 1908 229 1975 te)
269 1909 337 1960 ita
364 1924 456 1959 nec
483 1903 720 1963 historia,
760 1897 794 1950 si
822 1916 923 1968 qua
938 1899 985 1949 ei
999 1896 1303 1950 extrinsecus
1317 1909 1605 1948 ornamenta
1621 1932 1636 1956 ,
1676 1894 1816 1946 velut
1829 1913 1967 1965 equo
1981 1894 2198 1964 phalerae

132 1983 501 2053 adjungantur,
542 1975 691 2029 nudat
717 1971 837 2025 huic
866 1986 1019 2040 atque
1035 1970 1209 2023 sobriae
1228 2008 1243 2032 ‚
1280 1968 1488 2040 suasque
1504 1983 1700 2020 tantum
1723 1967 1878 2038 partis
1897 1967 2201 2036 exsequenti

133 2053 476 2109 anteferretur.
555 2049 639 2102 Ut
667 2063 833 2117 neque
860 2043 1203 2096 citharoedum
1228 2041 1370 2095 sanus
1395 2040 1663 2112 quisquam
1694 2040 1955 2111 optimum
1969 2038 2063 2092 effe
2076 2059 2204 2093 eum>

133 2126 492 2187 affirmaverit,
529 2123 620 2194 qui
645 2137 806 2192 quam>
830 2116 1219 2188 pulcherrimam
1248 2132 1520 2186 purpuram
1537 2111 1854 2175 sitindutUS‚.
1882 2111 1964 2166 sed
1978 2113 2060 2165 cui
2078 2117 2128 2165 &
2146 2114 2198 2165 in

137 2199 328 2253 fidibus
351 2205 403 2253 ὃς
425 2199 489 2251 in
504 2208 653 2249 cantu
681 2207 1008 2244 numerorum
1034 2193 1085 2242 &
1113 2187 1475 2241 modulationis
1503 2187 1631 2238 ratio
1658 2184 1958 2238 constiterit.
2037 2185 2120 2238 Ad
2137 2184 2204 2239 il-

137 2272 186 2324 la
209 2272 335 2323 mihi
362 2290 458 2342 pro
484 2268 531 2321 se
545 2266 759 2338 quisque
777 2264 1003 2317 advertat
1018 2262 1244 2314 animum
1259 2297 1274 2324 ,
1314 2275 1561 2331 quantum
1578 2256 1855 2310 domestica
1870 2259 1923 2310 in
1939 2259 1999 2311 iis
2015 2296 2031 2319 ,
2071 2260 2206 2309 inte-—

137 2346 373 2413 rioraque
399 2340 674 2410 exempla,
705 2357 784 2389 ma
828 2338 864 2389 is
889 2354 1044 2408 quam
1062 2337 1114 2387 in
1131 2333 1465 2406 superioribus
1490 2329 1930 2402 repraesententur,
1969 2348 2085 2400 quae
2102 2331 2200 2381 mi-

138 2417 196 2469 hi
224 2415 360 2469 haud
373 2413 532 2474 dubio
548 2412 713 2464 multo
723 2356 823 2463 eflg
832 2408 1243 2461 conducibiliora
1259 2445 1283 2469 ,2
1312 2407 1621 2474 utilioraque
1636 2403 1874 2455 videntur
1889 2441 1903 2464 ,
1943 2420 2097 2472 quam
2112 2421 2201 2454 eoa·

138 2508 251 2543 rum
266 2527 281 2551 ‚
321 2487 501 2559 quaein
516 2483 659 2548 foro,
688 2501 802 2552 quae
820 2483 871 2534 in
886 2482 1021 2534 belI‘o
1038 2520 1053 2544 ‚
1093 2499 1206 2551 quae
1225 2479 1431 2540 inluce,
1456 2492 1609 2547 atque
1626 2478 1675 2528 in
1689 2475 1853 2527 oculis
1865 2476 2092 2545 denique
2105 2475 2200 2526 ho-

140 2565 340 2616 minum
363 2573 608 2631 gerantur.
686 2555 857 2607 Altera
882 2555 1016 2605 enirn
1034 2552 1314 2624 persaepe&
1329 2550 1584 2610 simulata,
1624 2553 1674 2600 &
1705 2549 2038 2618 temporaria,
2078 2547 2200 2599 alte-

137 2654 190 2688 ra
204 2635 412 2706 propria
424 2630 646 2700 semper,
683 2632 733 2680 &
764 2639 1006 2697 perpetua
1021 2625 1118 2677 effe
1130 2624 1304 2676 solent.
1385 2621 1562 2674 Nemo
1576 2621 1710 2671 enim
1733 2659 1745 2681 ‚
1767 2620 2199 2690 quodinrprover.

138 2708 229 2761 bio
257 2706 355 2767 est,
396 2706 584 2759 diutius
612 2699 872 2772 personam
904 2696 1030 2749 ferre
1055 2696 1234 2767 potest.
1314 2695 1487 2765 Atque
1517 2694 1624 2745 haec
1642 2691 1911 2764 singulaita
1926 2692 2201 2745 Suetonius

139 2779 228 2833 hic
256 2778 421 2831 noster
446 2774 728 2848 persecutus
757 2774 804 2824 in
835 2770 916 2822 sua
944 2769 1149 2821 historia
1178 2767 1249 2819 est
1266 2806 1281 2830 ,
1321 2781 1376 2819 ut
1390 2780 1567 2838 praeter
1580 2764 2150 2835 expliciiiidiscientiam
2182 2803 2200 2828 ‚

142 2871 245 2922 qua
267 2849 481 2903 mirifice
508 2847 579 2901 est
604 2845 746 2906 usus,
787 2845 940 2897 etiam
952 2842 1271 2913 diligentiam
1290 2840 1464 2900 nobis,
1506 2837 1766 2907 fidemque
1786 2877 1799 2900 ‚
1840 2843 1890 2890 δε
1916 2838 2208 2890 libertatem·

142 2924 277 2977 suam
294 2924 442 2995 plane
456 2920 758 2994 probaverit.
817 2916 983 2969 Nulla
1001 2917 1048 2966 in
1068 2915 1145 2967 his
1160 2913 1301 2966 libris
1318 2911 1531 2983 suspicio
1544 2909 1614 2962 est
1634 2912 1805 2982 gratiae
1823 2949 1836 2972 ,
1878 2911 2014 2962 nulla
2030 2909 2200 2962 simul-

142 3000 257 3052 tatis
271 3036 297 3064 ,μ
316 2997 448 3051 nihil
465 2995 635 3051 studio
651 2992 847 3048 dietum
866 3027 881 3054 ,
906 2989 1034 3043 nihil
1046 2984 1357 3062 suppressum
1379 2999 1518 3039 metu
1533 3022 1549 3048 ‚
1576 2984 1721 3038 rebus
1736 2983 1851 3056 ipsis
1865 2984 1979 3039 data
1994 2984 2200 3064 omnia,-

2001 3069 2212 3113 veritati*
