2504 3425
506 174 1933 232 SERV.SULPICIUSGA1,BAJ
2156 190 2252 243 575

174 263 349 310 dubium
373 261 494 319 esset,
526 262 679 322 justum
713 265 940 328 piumque,
978 272 1019 311 δε
1055 266 1291 312 faventibus
1323 266 1425 324 diis,
1460 267 1621 313 bellum
1655 263 1814 327 suscipi.
1884 264 1998 309 Cum
2024 277 2189 324 repente
2215 280 2264 308 ez:

168 328 389 387 inopinato
418 343 545 389 prope
572 328 720 373 cuneta
742 329 897 374 turbata
917 327 1008 375 sunt
1031 349 1041 376 ε
1078 332 1231 376 alarum
1252 331 1370 376 altera
1394 330 1528 376 castris
1551 331 1978 393 appropinquantem,
2014 328 2260 389 poenitentia

171 391 316 435 mutati
349 390 613 446 sacramenti,
649 391 867 438 destituere
902 408 1047 439 conata
1081 393 1170 450 est,
1205 411 1396 456 aegreque
1430 409 1585 440 retenta
1619 397 1661 438 in
1697 390 1873 437 officio:
1917 396 1959 437 δι
1983 389 2084 436 servi
2108 425 2122 445 ‚
2157 405 2262 451 quos

168 468 191 499 a
223 452 374 498 liberto
408 457 595 501 Neronis
626 455 675 501 ad
708 454 897 502 fraudem
928 472 1170 519 praeparatos
1202 461 1365 503 muneri
1386 473 1619 519 acceperat,
1651 473 1722 519 per
1740 456 2004 518 angiportum
2027 456 2070 500 in
2096 453 2263 499 balneas

168 517 447 563 transeuntem
471 534 586 579 paene
606 520 905 565 interemerunt
926 538 939 564 ε
972 521 1048 567 nisi
1069 519 1384 566 cohortantibus
1404 523 1588 567 invicem
1603 556 1615 576 ,
1650 537 1702 565 ne
1717 520 1978 565 occasionem
1992 519 2261 572 omitterent,

90 584 138 616 11
165 580 508 644 interrogatisque
540 582 591 627 de
627 600 708 645 qua
738 583 953 629 occasione
984 586 1257 646 loquerentur
1279 619 1292 639 ‚
1324 585 1500 644 expressa
1535 585 1717 630 cruciatu
1752 581 1958 628 confessio
1991 579 2098 628 esset.
2163 583 2258 626 Ac-

161 641 275 689 ceffit
306 644 355 689 ad
388 660 499 690 tan-ta
530 644 764 692 discrimina
794 664 906 692 mors
938 647 1159 702 Vindicis,
1192 664 1275 709 qua
1307 648 1483 691 maxime
1505 647 1808 703 consternatus,
1840 646 2118 707 destitutoque
2141 643 2258 689 fimi-

165 706 249 762 lis,
283 723 372 753 non
395 710 574 754 multum
591 709 718 765 afuit,
752 711 856 770 quin
878 711 968 755 vitae
988 712 1253 755 renuntiaret.
1320 708 1400 753 Sed
1433 708 1817 770 supervenientibus
1850 711 1899 756 ab
1934 709 2036 755 urbe
2071 709 2254 763 nuntiis,

164 783 211 814 ut
231 769 414 817 occisum
437 775 689 828 Neronem,
720 770 975 833 cun<9wsque
1010 775 1054 818 in
1080 772 1204 818 verba
1224 771 1290 817 sua
1313 771 1452 829 juraffe
1475 774 1678 833 cognovit
1698 808 1711 827 ,
1768 774 1947 835 deposita
1979 774 2249 827 LEGAT1,

162 831 338 896 suscepit
362 836 628 881 CAESARIS
651 836 986 896 appellationem.
1051 840 1218 898 Iterque
1239 832 1438 897 ingressus
1472 834 1532 880 est
1563 835 1774 897 paludatus
1798 870 1810 891 ‚
1856 854 1901 881 ac
1934 837 2194 897 dependente
2233 853 2255 880 a

163 897 398 944 cervicibus
422 899 607 960 pugione
631 912 725 943 ante
746 899 888 960 peffus
903 932 915 953 ,
949 913 1027 943 nec
1051 899 1164 960 prius
1190 896 1307 943 usum
1329 912 1437 960 togae
1454 899 1708 960 recuperavit
1725 933 1737 953 ‚
1773 913 1897 960 quam
1919 900 2141 959 oppressis,
2177 900 2251 960 qui

160 976 289 1005 novas
314 976 377 1005 res
397 960 700 1016 moliebantur,
732 959 928 1023 praefed³to
949 963 1125 1023 praetorii
1147 960 1414 1024 Nymphidio
1433 962 1589 1008 Sabino
1611 962 1784 1007 Romae:
1818 962 1863 1005 in
1885 961 2114 1006 Germania
2141 964 2253 1006 Fon-

83 1041 134 1072 12
161 1027 245 1081 tejo
272 1025 483 1085 Capitone
507 1042 517 1071 x
551 1025 595 1070 in
616 1023 763 1071 Africa
787 1025 947 1071 Clodio
970 1027 1120 1071 Macro
1129 1061 1142 1082 ‚
1176 1027 1334 1089 legatis.
1401 1025 1652 1072 Praecefferat
1671 1026 1721 1070 de
1742 1041 1794 1070 eo
1817 1023 1928 1070 fama
1953 1023 2110 1070 saevitiae
2134 1024 2254 1068 timul

159 1102 283 1148 atque
316 1089 527 1134 avaritiae=
569 1088 685 1150 quod
717 1091 902 1135 civitates
934 1089 1228 1151 Hispaniarum
1262 1090 1582 1152 Galliarumque
1602 1125 1615 1146 ‚
1659 1106 1750 1151 quae
1784 1089 2042 1134 cundiamius
2077 1086 2151 1132 sibi
2185 1103 2255 1131 ac-

156 1147 377 1207 cesserant,
412 1152 672 1215 gravioribus
694 1151 879 1209 tributis,
915 1153 1108 1216 quasdam
1132 1156 1255 1199 etiam
1278 1171 1493 1200 murorum
1521 1152 1797 1199 destruetione
1822 1151 1998 1213 punisset
2024 1169 2034 1197 :
2081 1156 2122 1196 ἃς
2149 1167 2253 1211 pra:-

159 1212 695 1280 pofitos-procuratoresque
728 1216 931 1280 supplicio
962 1218 1106 1282 capitis
1138 1215 1330 1265 affeciffet
1363 1235 1461 1264 cum
1493 1216 1743 1280 conjugibus
1772 1232 1818 1262 ac
1851 1214 2016 1263 liberis:
2051 1215 2251 1324 qugldque

2073 1294 2099 1323 Ο
2147 1291 2254 1324 atam

484 1403 851 1442 ToRRENT..
1543 1407 1932 1444 Casauton.

217 1480 296 1528 Nisi
309 1477 557 1526 cohortantib.]
607 1479 697 1515 Mira
714 1479 845 1517 locutio
867 1508 879 1522 ‚
908 1488 994 1529 pane
1011 1480 1188 1517 intereme-
1286 1484 1325 1516 In
1345 1479 1466 1517 balnea
1482 1482 1708 1528 tranfiuntem
1717 1488 1802 1529 pane
1821 1483 2063 1518 interemerunt
2085 1494 2094 1514 :
2120 1477 2183 1528 nist
2201 1492 2252 1515 co-

163 1541 268 1575 rant,
296 1532 359 1568 niu
377 1530 582 1567 cohort.&c.
638 1529 783 1567 Mallem
809 1528 921 1567 abeffe
949 1528 1012 1577 m'fi
1031 1557 1043 1572 ‚
1083 1532 1121 1565 δε
1149 1529 1184 1565 in
1228 1526 1442 1568 hertantibus
1459 1531 1607 1567 invicem
1625 1529 1682 1578 m]
1713 1533 1799 1567 Non
1811 1530 1883 1568 fine
1899 1528 2007 1568 cauffa
2024 1530 2250 1566 Torrentium

163 1579 237 1617 fine
252 1594 326 1631 cap.
346 1594 409 1631 pro
429 1579 500 1628 efflet
521 1578 618 1615 scribi
643 1578 706 1626 est,
736 1591 789 1616 aut
808 1580 934 1617 reliffis
952 1580 1070 1616 ceteris
1086 1580 1183 1616 unius
1231 1577 1375 1618 advertit
1393 1580 1573 1618 locutionis
1590 1581 1689 1627 hujus
1708 1582 1966 1618 inconcinnitas.
1998 1592 2082 1616 nam
2099 1589 2182 1628 pane
2196 1580 2249 1614 in-

167 1641 305 1667 tantum
323 1631 439 1667 litterae
463 1629 654 1666 mutatione
669 1630 912 1666 interemerant
927 1643 989 1680 pro
1008 1631 1206 1665 intereme-i
1231 1637 1434 1667 teremerunt
1448 1659 1461 1674 ,
1489 1631 1572 1680 nist,
1596 1632 1688 1669 valet
1717 1631 1932 1668 interemturi
1958 1629 2094 1666 fuerunt
2115 1657 2127 1672 ,
2164 1628 2248 1665 nisi:

162 1691 246 1716 runt
265 1682 396 1732 reponi.
456 1680 522 1716 Sed
545 1680 711 1715 Suetonio
733 1680 792 1717 suo
811 1693 912 1717 more
933 1680 1027 1729 loqui
1045 1680 1186 1729 permit-
1231 1691 1289 1715 aut
1311 1681 1420 1728 potius
1437 1682 1607 1718 brevitatis
1636 1681 1746 1718 studio
1773 1680 1896 1718 omissa
1924 1680 2031 1719 verba
2055 1680 2122 1717 hoc
2143 1680 2248 1728 pacto

163 1741 292 1767 tamus.
318 1729 365 1767 sic
381 1730 476 1766 enim
495 1733 532 1766 δε
554 1728 668 1765 Vitell.
682 1741 850 1778 cap.v1¹.
1231 1728 1415 1779 supplenda
1435 1747 1445 1768 ε
1472 1731 1574 1781 idque
1591 1730 1682 1768 adeo
1703 1729 1835 1768 sacrum
1859 1730 1964 1774 esset,
1987 1729 2060 1767 nifi.
2119 1731 2171 1766 Sic
2190 1729 2248 1765 {ie-

221 1786 275 1817 Ne
299 1778 494 1828 occafionem
522 1778 755 1826 omitterent.]
817 1778 927 1817 Libb.
951 1778 1021 1817 duo
1048 1779 1186 1816 amitte-
1230 1792 1272 1829 pe
1293 1781 1407 1817 Latini·
1422 1782 1613 1832 scriptores.
1669 1782 1800 1818 Auctor
1818 1785 2022 1824 Romanus,
2052 1793 2156 1827 quem
2177 1782 2248 1815 He-

165 1839 253 1867 rem.
1229 1828 1410 1881 gefippum
1429 1832 1566 1876 dicunt,
1593 1830 1655 1868 lib.
1675 1845 1727 1868 11.
1747 1843 1913 1882 cap.x1v.
1945 1835 2052 1866 Tanto
2066 1831 2191 1876 impetu
2209 1832 2247 1864 in

223 1893 236 1916 ι
249 1894 278 1917 1.
289 1880 440 1928 Depend.
459 1891 483 1915 a
499 1876 655 1916 cervicib.
664 1878 844 1926 pugione.]
860 1880 978 1927 Quare
991 1879 1187 1928 pugionem
1230 1885 1392 1917 Romanos
1399 1882 1576 1930 profiluere
1587 1910 1598 1925 ‚
1627 1892 1665 1917 ut
1686 1894 1817 1918 omnem
1839 1880 2021 1917 exercitum
2038 1907 2048 1921 ‚
2076 1878 2138 1926 mfi
2157 1879 2250 1927 equi-

161 1930 306 1980 praetulit
326 1933 338 1969 Ξ
374 1932 431 1966 An
445 1927 536 1966 forte
561 1939 597 1965 ut
618 1930 669 1975 jus
694 1928 825 1978 gladii,
852 1941 892 1964 ac
918 1928 1062 1978 proinde
1092 1927 1181 1965 sum-
1227 1931 1534 1980 tessnbveniffent,
1567 1940 1786 1975 averterent,
1815 1945 1878 1982 pro
1893 1929 2039 1968 aversuri
2053 1927 2185 1964 fuerint.
2214 1928 2250 1964 li-

161 1993 266 2017 mum
290 1979 358 2017 sese
384 1980 580 2029 Imperium
609 1978 737 2015 habere
758 1977 964 2029 significaret
984 1983 994 2017 Ξ
1024 1981 1080 2015 De
1111 1990 1180 2028 qua
1230 1980 1293 2017 bro
1312 1994 1345 2018 v.
1361 1993 1502 2030 cap.xx.
1529 1988 1692 2018 Romanos
1704 1979 1856 2029 flamma
1875 1981 2246 2020 circumvallaverant,

158 2029 263 2079 gladii
293 2030 459 2081 potestate
496 2040 617 2080 praeter
649 2031 756 2072 JCtos
792 2029 956 2066 nonnulla
993 2030 1092 2065 Dion
1121 2028 1178 2066 lib.
1223 2029 1286 2078 nist
1303 2041 1440 2068 mature
1463 2030 1699 2082 consuluissent.
1746 2030 1814 2067 hoc
1836 2030 1907 2074 est,
1937 2028 2243 2067 circumvallatum

158 2091 269 2118 1-111.
290 2081 347 2118 ubi
367 2081 410 2118 de
435 2081 691 2129 provinciarum
713 2079 945 2116 distributione
965 2079 1102 2130 Augusti
1129 2078 1178 2115 lo-
1224 2080 1368 2119 fuerant.
1388 2094 1462 2132 cap.
1484 2094 1516 2120 L.
1547 2089 1588 2118 In
1598 2080 1790 2130 potestatem
1814 2080 1955 2128 hostium
1974 2081 2083 2116 vivus
2100 2080 2247 2126 cmceffi-

182 2131 279 2170 uitur.
338 2133 392 2168 Sic
415 2133 581 2168 nimirum
600 2134 638 2168 ὅ(
657 2129 813 2166 Vitellius
830 2158 843 2173 ,
885 2143 956 2179 quo
983 2131 1176 2180 Imperium
1222 2141 1301 2174 rat,
1320 2132 1357 2168 ni
1374 2133 1499 2169 nodum
1518 2131 1743 2180 intercidisset.
1774 2144 1836 2181 pro
1851 2129 2066 2168 concessurus
2084 2128 2155 2166 fuit.

175 2193 195 2216 e
213 2180 388 2231 deponere
407 2181 564 2218 ostendat
582 2209 593 2224 ,
637 2179 786 2217 solutum
805 2192 824 2215 a
851 2180 953 2216 latere
985 2182 1174 2232 pugionem
1285 2195 1297 2217 ι
1311 2196 1338 2219 r.
1360 2186 1454 2218 Mors
1474 2181 1664 2230 Vindicis.]
1691 2184 1842 2218 Memm.
1859 2185 1896 2219 δ(
1918 2180 2054 2219 Vitcrb.
2078 2192 2164 2216 mors
2183 2178 2241 2225 sui

162 2230 293 2268 consuli
309 2233 450 2282 porrigit
478 2245 556 2281 cap.
574 2244 630 2268 xv.
687 2234 766 2267 Nec
786 2228 942 2267 diffimile
967 2230 1015 2268 est
1032 2260 1044 2274 ,
1081 2229 1175 2280 quod

160 2279 296 2317 hastam
324 2293 505 2319 armorum
536 2285 573 2318 &
600 2282 741 2331 Imperii
767 2278 832 2317 esse
857 2281 1036 2318 summam
1065 2280 1177 2317 Festus

160 2329 306 2367 tradidit.
363 2332 428 2368 Alii
443 2335 631 2382 pugionem
646 2329 739 2368 fiu’ffe
755 2329 896 2374 volunt,
925 2345 995 2382 quo
1004 2332 1176 2368 Scaevinus

162 2383 347 2417 Neronem
368 2382 524 2418 occidere
543 2381 775 2431 proposuerat.
832 2384 932 2418 Nero
959 2394 1076 2418 autem
1094 2394 1176 2417 eum

1219 2231 1382 2270 vindicis„
1410 2230 1570 2277 fortass‘e,
1596 2246 1684 2270 mors
1703 2232 1800 2277 Julz'i
1820 2238 1861 2269 V..

1275 2283 1338 2317 sed
1364 2282 1673 2330 supervenientibus
1701 2281 1744 2316 ab
1768 2282 1848 2317 urbe
1867 2279 2034 2327 nuntiis.]
2070 2279 2185 2316 Icelus
2204 2278 2243 2315 li·-

1224 2330 1337 2368 bertus
1359 2336 1481 2370 Roma
1499 2335 1535 2370 in
1552 2330 1850 2369 Tarraconensem
1869 2332 1961 2369 venit
1979 2330 2021 2367 ad
2033 2329 2182 2368 Galbam
2193 2330 2241 2366 se-

1224 2393 1320 2430 ptem
1336 2382 1465 2421 diebus.
1522 2386 1616 2419 Tam
1644 2381 1808 2430 stupenda
1835 2381 2008 2428 diligentia
2041 2380 2239 2417 merebatur

159 2432 239 2475 Jovi
262 2429 396 2468 Vindici
419 2431 509 2481 apud
535 2431 745 2482 Capitolium
775 2430 992 2475 sacraverat,
1036 2432 1079 2469 de
1107 2426 1178 2481 quo

159 2483 272 2519 Tacit.
300 2494 457 2518 extremo
476 2481 534 2518 lib.
555 2494 615 2518 xv.
674 2484 808 2518 Verum
828 2481 961 2518 nullum
979 2482 1106 2519 subeffe
1127 2483 1178 2518 hic

164 2532 364 2582 mysterium
388 2531 548 2581 Xiphilin.
566 2530 741 2574 ostendit,
771 2545 850 2567 cum
875 2531 1022 2568 derisum
1042 2532 1173 2574 scribit,

161 2583 257 2631 quod
285 2582 396 2618 homo
417 2584 489 2626 jam
515 2581 614 2617 senex
632 2583 669 2616 ὅ(
686 2580 876 2617 imbecillus
892 2607 908 2622 ,A
941 2582 1102 2617 manibus
1121 2594 1178 2629 pe—

163 2631 329 2682 dibusque
348 2631 477 2668 morbo
495 2630 660 2672 distortis,
690 2630 842 2680 gladium
867 2633 900 2667 in
927 2631 1046 2667 itinere
1066 2632 1177 2667 accin-

163 2694 277 2733 geret..
329 2684 386 2718 De
407 2682 629 2732 Nymphidio
647 2681 792 2724 Sabino,
822 2682 1176 2731 FontejojCapitone,

162 2732 291 2770 Clodio
303 2734 424 2769 Macro
441 2733 551 2769 Tacit.
571 2731 743 2769 Plutarch..
765 2731 933 2780 xiphilin.-

224 2795 278 2819 12.
291 2788 473 2820 Murorum
484 2780 817 2829 destrua..punis]et.]
836 2784 956 2818 Muros
975 2794 1059 2832 ergo
1078 2783 1177 2833 igno-

163 2834 281 2872 miniae
303 2833 399 2870 causa
415 2833 563 2879 deiicere
586 2845 699 2883 poenae
720 2832 799 2868 loco
829 2830 995 2868 habitum.
1051 2836 1183 2870 Exem-

162 2884 219 2932 pla
243 2884 332 2933 apud
349 2883 595 2934 Thucydidem
616 2883 673 2919 lib.
692 2896 720 2919 1.
749 2885 788 2919 δε.
811 2895 887 2918 ¹11.
921 2882 1010 2932 apud
1037 2884 1174 2921 Livium

164 2935 273 2973 lib.vi
287 2948 298 2971 ι
312 2948 339 2972 ¹.
359 2936 500 2972 cum-ait
515 2948 531 2971 ::
561 2940 601 2970 In
619 2932 797 2969 Veliternos
808 2960 826 2976 ‚.
858 2933 945 2980 quod
962 2934 1057 2969 toties
1075 2934 1176 2970 rebel·

162 2984 302 3033 laffint,
322 2988 477 3033 graviter
489 2985 646 3033 sevitum
666 3012 678 3026 ‚
718 2995 757 3019 ac
786 2984 877 3018 muri
908 2982 1035 3031 dejebii.
1087 2985 1174 3035 apud

165 3034 409 3072 Herodianum
425 3035 481 3074 lib.
500 3049 537 3075 ιι
551 3049 584 3072 1..
598 3034 641 3071 de
651 3034 838 3082 Byzantio,
868 3033 956 3085 apud
974 3034 1173 3085 Appianum

171 3083 310 3122 'ibericis
328 3084 371 3122 de
388 3085 550 3126 Tei-miso
572 3089 823 3125 Vaccaeot'tun..

1221 2444 1245 2468 a—
1263 2435 1431 2470 Suetoniov
1447 2435 1527 2471 haut
1543 2432 1763 2483 praetermitti:
1796 2431 1873 2470 vide
1893 2431 2124 2468 Plutarchum.

1277 2487 1334 2518 Ac
1353 2485 1562 2531 dependente*
1582 2496 1602 2518 a
1622 2480 1804 2518 cervisibus
1827 2483 1963 2530 pugione
1988 2491 2067 2517 ante
2080 2482 2204 2528 perias.
2222 2478 2235 2519 Ἰ,

1223 2535 1278 2567 De
1306 2533 1424 2569 itinere
1461 2534 1580 2571 Galbae
1619 2546 1658 2568 ex
1692 2530 1853 2580 Hispania
1894 2536 2053 2569 Romam
2092 2532 2238 2579 loquitur

1224 2583 1449 2632 Tranquillus.
1506 2583 1571 2621 Sed
1591 2582 1723 2620 videtur
1740 2581 1850 2618 Galba
1877 2594 2018 2618 morem
2037 2580 2144 2617 semel
2174 2579 2238 2616 sus·

1222 2642 1361 2681 ceptum
1388 2632 1526 2682 semper·
1541 2633 1657 2682 postea
1676 2629 1826 2668 servasse.
1855 2644 1937 2668 nam
1957 2631 2144 2681 Xiphilinus
2158 2631 2234 2666 vi2ae

1223 2683 1362 2718 urbanae
1382 2682 1466 2719 illius
1481 2694 1634 2719 ext-rema
1654 2694 1813 2731 tempora
1832 2680 2047 2725 describens,
2077 2681 2239 2717 observat

1221 2731 1351 2768 irrisum
1370 2729 1492 2776 fuisse,
1513 2732 1606 2782 quod
1625 2731 1726 2769 senex
1749 2745 1857 2780 quum
1879 2730 1976 2774 estet,
1997 2735 2034 2768 δὲ
2054 2731 2239 2768 valetudini

1222 2795 1409 2820 nervorum
1435 2783 1606 2820 obnoxius
1622 2811 1640 2826 ‚.
1675 2784 1715 2820 in*
1735 2783 1835 2819 omni
1861 2783 1979 2819 itinere
2000 2782 2151 2831 gladium
2173 2780 2241 2817 susr

1223 2832 1365 2883 pensum
1384 2832 1539 2883 gestarett
1561 2833 1645 2869 “Orc
1660 2832 1756 2880 ξίφος
1774 2831 1835 2868 διὰ
1851 2832 1968 2872 πάρης
1984 2834 2042 2872 τῆς
2061 2832 2127 2869 (3δέ
2148 2832 2238 2878 ἐξηρ-

1222 2888 1309 2921 τᾶτο
1326 2883 1383 2919 καὶ
1405 2882 1509 2932 γέρων
1525 2883 1584 2919 καὶ
1604 2881 1739 2922 cia-(isvis
1767 2881 1927 2931 ‘tributii-pa,
1952 2882 1988 2918 ὢν
2009 2891 2039 2926 ,.“
2056 2882 2117 2918 mi
2145 2897 2234 2919 πωνο

1214 2934 1325 2972 ’πολὺν
1343 2933 1486 2977 ’γέλωτα
1505 2934 1729 2978 «imitanum.

1279 2986 1410 3032 Fontejo
1437 2983 1634 3033 Capitone.]
1676 2984 1818 3022 Vixerb..
1844 2985 2008 3035 1²'r‹.v7n*e³jc›.⁴
2032 2995 2067 3020 ut
2087 2984 2127 3020 in.
2146 2983 2244 3021 libi-is„

1227 3036 1395 3076 Plutarchi
1420 3034 1608 3085 Φροντήϊος,
1642 3037 1791 3073 Μεηιηι-.
1813 3035 1955 3085 Fontejo.

1675 3139 1788 3174 Cccc
1821 3150 1837 3180 3·
2092 3136 2249 3169 Tona-
