<?xml version="1.0" encoding="UTF-8"?>
<!DOCTYPE html PUBLIC "-//W3C//DTD XHTML 1.0 Transitional//EN"
    "http://www.w3.org/TR/xhtml1/DTD/xhtml1-transitional.dtd">
<html xmlns="http://www.w3.org/1999/xhtml" xml:lang="en" lang="en">
 <head>
  <title>
</title>
<meta http-equiv="Content-Type" content="text/html;charset=utf-8" />
  <meta name='ocr-system' content='tesseract 3.04.00' />
  <meta name='ocr-capabilities' content='ocr_page ocr_carea ocr_par ocr_line ocrx_word'/>
</head>
<body>
  <div class='ocr_page' id='page_1' title='image "./csuetoniustranqu00suet_0227.png"; bbox 0 0 2504 3425; ppageno 0'>
   <div class='ocr_carea' id='block_1_1' title="bbox 89 612 139 658">
    <p class='ocr_par' dir='ltr' id='par_1_1' title="bbox 89 612 139 658">
     <span class='ocr_line' id='line_1_1' title="bbox 89 612 139 658; baseline 0 -16"><span class='ocrx_word' id='word_1_1' title='bbox 89 612 139 658; x_wconf 75' lang='lat'>52</span> 
     </span>
    </p>
   </div>
   <div class='ocr_carea' id='block_1_2' title="bbox 511 160 2260 322">
    <p class='ocr_par' dir='ltr' id='par_1_2' title="bbox 511 160 2260 322">
     <span class='ocr_line' id='line_1_2' title="bbox 519 160 1944 221; baseline -0.006 0"><span class='ocrx_word' id='word_1_2' title='bbox 519 166 588 221; x_wconf 90' lang='lat' dir='ltr'>D.</span> <span class='ocrx_word' id='word_1_3' title='bbox 639 165 978 221; x_wconf 82' lang='lat' dir='ltr'><strong>OcTAv.</strong></span> <span class='ocrx_word' id='word_1_4' title='bbox 1046 165 1353 220; x_wconf 66' lang='lat' dir='ltr'>CAEsAR</span> <span class='ocrx_word' id='word_1_5' title='bbox 1418 160 1944 217; x_wconf 76' lang='lat' dir='ltr'>AU·Gus·rus.&#39;</span> 
     </span>
     <span class='ocr_line' id='line_1_3' title="bbox 511 252 2260 322; baseline -0.003 -17"><span class='ocrx_word' id='word_1_6' title='bbox 511 260 669 314; x_wconf 81' lang='lat' dir='ltr'><em>Velim,</em></span> <span class='ocrx_word' id='word_1_7' title='bbox 703 259 870 321; x_wconf 86' lang='lat' dir='ltr'>inquit,</span> <span class='ocrx_word' id='word_1_8' title='bbox 907 258 976 302; x_wconf 87' lang='lat' dir='ltr'>hoc</span> <span class='ocrx_word' id='word_1_9' title='bbox 1006 257 1109 302; x_wconf 87' lang='lat' dir='ltr'>mihi</span> <span class='ocrx_word' id='word_1_10' title='bbox 1132 254 1269 322; x_wconf 84' lang='lat' dir='ltr'><em>probes</em></span> <span class='ocrx_word' id='word_1_11' title='bbox 1302 271 1317 300; x_wconf 89' lang='lat'>.·</span> <span class='ocrx_word' id='word_1_12' title='bbox 1340 255 1523 316; x_wconf 81' lang='lat' dir='ltr'>faciam,</span> <span class='ocrx_word' id='word_1_13' title='bbox 1546 254 1648 315; x_wconf 84' lang='lat' dir='ltr'>sciat</span> <span class='ocrx_word' id='word_1_14' title='bbox 1677 254 1886 299; x_wconf 69' lang='lat' dir='ltr'>eAElianas</span> <span class='ocrx_word' id='word_1_15' title='bbox 1905 259 1968 296; x_wconf 59' lang='grc' dir='ltr'>(φ’</span> <span class='ocrx_word' id='word_1_16' title='bbox 1987 266 2051 295; x_wconf 87' lang='lat' dir='ltr'>me</span> <span class='ocrx_word' id='word_1_17' title='bbox 2083 252 2260 314; x_wconf 75' lang='lat' dir='ltr'><em>linguam</em></span> 
     </span>
    </p>
   </div>
   <div class='ocr_carea' id='block_1_3' title="bbox 174 258 476 321">
    <p class='ocr_par' dir='ltr' id='par_1_3' title="bbox 174 258 476 321">
     <span class='ocr_line' id='line_1_4' title="bbox 174 258 476 321; baseline 0 -17"><span class='ocrx_word' id='word_1_18' title='bbox 174 275 256 321; x_wconf 89' lang='lat' dir='ltr'>que</span> <span class='ocrx_word' id='word_1_19' title='bbox 289 258 431 305; x_wconf 76' lang='lat' dir='ltr'>similis</span> <span class='ocrx_word' id='word_1_20' title='bbox 464 276 476 304; x_wconf 75' lang='grc' dir='ltr'><strong>ε</strong></span> 
     </span>
    </p>
   </div>
   <div class='ocr_carea' id='block_1_4' title="bbox 2151 161 2256 229">
    <p class='ocr_par' dir='ltr' id='par_1_4' title="bbox 2151 161 2256 229">
     <span class='ocr_line' id='line_1_5' title="bbox 2151 161 2256 229; baseline -0.01 -14"><span class='ocrx_word' id='word_1_21' title='bbox 2151 161 2256 229; x_wconf 68' lang='lat'>205</span> 
     </span>
    </p>
   </div>
   <div class='ocr_carea' id='block_1_5' title="bbox 162 312 2265 576">
    <p class='ocr_par' dir='ltr' id='par_1_5' title="bbox 162 312 2265 576">
     <span class='ocr_line' id='line_1_6' title="bbox 168 312 2265 389; baseline -0.002 -23"><span class='ocrx_word' id='word_1_22' title='bbox 168 321 305 368; x_wconf 78' lang='lat' dir='ltr'>habere</span> <span class='ocrx_word' id='word_1_23' title='bbox 340 340 355 369; x_wconf 91' lang='lat'>.·</span> <span class='ocrx_word' id='word_1_24' title='bbox 382 325 500 389; x_wconf 79' lang='lat' dir='ltr'>plara</span> <span class='ocrx_word' id='word_1_25' title='bbox 522 327 626 368; x_wconf 79' lang='lat' dir='ltr'>enim</span> <span class='ocrx_word' id='word_1_26' title='bbox 645 323 695 367; x_wconf 89' lang='lat' dir='ltr'>de</span> <span class='ocrx_word' id='word_1_27' title='bbox 715 340 756 367; x_wconf 87' lang='lat' dir='ltr'>eo</span> <span class='ocrx_word' id='word_1_28' title='bbox 781 324 928 385; x_wconf 79' lang='lat' dir='ltr'>loquar.</span> <span class='ocrx_word' id='word_1_29' title='bbox 994 323 1093 366; x_wconf 89' lang='lat' dir='ltr'>Nec</span> <span class='ocrx_word' id='word_1_30' title='bbox 1117 318 1346 381; x_wconf 84' lang='lat' dir='ltr'>quidquam</span> <span class='ocrx_word' id='word_1_31' title='bbox 1371 319 1497 374; x_wconf 84' lang='lat' dir='ltr'>ultra,</span> <span class='ocrx_word' id='word_1_32' title='bbox 1531 332 1599 363; x_wconf 87' lang='lat' dir='ltr'>aut</span> <span class='ocrx_word' id='word_1_33' title='bbox 1618 316 1753 363; x_wconf 85' lang='lat' dir='ltr'>statim</span> <span class='ocrx_word' id='word_1_34' title='bbox 1777 331 1847 361; x_wconf 85' lang='lat' dir='ltr'>aut</span> <span class='ocrx_word' id='word_1_35' title='bbox 1866 312 2004 376; x_wconf 87' lang='lat' dir='ltr'>postea</span> <span class='ocrx_word' id='word_1_36' title='bbox 2028 315 2265 377; x_wconf 72' lang='lat' dir='ltr'>inquilivit,</span> 
     </span>
     <span class='ocr_line' id='line_1_7' title="bbox 170 379 2256 449; baseline -0.002 -20"><span class='ocrx_word' id='word_1_37' title='bbox 170 385 352 431; x_wconf 89' lang='lat' dir='ltr'>Tiberio</span> <span class='ocrx_word' id='word_1_38' title='bbox 378 404 550 449; x_wconf 80' lang='lat' dir='ltr'>quoque</span> <span class='ocrx_word' id='word_1_39' title='bbox 583 386 633 432; x_wconf 90' lang='lat' dir='ltr'>de</span> <span class='ocrx_word' id='word_1_40' title='bbox 666 386 808 431; x_wconf 88' lang='lat' dir='ltr'>eadem</span> <span class='ocrx_word' id='word_1_41' title='bbox 841 402 883 430; x_wconf 88' lang='lat' dir='ltr'>re</span> <span class='ocrx_word' id='word_1_42' title='bbox 909 420 922 440; x_wconf 89' lang='lat'>,</span> <span class='ocrx_word' id='word_1_43' title='bbox 967 383 1035 430; x_wconf 86' lang='lat' dir='ltr'>sed</span> <span class='ocrx_word' id='word_1_44' title='bbox 1067 383 1290 428; x_wconf 89' lang='lat' dir='ltr'>violentius</span> <span class='ocrx_word' id='word_1_45' title='bbox 1313 382 1419 443; x_wconf 85' lang='lat' dir='ltr'>apud</span> <span class='ocrx_word' id='word_1_46' title='bbox 1441 381 1480 426; x_wconf 90' lang='lat' dir='ltr'>se</span> <span class='ocrx_word' id='word_1_47' title='bbox 1499 398 1571 443; x_wconf 88' lang='lat' dir='ltr'>per</span> <span class='ocrx_word' id='word_1_48' title='bbox 1600 379 1813 444; x_wconf 85' lang='lat' dir='ltr'>epistolam</span> <span class='ocrx_word' id='word_1_49' title='bbox 1839 380 2146 439; x_wconf 86' lang='lat' dir='ltr'>conquerenti,</span> <span class='ocrx_word' id='word_1_50' title='bbox 2201 382 2256 427; x_wconf 86' lang='lat' dir='ltr'>ita</span> 
     </span>
     <span class='ocr_line' id='line_1_8' title="bbox 164 439 2255 510; baseline -0.003 -17"><span class='ocrx_word' id='word_1_51' title='bbox 164 447 366 510; x_wconf 73' lang='lat' dir='ltr'>rescripsit</span> <span class='ocrx_word' id='word_1_52' title='bbox 391 439 410 495; x_wconf 52' lang='lat'>⁴.</span> <span class='ocrx_word' id='word_1_53' title='bbox 446 455 598 496; x_wconf 67' lang='lat' dir='ltr'>eAEtati</span> <span class='ocrx_word' id='word_1_54' title='bbox 621 464 713 505; x_wconf 72' lang='lat' dir='ltr'>tua,</span> <span class='ocrx_word' id='word_1_55' title='bbox 745 453 803 494; x_wconf 84' lang='lat' dir='ltr'>mi</span> <span class='ocrx_word' id='word_1_56' title='bbox 825 447 982 503; x_wconf 80' lang='lat' dir='ltr'>Tiberi,</span> <span class='ocrx_word' id='word_1_57' title='bbox 1016 451 1098 492; x_wconf 80' lang='lat' dir='ltr'>noli</span> <span class='ocrx_word' id='word_1_58' title='bbox 1119 451 1163 490; x_wconf 87' lang='lat' dir='ltr'>in</span> <span class='ocrx_word' id='word_1_59' title='bbox 1191 445 1263 490; x_wconf 87' lang='lat' dir='ltr'>hac</span> <span class='ocrx_word' id='word_1_60' title='bbox 1280 462 1321 489; x_wconf 89' lang='lat' dir='ltr'>re</span> <span class='ocrx_word' id='word_1_61' title='bbox 1345 447 1570 508; x_wconf 76' lang='lat' dir='ltr'>indulgere,</span> <span class='ocrx_word' id='word_1_62' title='bbox 1606 456 1668 491; x_wconf 60' lang='grc' dir='ltr'>(φ’</span> <span class='ocrx_word' id='word_1_63' title='bbox 1698 448 1864 490; x_wconf 83' lang='lat' dir='ltr'>nimium</span> <span class='ocrx_word' id='word_1_64' title='bbox 1890 442 2092 505; x_wconf 80' lang='lat' dir='ltr'>indignari</span> <span class='ocrx_word' id='word_1_65' title='bbox 2120 459 2255 503; x_wconf 80' lang='lat' dir='ltr'>quem-</span> 
     </span>
     <span class='ocr_line' id='line_1_9' title="bbox 162 502 2253 576; baseline -0.003 -19"><span class='ocrx_word' id='word_1_66' title='bbox 162 529 281 573; x_wconf 80' lang='lat' dir='ltr'>quam</span> <span class='ocrx_word' id='word_1_67' title='bbox 308 516 371 573; x_wconf 58' lang='lat' dir='ltr'>effi?</span> <span class='ocrx_word' id='word_1_68' title='bbox 385 548 397 568; x_wconf 92' lang='lat'>‚</span> <span class='ocrx_word' id='word_1_69' title='bbox 431 518 498 576; x_wconf 80' lang='lat' dir='ltr'>qai</span> <span class='ocrx_word' id='word_1_70' title='bbox 519 515 570 560; x_wconf 76' lang='lat' dir='ltr'>de</span> <span class='ocrx_word' id='word_1_71' title='bbox 593 531 654 559; x_wconf 90' lang='lat' dir='ltr'>me</span> <span class='ocrx_word' id='word_1_72' title='bbox 673 516 777 558; x_wconf 84' lang='lat' dir='ltr'>male</span> <span class='ocrx_word' id='word_1_73' title='bbox 797 516 984 575; x_wconf 72' lang='lat' dir='ltr'>loquatur.</span> <span class='ocrx_word' id='word_1_74' title='bbox 1052 514 1154 555; x_wconf 81' lang='lat' dir='ltr'>Satis</span> <span class='ocrx_word' id='word_1_75' title='bbox 1174 509 1224 569; x_wconf 81' lang='lat' dir='ltr'>est</span> <span class='ocrx_word' id='word_1_76' title='bbox 1248 512 1351 553; x_wconf 83' lang='lat' dir='ltr'>enim</span> <span class='ocrx_word' id='word_1_77' title='bbox 1373 544 1385 563; x_wconf 91' lang='lat'>‚</span> <span class='ocrx_word' id='word_1_78' title='bbox 1422 511 1460 568; x_wconf 81' lang='lat' dir='ltr'><em>fi</em></span> <span class='ocrx_word' id='word_1_79' title='bbox 1488 508 1555 552; x_wconf 88' lang='lat' dir='ltr'>hoc</span> <span class='ocrx_word' id='word_1_80' title='bbox 1579 507 1784 563; x_wconf 83' lang='lat' dir='ltr'>habemas,</span> <span class='ocrx_word' id='word_1_81' title='bbox 1818 526 1865 553; x_wconf 82' lang='lat' dir='ltr'>ne</span> <span class='ocrx_word' id='word_1_82' title='bbox 1900 523 1986 568; x_wconf 81' lang='lat' dir='ltr'>qais</span> <span class='ocrx_word' id='word_1_83' title='bbox 2017 502 2125 548; x_wconf 83' lang='lat' dir='ltr'>nobis</span> <span class='ocrx_word' id='word_1_84' title='bbox 2145 508 2253 550; x_wconf 84' lang='lat' dir='ltr'>male</span> 
     </span>
    </p>
   </div>
   <div class='ocr_carea' id='block_1_6' title="bbox 153 577 428 650">
    <p class='ocr_par' dir='ltr' id='par_1_6' title="bbox 153 577 428 650">
     <span class='ocr_line' id='line_1_10' title="bbox 153 577 428 650; baseline 0.015 -13"><span class='ocrx_word' id='word_1_85' title='bbox 153 577 291 649; x_wconf 54' lang='lat' dir='ltr'>facere</span> <span class='ocrx_word' id='word_1_86' title='bbox 304 577 428 650; x_wconf 58' lang='lat' dir='ltr'>pqffit-</span> 
     </span>
    </p>
   </div>
   <div class='ocr_carea' id='block_1_7' title="bbox 163 637 1524 701">
    <p class='ocr_par' dir='ltr' id='par_1_7' title="bbox 163 637 1524 701">
     <span class='ocr_line' id='line_1_11' title="bbox 163 637 1524 701; baseline -0.004 -17"><span class='ocrx_word' id='word_1_87' title='bbox 163 655 405 701; x_wconf 71' lang='lat' dir='ltr'>provmcia,</span> <span class='ocrx_word' id='word_1_88' title='bbox 439 639 515 685; x_wconf 82' lang='lat' dir='ltr'>nili</span> <span class='ocrx_word' id='word_1_89' title='bbox 528 641 743 685; x_wconf 88' lang='lat' dir='ltr'>communi</span> <span class='ocrx_word' id='word_1_90' title='bbox 770 639 843 684; x_wconf 86' lang='lat' dir='ltr'>suo</span> <span class='ocrx_word' id='word_1_91' title='bbox 866 641 1099 700; x_wconf 86' lang='lat' dir='ltr'>Romaeque</span> <span class='ocrx_word' id='word_1_92' title='bbox 1123 637 1298 681; x_wconf 84' lang='lat' dir='ltr'>nomine</span> <span class='ocrx_word' id='word_1_93' title='bbox 1327 637 1482 696; x_wconf 87' lang='lat' dir='ltr'>recepit</span> <span class='ocrx_word' id='word_1_94' title='bbox 1514 652 1524 679; x_wconf 87' lang='lat'>:</span> 
     </span>
    </p>
   </div>
   <div class='ocr_carea' id='block_1_8' title="bbox 155 773 1176 1171">
    <p class='ocr_par' dir='ltr' id='par_1_8' title="bbox 155 773 1176 1171">
     <span class='ocr_line' id='line_1_12' title="bbox 163 773 1174 824; baseline -0.003 -13"><span class='ocrx_word' id='word_1_95' title='bbox 163 775 220 811; x_wconf 82' lang='lat' dir='ltr'>illo</span> <span class='ocrx_word' id='word_1_96' title='bbox 239 775 326 813; x_wconf 82' lang='lat' dir='ltr'>male</span> <span class='ocrx_word' id='word_1_97' title='bbox 343 775 535 823; x_wconf 70' lang='lat' dir='ltr'>existimant</span> <span class='ocrx_word' id='word_1_98' title='bbox 552 773 605 817; x_wconf 69' lang='lat'>&amp;³</span> <span class='ocrx_word' id='word_1_99' title='bbox 625 774 766 821; x_wconf 80' lang='lat' dir='ltr'>impune.</span> <span class='ocrx_word' id='word_1_100' title='bbox 805 778 847 810; x_wconf 89' lang='lat' dir='ltr'>In</span> <span class='ocrx_word' id='word_1_101' title='bbox 865 774 1005 824; x_wconf 82' lang='lat' dir='ltr'>epistola</span> <span class='ocrx_word' id='word_1_102' title='bbox 1021 786 1109 811; x_wconf 75' lang='lat' dir='ltr'>vai</span> <span class='ocrx_word' id='word_1_103' title='bbox 1123 787 1133 809; x_wconf 75' lang='grc' dir='ltr'>ι</span> <span class='ocrx_word' id='word_1_104' title='bbox 1147 787 1174 809; x_wconf 91' lang='lat'>1.</span> 
     </span>
     <span class='ocr_line' id='line_1_13' title="bbox 161 823 1176 874; baseline -0.003 -13"><span class='ocrx_word' id='word_1_105' title='bbox 161 826 249 862; x_wconf 80' lang='lat' dir='ltr'>clare</span> <span class='ocrx_word' id='word_1_106' title='bbox 266 826 356 874; x_wconf 79' lang='lat' dir='ltr'>loqui</span> <span class='ocrx_word' id='word_1_107' title='bbox 376 830 413 862; x_wconf 88' lang='lat'>&amp;</span> <span class='ocrx_word' id='word_1_108' title='bbox 434 824 624 871; x_wconf 69' lang='lat' dir='ltr'>existimare</span> <span class='ocrx_word' id='word_1_109' title='bbox 648 836 711 874; x_wconf 88' lang='lat' dir='ltr'>pro</span> <span class='ocrx_word' id='word_1_110' title='bbox 737 823 865 860; x_wconf 88' lang='lat' dir='ltr'>eodem</span> <span class='ocrx_word' id='word_1_111' title='bbox 881 835 1061 874; x_wconf 87' lang='lat' dir='ltr'>ponuntur.</span> <span class='ocrx_word' id='word_1_112' title='bbox 1088 823 1176 860; x_wconf 84' lang='lat' dir='ltr'>&amp;in</span> 
     </span>
     <span class='ocr_line' id='line_1_14' title="bbox 159 872 1175 924; baseline -0.002 -13"><span class='ocrx_word' id='word_1_113' title='bbox 159 874 232 911; x_wconf 88' lang='lat' dir='ltr'>fine</span> <span class='ocrx_word' id='word_1_114' title='bbox 260 875 353 923; x_wconf 90' lang='lat' dir='ltr'>epist.</span> <span class='ocrx_word' id='word_1_115' title='bbox 375 888 474 912; x_wconf 84' lang='lat' dir='ltr'>cv11.</span> <span class='ocrx_word' id='word_1_116' title='bbox 500 875 735 924; x_wconf 83' lang='lat' dir='ltr'>Hieronymus</span> <span class='ocrx_word' id='word_1_117' title='bbox 765 885 884 910; x_wconf 86' lang='lat' dir='ltr'>contra</span> <span class='ocrx_word' id='word_1_118' title='bbox 912 872 1175 911; x_wconf 84' lang='lat' dir='ltr'>Luciferianos:</span> 
     </span>
     <span class='ocr_line' id='line_1_15' title="bbox 158 921 1173 972; baseline -0.001 -14"><span class='ocrx_word' id='word_1_119' title='bbox 158 928 261 971; x_wconf 79' lang='lat' dir='ltr'>Cogor</span> <span class='ocrx_word' id='word_1_120' title='bbox 271 926 311 960; x_wconf 85' lang='lat' dir='ltr'>de</span> <span class='ocrx_word' id='word_1_121' title='bbox 321 925 414 960; x_wconf 84' lang='lat' dir='ltr'>beato</span> <span class='ocrx_word' id='word_1_122' title='bbox 425 924 577 969; x_wconf 77' lang='lat' dir='ltr'>Lucifero</span> <span class='ocrx_word' id='word_1_123' title='bbox 589 924 683 972; x_wconf 66' lang='lat' dir='ltr'>ficus</span> <span class='ocrx_word' id='word_1_124' title='bbox 698 924 999 972; x_wconf 73' lang='lat' dir='ltr'>quicquam‚qaam</span> <span class='ocrx_word' id='word_1_125' title='bbox 1011 921 1063 965; x_wconf 54' lang='grc' dir='ltr'>Εἴ</span> <span class='ocrx_word' id='word_1_126' title='bbox 1074 922 1173 970; x_wconf 72' lang='lat' dir='ltr'>ipfim</span> 
     </span>
     <span class='ocr_line' id='line_1_16' title="bbox 156 971 1175 1021; baseline 0 -13"><span class='ocrx_word' id='word_1_127' title='bbox 156 975 317 1010; x_wconf 77' lang='lat' dir='ltr'>meritum</span> <span class='ocrx_word' id='word_1_128' title='bbox 326 972 378 1016; x_wconf 52' lang='grc' dir='ltr'>Εἴ</span> <span class='ocrx_word' id='word_1_129' title='bbox 388 986 462 1010; x_wconf 83' lang='lat' dir='ltr'>mea</span> <span class='ocrx_word' id='word_1_130' title='bbox 472 974 670 1009; x_wconf 66' lang='lat' dir='ltr'>hamanitas</span> <span class='ocrx_word' id='word_1_131' title='bbox 682 971 806 1021; x_wconf 81' lang='lat' dir='ltr'>poscit,</span> <span class='ocrx_word' id='word_1_132' title='bbox 831 974 1029 1020; x_wconf 81' lang='lat' dir='ltr'>existimare.</span> <span class='ocrx_word' id='word_1_133' title='bbox 1060 972 1094 1008; x_wconf 88' lang='lat' dir='ltr'>id</span> <span class='ocrx_word' id='word_1_134' title='bbox 1105 971 1152 1008; x_wconf 92' lang='lat' dir='ltr'>est</span> <span class='ocrx_word' id='word_1_135' title='bbox 1164 1000 1175 1015; x_wconf 92' lang='lat'>,</span> 
     </span>
     <span class='ocr_line' id='line_1_17' title="bbox 157 1022 1175 1074; baseline -0.001 -16"><span class='ocrx_word' id='word_1_136' title='bbox 157 1023 259 1072; x_wconf 87' lang='lat' dir='ltr'>loqui.</span> <span class='ocrx_word' id='word_1_137' title='bbox 272 1023 416 1074; x_wconf 86' lang='lat' dir='ltr'>sequitur</span> <span class='ocrx_word' id='word_1_138' title='bbox 433 1024 527 1059; x_wconf 87' lang='lat' dir='ltr'>enim</span> <span class='ocrx_word' id='word_1_139' title='bbox 547 1038 557 1060; x_wconf 76' lang='grc' dir='ltr'><strong><em>ε</em></strong></span> <span class='ocrx_word' id='word_1_140' title='bbox 588 1023 684 1072; x_wconf 73' lang='lat' dir='ltr'>Qid</span> <span class='ocrx_word' id='word_1_141' title='bbox 692 1023 851 1069; x_wconf 85' lang='lat' dir='ltr'>faciam?</span> <span class='ocrx_word' id='word_1_142' title='bbox 869 1023 1000 1059; x_wconf 74' lang='lat' dir='ltr'>veritas</span> <span class='ocrx_word' id='word_1_143' title='bbox 1010 1037 1041 1058; x_wconf 84' lang='lat' dir='ltr'>os</span> <span class='ocrx_word' id='word_1_144' title='bbox 1051 1022 1175 1070; x_wconf 83' lang='lat' dir='ltr'>reserat</span> 
     </span>
     <span class='ocr_line' id='line_1_18' title="bbox 155 1072 1173 1123; baseline 0 -15"><span class='ocrx_word' id='word_1_145' title='bbox 155 1072 208 1114; x_wconf 51' lang='grc' dir='ltr'>Εἴ</span> <span class='ocrx_word' id='word_1_146' title='bbox 226 1074 379 1111; x_wconf 75' lang='lat' dir='ltr'>invitam</span> <span class='ocrx_word' id='word_1_147' title='bbox 396 1073 547 1122; x_wconf 79' lang='lat' dir='ltr'>linguam</span> <span class='ocrx_word' id='word_1_148' title='bbox 582 1072 742 1122; x_wconf 81' lang='lat' dir='ltr'>conscium</span> <span class='ocrx_word' id='word_1_149' title='bbox 760 1073 809 1110; x_wconf 85' lang='lat' dir='ltr'>ad</span> <span class='ocrx_word' id='word_1_150' title='bbox 826 1072 1045 1123; x_wconf 75' lang='lat' dir='ltr'>eloquendam</span> <span class='ocrx_word' id='word_1_151' title='bbox 1054 1074 1173 1122; x_wconf 64' lang='lat' dir='ltr'>pefflm</span> 
     </span>
     <span class='ocr_line' id='line_1_19' title="bbox 157 1122 308 1171; baseline 0.02 -13"><span class='ocrx_word' id='word_1_152' title='bbox 157 1122 308 1171; x_wconf 82' lang='lat' dir='ltr'><em>impellit.</em></span> 
     </span>
    </p>
   </div>
   <div class='ocr_carea' id='block_1_9' title="bbox 476 1209 844 1243">
    <p class='ocr_par' dir='ltr' id='par_1_9' title="bbox 476 1209 844 1243">
     <span class='ocr_line' id='line_1_20' title="bbox 476 1209 844 1243; baseline 0 0"><span class='ocrx_word' id='word_1_153' title='bbox 476 1209 844 1243; x_wconf 64' lang='lat' dir='ltr'>Tonnnur.</span> 
     </span>
    </p>
   </div>
   <div class='ocr_carea' id='block_1_10' title="bbox 151 1273 1176 2525">
    <p class='ocr_par' dir='ltr' id='par_1_10' title="bbox 154 1273 1174 1465">
     <span class='ocr_line' id='line_1_21' title="bbox 211 1273 1173 1325; baseline -0.001 -15"><span class='ocrx_word' id='word_1_154' title='bbox 211 1273 327 1311; x_wconf 82' lang='lat' dir='ltr'>Sedulo</span> <span class='ocrx_word' id='word_1_155' title='bbox 344 1275 563 1325; x_wconf 77' lang='lat' dir='ltr'>violentias.]</span> <span class='ocrx_word' id='word_1_156' title='bbox 618 1275 801 1312; x_wconf 82' lang='lat' dir='ltr'>Turnebus</span> <span class='ocrx_word' id='word_1_157' title='bbox 831 1273 956 1310; x_wconf 75' lang='lat' dir='ltr'>lentim</span> <span class='ocrx_word' id='word_1_158' title='bbox 976 1273 1081 1322; x_wconf 73' lang='lat' dir='ltr'>legit,</span> <span class='ocrx_word' id='word_1_159' title='bbox 1106 1287 1173 1324; x_wconf 82' lang='lat' dir='ltr'>ego</span> 
     </span>
     <span class='ocr_line' id='line_1_22' title="bbox 154 1324 1174 1376; baseline 0.001 -16"><span class='ocrx_word' id='word_1_160' title='bbox 154 1335 336 1376; x_wconf 81' lang='lat' dir='ltr'>utrumque</span> <span class='ocrx_word' id='word_1_161' title='bbox 353 1327 574 1373; x_wconf 59' lang='lat' dir='ltr'>reficiendum</span> <span class='ocrx_word' id='word_1_162' title='bbox 585 1325 718 1363; x_wconf 87' lang='lat' dir='ltr'>censeo.</span> <span class='ocrx_word' id='word_1_163' title='bbox 748 1326 781 1362; x_wconf 90' lang='lat' dir='ltr'>Si</span> <span class='ocrx_word' id='word_1_164' title='bbox 800 1324 925 1360; x_wconf 76' lang='lat' dir='ltr'>lentius</span> <span class='ocrx_word' id='word_1_165' title='bbox 936 1325 1059 1361; x_wconf 86' lang='lat' dir='ltr'>retines</span> <span class='ocrx_word' id='word_1_166' title='bbox 1070 1353 1082 1367; x_wconf 85' lang='lat'><em>‚</em></span> <span class='ocrx_word' id='word_1_167' title='bbox 1111 1338 1174 1374; x_wconf 88' lang='lat' dir='ltr'>pro</span> 
     </span>
     <span class='ocr_line' id='line_1_23' title="bbox 158 1374 1173 1428; baseline 0.001 -18"><span class='ocrx_word' id='word_1_168' title='bbox 158 1377 356 1423; x_wconf 79' lang='lat' dir='ltr'>pertinacius</span> <span class='ocrx_word' id='word_1_169' title='bbox 380 1378 609 1428; x_wconf 83' lang='lat' dir='ltr'>interpreteris</span> <span class='ocrx_word' id='word_1_170' title='bbox 627 1376 714 1413; x_wconf 81' lang='lat' dir='ltr'>licet.</span> <span class='ocrx_word' id='word_1_171' title='bbox 762 1378 900 1412; x_wconf 89' lang='lat' dir='ltr'>Sueton.</span> <span class='ocrx_word' id='word_1_172' title='bbox 925 1374 1007 1410; x_wconf 92' lang='lat' dir='ltr'>Tib.</span> <span class='ocrx_word' id='word_1_173' title='bbox 1022 1375 1115 1423; x_wconf 71' lang='lat' dir='ltr'>sava</span> <span class='ocrx_word' id='word_1_174' title='bbox 1133 1387 1173 1411; x_wconf 75' lang='lat' dir='ltr'>ac</span> 
     </span>
     <span class='ocr_line' id='line_1_24' title="bbox 157 1425 408 1465; baseline 0.02 -6"><span class='ocrx_word' id='word_1_175' title='bbox 157 1425 251 1460; x_wconf 80' lang='lat' dir='ltr'>lenta</span> <span class='ocrx_word' id='word_1_176' title='bbox 269 1437 408 1465; x_wconf 82' lang='lat' dir='ltr'>natura.</span> 
     </span>
    </p>

    <p class='ocr_par' dir='ltr' id='par_1_11' title="bbox 157 1472 1174 1575">
     <span class='ocr_line' id='line_1_25' title="bbox 219 1472 1174 1526; baseline 0.002 -16"><span class='ocrx_word' id='word_1_177' title='bbox 219 1477 398 1519; x_wconf 42' lang='lat' dir='ltr'>52‘Etiam</span> <span class='ocrx_word' id='word_1_178' title='bbox 408 1476 651 1525; x_wconf 81' lang='lat' dir='ltr'>proconsulibus</span> <span class='ocrx_word' id='word_1_179' title='bbox 668 1476 798 1512; x_wconf 84' lang='lat' dir='ltr'>decerni</span> <span class='ocrx_word' id='word_1_180' title='bbox 807 1472 949 1522; x_wconf 62' lang='lat' dir='ltr'>fidere]</span> <span class='ocrx_word' id='word_1_181' title='bbox 976 1478 1018 1512; x_wconf 90' lang='lat' dir='ltr'>In</span> <span class='ocrx_word' id='word_1_182' title='bbox 1037 1475 1174 1526; x_wconf 86' lang='lat' dir='ltr'>optimo</span> 
     </span>
     <span class='ocr_line' id='line_1_26' title="bbox 157 1523 959 1575; baseline 0.002 -16"><span class='ocrx_word' id='word_1_183' title='bbox 157 1523 234 1560; x_wconf 89' lang='lat' dir='ltr'>cod.</span> <span class='ocrx_word' id='word_1_184' title='bbox 249 1523 454 1563; x_wconf 81' lang='lat' dir='ltr'>desideratur</span> <span class='ocrx_word' id='word_1_185' title='bbox 469 1526 618 1564; x_wconf 86' lang='lat' dir='ltr'>verbum</span> <span class='ocrx_word' id='word_1_186' title='bbox 624 1526 749 1575; x_wconf 77' lang='lat' dir='ltr'>solere,</span> <span class='ocrx_word' id='word_1_187' title='bbox 777 1538 841 1561; x_wconf 89' lang='lat' dir='ltr'>nec</span> <span class='ocrx_word' id='word_1_188' title='bbox 856 1524 959 1561; x_wconf 84' lang='lat' dir='ltr'>male.</span> 
     </span>
    </p>

    <p class='ocr_par' dir='ltr' id='par_1_12' title="bbox 151 1573 1176 2525">
     <span class='ocr_line' id='line_1_27' title="bbox 211 1573 1174 1625; baseline 0.004 -18"><span class='ocrx_word' id='word_1_189' title='bbox 211 1576 392 1611; x_wconf 81' lang='lat' dir='ltr'>Communi</span> <span class='ocrx_word' id='word_1_190' title='bbox 402 1576 463 1624; x_wconf 84' lang='lat' dir='ltr'>suo</span> <span class='ocrx_word' id='word_1_191' title='bbox 475 1582 638 1625; x_wconf 56' lang='lat' dir='ltr'>Romaque</span> <span class='ocrx_word' id='word_1_192' title='bbox 647 1576 811 1622; x_wconf 62' lang='lat' dir='ltr'>nomina]</span> <span class='ocrx_word' id='word_1_193' title='bbox 827 1576 918 1611; x_wconf 86' lang='lat' dir='ltr'>Hinc</span> <span class='ocrx_word' id='word_1_194' title='bbox 930 1573 1174 1611; x_wconf 83' lang='lat' dir='ltr'>numismatum</span> 
     </span>
     <span class='ocr_line' id='line_1_28' title="bbox 156 1622 1175 1675; baseline 0.001 -17"><span class='ocrx_word' id='word_1_195' title='bbox 156 1622 342 1672; x_wconf 81' lang='lat' dir='ltr'>inscriptio,</span> <span class='ocrx_word' id='word_1_196' title='bbox 373 1639 467 1664; x_wconf 68' lang='lat' dir='ltr'>nou.</span> <span class='ocrx_word' id='word_1_197' title='bbox 494 1637 555 1662; x_wconf 73' lang='lat' dir='ltr'>ET.</span> <span class='ocrx_word' id='word_1_198' title='bbox 584 1637 673 1663; x_wconf 78' lang='lat' dir='ltr'>AUG.</span> <span class='ocrx_word' id='word_1_199' title='bbox 692 1637 910 1662; x_wconf 82' lang='lat' dir='ltr'>marmorum</span> <span class='ocrx_word' id='word_1_200' title='bbox 926 1638 1085 1675; x_wconf 86' lang='lat' dir='ltr'>quoque,</span> <span class='ocrx_word' id='word_1_201' title='bbox 1116 1638 1175 1660; x_wconf 76' lang='lat' dir='ltr'>SA-</span> 
     </span>
     <span class='ocr_line' id='line_1_29' title="bbox 157 1673 1176 1724; baseline 0.005 -18"><span class='ocrx_word' id='word_1_202' title='bbox 157 1683 306 1708; x_wconf 82' lang='lat' dir='ltr'>CERDOS</span> <span class='ocrx_word' id='word_1_203' title='bbox 333 1687 427 1711; x_wconf 63' lang='lat' dir='ltr'>nou.</span> <span class='ocrx_word' id='word_1_204' title='bbox 452 1687 514 1712; x_wconf 63' lang='grc' dir='ltr'>ΞΤ.</span> <span class='ocrx_word' id='word_1_205' title='bbox 536 1688 625 1712; x_wconf 74' lang='lat' dir='ltr'>Aue.</span> <span class='ocrx_word' id='word_1_206' title='bbox 683 1675 748 1711; x_wconf 90' lang='lat' dir='ltr'>Sed</span> <span class='ocrx_word' id='word_1_207' title='bbox 768 1678 805 1712; x_wconf 79' lang='grc' dir='ltr'>δ(</span> <span class='ocrx_word' id='word_1_208' title='bbox 831 1674 923 1724; x_wconf 84' lang='lat' dir='ltr'>apud</span> <span class='ocrx_word' id='word_1_209' title='bbox 948 1678 1024 1712; x_wconf 73' lang='lat' dir='ltr'>Sex·</span> <span class='ocrx_word' id='word_1_210' title='bbox 1044 1673 1176 1711; x_wconf 88' lang='lat' dir='ltr'>Rufum</span> 
     </span>
     <span class='ocr_line' id='line_1_30' title="bbox 157 1721 1169 1775; baseline 0.005 -19"><span class='ocrx_word' id='word_1_211' title='bbox 157 1721 325 1771; x_wconf 88' lang='lat' dir='ltr'>templum</span> <span class='ocrx_word' id='word_1_212' title='bbox 335 1727 463 1760; x_wconf 85' lang='lat' dir='ltr'>Romae</span> <span class='ocrx_word' id='word_1_213' title='bbox 475 1725 661 1775; x_wconf 77' lang='lat' dir='ltr'>&amp;Augusti</span> <span class='ocrx_word' id='word_1_214' title='bbox 676 1726 816 1774; x_wconf 81' lang='lat' dir='ltr'>regione</span> <span class='ocrx_word' id='word_1_215' title='bbox 835 1725 1071 1775; x_wconf 84' lang='lat' dir='ltr'>templiPacis.</span> <span class='ocrx_word' id='word_1_216' title='bbox 1101 1726 1169 1761; x_wconf 88' lang='lat' dir='ltr'>Au-</span> 
     </span>
     <span class='ocr_line' id='line_1_31' title="bbox 155 1770 1175 1825; baseline 0.006 -19"><span class='ocrx_word' id='word_1_217' title='bbox 155 1770 333 1819; x_wconf 82' lang='lat' dir='ltr'>gustivero</span> <span class='ocrx_word' id='word_1_218' title='bbox 343 1772 441 1810; x_wconf 87' lang='lat' dir='ltr'>solius</span> <span class='ocrx_word' id='word_1_219' title='bbox 456 1773 544 1823; x_wconf 89' lang='lat' dir='ltr'>apud</span> <span class='ocrx_word' id='word_1_220' title='bbox 554 1775 704 1811; x_wconf 89' lang='lat' dir='ltr'>eundem</span> <span class='ocrx_word' id='word_1_221' title='bbox 719 1777 861 1825; x_wconf 76' lang='lat' dir='ltr'>regione</span> <span class='ocrx_word' id='word_1_222' title='bbox 878 1775 942 1811; x_wconf 86' lang='lat' dir='ltr'>fori</span> <span class='ocrx_word' id='word_1_223' title='bbox 951 1778 1060 1812; x_wconf 85' lang='lat' dir='ltr'>Rom.</span> <span class='ocrx_word' id='word_1_224' title='bbox 1080 1777 1175 1821; x_wconf 84' lang='lat' dir='ltr'>cujus</span> 
     </span>
     <span class='ocr_line' id='line_1_32' title="bbox 154 1821 1171 1874; baseline 0.006 -18"><span class='ocrx_word' id='word_1_225' title='bbox 154 1824 193 1857; x_wconf 74' lang='grc' dir='ltr'>δε</span> <span class='ocrx_word' id='word_1_226' title='bbox 204 1821 288 1859; x_wconf 88' lang='lat' dir='ltr'>Plin.</span> <span class='ocrx_word' id='word_1_227' title='bbox 299 1825 462 1860; x_wconf 85' lang='lat' dir='ltr'>meminit</span> <span class='ocrx_word' id='word_1_228' title='bbox 477 1824 534 1860; x_wconf 87' lang='lat' dir='ltr'>lib.</span> <span class='ocrx_word' id='word_1_229' title='bbox 544 1838 644 1862; x_wconf 82' lang='lat' dir='ltr'>xxxv.</span> <span class='ocrx_word' id='word_1_230' title='bbox 657 1837 729 1874; x_wconf 83' lang='lat' dir='ltr'>cap.</span> <span class='ocrx_word' id='word_1_231' title='bbox 750 1838 800 1863; x_wconf 79' lang='lat' dir='ltr'>iv.</span> <span class='ocrx_word' id='word_1_232' title='bbox 832 1827 867 1861; x_wconf 91' lang='lat' dir='ltr'>in</span> <span class='ocrx_word' id='word_1_233' title='bbox 880 1823 962 1862; x_wconf 84' lang='lat' dir='ltr'>fine.</span> <span class='ocrx_word' id='word_1_234' title='bbox 1002 1825 1104 1862; x_wconf 90' lang='lat' dir='ltr'>Idem</span> <span class='ocrx_word' id='word_1_235' title='bbox 1115 1825 1171 1862; x_wconf 90' lang='lat' dir='ltr'>lib.</span> 
     </span>
     <span class='ocr_line' id='line_1_33' title="bbox 154 1874 1175 1924; baseline 0.006 -19"><span class='ocrx_word' id='word_1_236' title='bbox 154 1883 410 1922; x_wconf 83' lang='lat' dir='ltr'>x11.cap.x1x.</span> <span class='ocrx_word' id='word_1_237' title='bbox 458 1880 498 1909; x_wconf 87' lang='lat' dir='ltr'>In</span> <span class='ocrx_word' id='word_1_238' title='bbox 508 1874 635 1922; x_wconf 74' lang='lat' dir='ltr'>palatii</span> <span class='ocrx_word' id='word_1_239' title='bbox 667 1874 828 1924; x_wconf 80' lang='lat' dir='ltr'>(inquit)</span> <span class='ocrx_word' id='word_1_240' title='bbox 857 1875 996 1923; x_wconf 81' lang='lat' dir='ltr'>templo,</span> <span class='ocrx_word' id='word_1_241' title='bbox 1026 1876 1114 1924; x_wconf 76' lang='lat' dir='ltr'>quod</span> <span class='ocrx_word' id='word_1_242' title='bbox 1121 1876 1175 1921; x_wconf 89' lang='lat' dir='ltr'>fe-</span> 
     </span>
     <span class='ocr_line' id='line_1_34' title="bbox 154 1922 1174 1973; baseline 0.007 -18"><span class='ocrx_word' id='word_1_243' title='bbox 154 1931 245 1956; x_wconf 86' lang='lat' dir='ltr'>cerat</span> <span class='ocrx_word' id='word_1_244' title='bbox 255 1922 349 1958; x_wconf 76' lang='lat' dir='ltr'>Divo</span> <span class='ocrx_word' id='word_1_245' title='bbox 361 1924 508 1971; x_wconf 80' lang='lat' dir='ltr'>Augusto</span> <span class='ocrx_word' id='word_1_246' title='bbox 526 1926 646 1973; x_wconf 77' lang='lat' dir='ltr'>conjux</span> <span class='ocrx_word' id='word_1_247' title='bbox 654 1924 821 1973; x_wconf 77' lang='lat' dir='ltr'>Augusta.</span> <span class='ocrx_word' id='word_1_248' title='bbox 840 1924 1174 1962; x_wconf 83' lang='lat' dir='ltr'>Exstat&amp;Antonini</span> 
     </span>
     <span class='ocr_line' id='line_1_35' title="bbox 152 1971 1173 2025; baseline 0.006 -19"><span class='ocrx_word' id='word_1_249' title='bbox 152 1971 201 2006; x_wconf 87' lang='lat' dir='ltr'>Pii</span> <span class='ocrx_word' id='word_1_250' title='bbox 216 1972 305 2021; x_wconf 88' lang='lat' dir='ltr'>apud</span> <span class='ocrx_word' id='word_1_251' title='bbox 322 1986 383 2010; x_wconf 88' lang='lat' dir='ltr'>me</span> <span class='ocrx_word' id='word_1_252' title='bbox 401 1987 567 2011; x_wconf 86' lang='lat' dir='ltr'>nummus</span> <span class='ocrx_word' id='word_1_253' title='bbox 581 1988 661 2011; x_wconf 90' lang='lat' dir='ltr'>cum</span> <span class='ocrx_word' id='word_1_254' title='bbox 683 1974 816 2025; x_wconf 88' lang='lat' dir='ltr'>templo</span> <span class='ocrx_word' id='word_1_255' title='bbox 828 2003 839 2017; x_wconf 93' lang='lat'>,</span> <span class='ocrx_word' id='word_1_256' title='bbox 865 1986 965 2025; x_wconf 86' lang='lat' dir='ltr'>atque</span> <span class='ocrx_word' id='word_1_257' title='bbox 985 1976 1173 2024; x_wconf 83' lang='lat' dir='ltr'>inscriptio-</span> 
     </span>
     <span class='ocr_line' id='line_1_36' title="bbox 151 2024 1173 2073; baseline 0.006 -17"><span class='ocrx_word' id='word_1_258' title='bbox 151 2034 217 2064; x_wconf 84' lang='lat' dir='ltr'>ne,</span> <span class='ocrx_word' id='word_1_259' title='bbox 248 2033 428 2060; x_wconf 74' lang='lat' dir='ltr'>TEMPLuM</span> <span class='ocrx_word' id='word_1_260' title='bbox 451 2036 527 2062; x_wconf 82' lang='lat' dir='ltr'>mv.</span> <span class='ocrx_word' id='word_1_261' title='bbox 549 2036 634 2061; x_wconf 75' lang='lat' dir='ltr'>Auo.</span> <span class='ocrx_word' id='word_1_262' title='bbox 655 2036 765 2062; x_wconf 67' lang='lat' dir='ltr'>nest.</span> <span class='ocrx_word' id='word_1_263' title='bbox 803 2024 836 2060; x_wconf 88' lang='lat' dir='ltr'>id</span> <span class='ocrx_word' id='word_1_264' title='bbox 854 2024 921 2067; x_wconf 89' lang='lat' dir='ltr'>est,</span> <span class='ocrx_word' id='word_1_265' title='bbox 947 2025 1103 2073; x_wconf 75' lang='lat' dir='ltr'>Augusto</span> <span class='ocrx_word' id='word_1_266' title='bbox 1122 2039 1173 2062; x_wconf 89' lang='lat' dir='ltr'>re-</span> 
     </span>
     <span class='ocr_line' id='line_1_37' title="bbox 152 2071 1172 2125; baseline 0.007 -19"><span class='ocrx_word' id='word_1_267' title='bbox 152 2071 261 2109; x_wconf 83' lang='lat' dir='ltr'>stituit.</span> <span class='ocrx_word' id='word_1_268' title='bbox 291 2074 451 2117; x_wconf 86' lang='lat' dir='ltr'>Omitto,</span> <span class='ocrx_word' id='word_1_269' title='bbox 474 2087 549 2124; x_wconf 82' lang='lat' dir='ltr'>quae</span> <span class='ocrx_word' id='word_1_270' title='bbox 565 2076 599 2110; x_wconf 85' lang='lat' dir='ltr'>in</span> <span class='ocrx_word' id='word_1_271' title='bbox 622 2074 804 2124; x_wconf 87' lang='lat' dir='ltr'>provinciis</span> <span class='ocrx_word' id='word_1_272' title='bbox 819 2103 831 2117; x_wconf 92' lang='lat'>,</span> <span class='ocrx_word' id='word_1_273' title='bbox 858 2077 895 2110; x_wconf 73' lang='grc' dir='ltr'>ὃ(</span> <span class='ocrx_word' id='word_1_274' title='bbox 914 2075 1121 2125; x_wconf 77' lang='lat' dir='ltr'>peculiariter</span> <span class='ocrx_word' id='word_1_275' title='bbox 1137 2078 1172 2113; x_wconf 88' lang='lat' dir='ltr'>in</span> 
     </span>
     <span class='ocr_line' id='line_1_38' title="bbox 152 2120 1170 2174; baseline 0.005 -16"><span class='ocrx_word' id='word_1_276' title='bbox 152 2120 233 2158; x_wconf 80' lang='lat' dir='ltr'>Asia</span> <span class='ocrx_word' id='word_1_277' title='bbox 249 2125 430 2172; x_wconf 79' lang='lat' dir='ltr'>Pergami,</span> <span class='ocrx_word' id='word_1_278' title='bbox 461 2125 497 2161; x_wconf 91' lang='lat' dir='ltr'>in</span> <span class='ocrx_word' id='word_1_279' title='bbox 516 2125 670 2174; x_wconf 74' lang='lat' dir='ltr'>Bithynia</span> <span class='ocrx_word' id='word_1_280' title='bbox 681 2124 926 2168; x_wconf 69' lang='lat' dir='ltr'>Nicomediae,</span> <span class='ocrx_word' id='word_1_281' title='bbox 957 2126 1104 2169; x_wconf 79' lang='lat' dir='ltr'>viventi,</span> <span class='ocrx_word' id='word_1_282' title='bbox 1134 2130 1170 2163; x_wconf 73' lang='grc' dir='ltr'>ὃ(</span> 
     </span>
     <span class='ocr_line' id='line_1_39' title="bbox 153 2171 1169 2218; baseline 0.005 -11"><span class='ocrx_word' id='word_1_283' title='bbox 153 2171 376 2210; x_wconf 84' lang='lat' dir='ltr'>consentienti</span> <span class='ocrx_word' id='word_1_284' title='bbox 392 2176 518 2218; x_wconf 85' lang='lat' dir='ltr'>etiam,</span> <span class='ocrx_word' id='word_1_285' title='bbox 549 2187 585 2211; x_wconf 87' lang='lat' dir='ltr'>ut</span> <span class='ocrx_word' id='word_1_286' title='bbox 597 2174 696 2211; x_wconf 83' lang='lat' dir='ltr'>tradit</span> <span class='ocrx_word' id='word_1_287' title='bbox 719 2175 815 2210; x_wconf 89' lang='lat' dir='ltr'>Dion</span> <span class='ocrx_word' id='word_1_288' title='bbox 834 2174 891 2211; x_wconf 89' lang='lat' dir='ltr'>lib.</span> <span class='ocrx_word' id='word_1_289' title='bbox 911 2187 967 2212; x_wconf 64' lang='grc' dir='ltr'>[ι.</span> <span class='ocrx_word' id='word_1_290' title='bbox 1004 2176 1169 2213; x_wconf 62' lang='lat' dir='ltr'>exsti-ueta</span> 
     </span>
     <span class='ocr_line' id='line_1_40' title="bbox 154 2219 1172 2277; baseline 0.007 -20"><span class='ocrx_word' id='word_1_291' title='bbox 154 2219 268 2265; x_wconf 89' lang='lat' dir='ltr'>fuere,</span> <span class='ocrx_word' id='word_1_292' title='bbox 294 2236 441 2272; x_wconf 86' lang='lat' dir='ltr'>quorum</span> <span class='ocrx_word' id='word_1_293' title='bbox 468 2227 681 2261; x_wconf 79' lang='lat' dir='ltr'>memoriam</span> <span class='ocrx_word' id='word_1_294' title='bbox 700 2225 837 2261; x_wconf 87' lang='lat' dir='ltr'>nummi</span> <span class='ocrx_word' id='word_1_295' title='bbox 855 2224 999 2263; x_wconf 83' lang='lat' dir='ltr'>servant.</span> <span class='ocrx_word' id='word_1_296' title='bbox 1030 2227 1172 2277; x_wconf 81' lang='lat' dir='ltr'>Templi</span> 
     </span>
     <span class='ocr_line' id='line_1_41' title="bbox 152 2272 1167 2323; baseline 0.009 -17"><span class='ocrx_word' id='word_1_297' title='bbox 152 2272 245 2319; x_wconf 85' lang='lat' dir='ltr'>quod</span> <span class='ocrx_word' id='word_1_298' title='bbox 256 2273 357 2310; x_wconf 85' lang='lat' dir='ltr'>Nolae</span> <span class='ocrx_word' id='word_1_299' title='bbox 374 2274 437 2323; x_wconf 81' lang='lat' dir='ltr'>ipfi</span> <span class='ocrx_word' id='word_1_300' title='bbox 457 2274 624 2312; x_wconf 82' lang='lat' dir='ltr'>dedicavit</span> <span class='ocrx_word' id='word_1_301' title='bbox 633 2274 791 2311; x_wconf 85' lang='lat' dir='ltr'>Tiberius</span> <span class='ocrx_word' id='word_1_302' title='bbox 809 2303 820 2317; x_wconf 87' lang='lat'><em>‚</em></span> <span class='ocrx_word' id='word_1_303' title='bbox 846 2277 1008 2312; x_wconf 85' lang='lat' dir='ltr'>meminit</span> <span class='ocrx_word' id='word_1_304' title='bbox 1028 2280 1167 2315; x_wconf 86' lang='lat' dir='ltr'>Sueton.</span> 
     </span>
     <span class='ocr_line' id='line_1_42' title="bbox 156 2321 1169 2376; baseline 0.008 -20"><span class='ocrx_word' id='word_1_305' title='bbox 156 2321 235 2358; x_wconf 86' lang='lat' dir='ltr'>Tib.</span> <span class='ocrx_word' id='word_1_306' title='bbox 248 2334 323 2371; x_wconf 87' lang='lat' dir='ltr'>cap.</span> <span class='ocrx_word' id='word_1_307' title='bbox 335 2336 390 2361; x_wconf 77' lang='lat' dir='ltr'>xL.</span> <span class='ocrx_word' id='word_1_308' title='bbox 401 2325 556 2362; x_wconf 87' lang='lat' dir='ltr'>Alterum</span> <span class='ocrx_word' id='word_1_309' title='bbox 566 2330 765 2361; x_wconf 80' lang='lat' dir='ltr'>Tarracone</span> <span class='ocrx_word' id='word_1_310' title='bbox 777 2325 970 2362; x_wconf 76' lang='lat' dir='ltr'>Hadrianus</span> <span class='ocrx_word' id='word_1_311' title='bbox 979 2326 1169 2376; x_wconf 72' lang='lat' dir='ltr'>collapsum</span> 
     </span>
     <span class='ocr_line' id='line_1_43' title="bbox 156 2371 1170 2422; baseline 0.008 -17"><span class='ocrx_word' id='word_1_312' title='bbox 156 2371 303 2409; x_wconf 81' lang='lat' dir='ltr'>restituit.</span> <span class='ocrx_word' id='word_1_313' title='bbox 333 2375 438 2422; x_wconf 77' lang='lat' dir='ltr'>Qod</span> <span class='ocrx_word' id='word_1_314' title='bbox 452 2389 531 2412; x_wconf 89' lang='lat' dir='ltr'>curn</span> <span class='ocrx_word' id='word_1_315' title='bbox 542 2375 649 2412; x_wconf 84' lang='lat' dir='ltr'>rursus</span> <span class='ocrx_word' id='word_1_316' title='bbox 662 2375 695 2411; x_wconf 89' lang='lat' dir='ltr'>se</span> <span class='ocrx_word' id='word_1_317' title='bbox 711 2375 879 2412; x_wconf 87' lang='lat' dir='ltr'>restituere</span> <span class='ocrx_word' id='word_1_318' title='bbox 893 2374 1007 2413; x_wconf 84' lang='lat' dir='ltr'>miffus</span> <span class='ocrx_word' id='word_1_319' title='bbox 1017 2390 1095 2413; x_wconf 84' lang='lat' dir='ltr'>ante</span> <span class='ocrx_word' id='word_1_320' title='bbox 1105 2378 1170 2414; x_wconf 87' lang='lat' dir='ltr'>im-</span> 
     </span>
     <span class='ocr_line' id='line_1_44' title="bbox 156 2422 1169 2476; baseline 0.009 -21"><span class='ocrx_word' id='word_1_321' title='bbox 156 2422 288 2469; x_wconf 66' lang='lat' dir='ltr'>peri-:im</span> <span class='ocrx_word' id='word_1_322' title='bbox 304 2422 340 2458; x_wconf 89' lang='lat' dir='ltr'>in</span> <span class='ocrx_word' id='word_1_323' title='bbox 361 2425 558 2474; x_wconf 79' lang='lat' dir='ltr'>Hispaniam</span> <span class='ocrx_word' id='word_1_324' title='bbox 581 2430 721 2463; x_wconf 81' lang='lat' dir='ltr'>Severus</span> <span class='ocrx_word' id='word_1_325' title='bbox 740 2424 936 2463; x_wconf 79' lang='lat' dir='ltr'>somniasset</span> <span class='ocrx_word' id='word_1_326' title='bbox 953 2455 964 2469; x_wconf 95' lang='lat'><em>‚</em></span> <span class='ocrx_word' id='word_1_327' title='bbox 1000 2440 1062 2476; x_wconf 77' lang='lat' dir='ltr'>pro</span> <span class='ocrx_word' id='word_1_328' title='bbox 1081 2427 1169 2464; x_wconf 80' lang='lat' dir='ltr'>felici</span> 
     </span>
     <span class='ocr_line' id='line_1_45' title="bbox 153 2472 1169 2525; baseline 0.01 -20"><span class='ocrx_word' id='word_1_329' title='bbox 153 2472 295 2520; x_wconf 71' lang='lat' dir='ltr'>augurio</span> <span class='ocrx_word' id='word_1_330' title='bbox 316 2472 468 2511; x_wconf 86' lang='lat' dir='ltr'>habitum</span> <span class='ocrx_word' id='word_1_331' title='bbox 477 2474 548 2512; x_wconf 83' lang='lat' dir='ltr'>fuit.</span> <span class='ocrx_word' id='word_1_332' title='bbox 576 2476 876 2525; x_wconf 68' lang='lat' dir='ltr'>A11&amp;orSpai&#39;nan.</span> <span class='ocrx_word' id='word_1_333' title='bbox 896 2479 953 2512; x_wconf 90' lang='lat' dir='ltr'>De</span> <span class='ocrx_word' id='word_1_334' title='bbox 963 2476 1075 2515; x_wconf 86' lang='lat' dir='ltr'>statuis</span> <span class='ocrx_word' id='word_1_335' title='bbox 1085 2492 1169 2515; x_wconf 85' lang='lat' dir='ltr'>vero</span> 
     </span>
    </p>
   </div>
   <div class='ocr_carea' id='block_1_11' title="bbox 499 569 2253 638">
    <p class='ocr_par' dir='ltr' id='par_1_13' title="bbox 499 569 2253 638">
     <span class='ocr_line' id='line_1_46' title="bbox 499 569 2253 638; baseline -0.003 -17"><span class='ocrx_word' id='word_1_336' title='bbox 499 578 680 638; x_wconf 84' lang='lat' dir='ltr'>Templa</span> <span class='ocrx_word' id='word_1_337' title='bbox 701 578 890 638; x_wconf 85' lang='lat' dir='ltr'>quamvis</span> <span class='ocrx_word' id='word_1_338' title='bbox 913 575 1032 620; x_wconf 88' lang='lat' dir='ltr'>sciret</span> <span class='ocrx_word' id='word_1_339' title='bbox 1054 576 1177 619; x_wconf 78' lang='lat' dir='ltr'>etiam</span> <span class='ocrx_word' id='word_1_340' title='bbox 1191 569 1506 632; x_wconf 84' lang='lat' dir='ltr'>proconsulibus</span> <span class='ocrx_word' id='word_1_341' title='bbox 1527 571 1693 616; x_wconf 89' lang='lat' dir='ltr'>decerni</span> <span class='ocrx_word' id='word_1_342' title='bbox 1716 570 1844 617; x_wconf 88' lang='lat' dir='ltr'>solere</span> <span class='ocrx_word' id='word_1_343' title='bbox 1877 606 1890 626; x_wconf 94' lang='lat'>,</span> <span class='ocrx_word' id='word_1_344' title='bbox 1926 570 1971 613; x_wconf 88' lang='lat' dir='ltr'>in</span> <span class='ocrx_word' id='word_1_345' title='bbox 1986 569 2097 613; x_wconf 85' lang='lat' dir='ltr'>nulla</span> <span class='ocrx_word' id='word_1_346' title='bbox 2112 581 2253 615; x_wconf 89' lang='lat' dir='ltr'>tamen</span> 
     </span>
    </p>
   </div>
   <div class='ocr_carea' id='block_1_12' title="bbox 1561 632 2253 742">
    <p class='ocr_par' dir='ltr' id='par_1_14' title="bbox 1561 632 2253 742">
     <span class='ocr_line' id='line_1_47' title="bbox 1561 632 2253 698; baseline -0.001 -19"><span class='ocrx_word' id='word_1_347' title='bbox 1561 651 1656 680; x_wconf 90' lang='lat' dir='ltr'>nam</span> <span class='ocrx_word' id='word_1_348' title='bbox 1678 637 1721 679; x_wconf 88' lang='lat' dir='ltr'>in</span> <span class='ocrx_word' id='word_1_349' title='bbox 1747 635 1849 681; x_wconf 84' lang='lat' dir='ltr'>urbe</span> <span class='ocrx_word' id='word_1_350' title='bbox 1874 632 2046 698; x_wconf 87' lang='lat' dir='ltr'>quidem</span> <span class='ocrx_word' id='word_1_351' title='bbox 2069 633 2253 694; x_wconf 84' lang='lat' dir='ltr'>pertina-</span> 
     </span>
     <span class='ocr_line' id='line_1_48' title="bbox 2089 694 2249 742; baseline 0.013 -2"><span class='ocrx_word' id='word_1_352' title='bbox 2089 694 2249 742; x_wconf 82' lang='lat' dir='ltr'>cissime</span> 
     </span>
    </p>
   </div>
   <div class='ocr_carea' id='block_1_13' title="bbox 1216 768 2251 2527">
    <p class='ocr_par' dir='ltr' id='par_1_15' title="bbox 1218 768 2251 915">
     <span class='ocr_line' id='line_1_49' title="bbox 1229 768 2251 818; baseline 0.005 -16"><span class='ocrx_word' id='word_1_353' title='bbox 1229 770 1342 805; x_wconf 75' lang='lat' dir='ltr'>omnia</span> <span class='ocrx_word' id='word_1_354' title='bbox 1351 768 1457 816; x_wconf 82' lang='lat' dir='ltr'>scire,</span> <span class='ocrx_word' id='word_1_355' title='bbox 1488 769 1605 816; x_wconf 73' lang='lat' dir='ltr'>necesse</span> <span class='ocrx_word' id='word_1_356' title='bbox 1623 768 1723 805; x_wconf 82' lang='lat' dir='ltr'>habet</span> <span class='ocrx_word' id='word_1_357' title='bbox 1743 768 1854 805; x_wconf 76' lang='lat' dir='ltr'>multa</span> <span class='ocrx_word' id='word_1_358' title='bbox 1870 770 2038 818; x_wconf 81' lang='lat' dir='ltr'>ignoscere.</span> <span class='ocrx_word' id='word_1_359' title='bbox 2071 768 2251 807; x_wconf 82' lang='lat' dir='ltr'>Caffiodo-</span> 
     </span>
     <span class='ocr_line' id='line_1_50' title="bbox 1228 818 2247 869; baseline 0.002 -15"><span class='ocrx_word' id='word_1_360' title='bbox 1228 831 1282 854; x_wconf 89' lang='lat' dir='ltr'>rus</span> <span class='ocrx_word' id='word_1_361' title='bbox 1300 820 1335 855; x_wconf 87' lang='lat' dir='ltr'>in</span> <span class='ocrx_word' id='word_1_362' title='bbox 1354 819 1521 856; x_wconf 82' lang='lat' dir='ltr'>Formulis</span> <span class='ocrx_word' id='word_1_363' title='bbox 1539 833 1549 856; x_wconf 70' lang='grc' dir='ltr'><strong><em>ι</em></strong></span> <span class='ocrx_word' id='word_1_364' title='bbox 1574 819 1684 855; x_wconf 81' lang='lat' dir='ltr'><em>Nulla</em></span> <span class='ocrx_word' id='word_1_365' title='bbox 1696 818 1831 866; x_wconf 79' lang='lat' dir='ltr'>potestas</span> <span class='ocrx_word' id='word_1_366' title='bbox 1851 821 1892 865; x_wconf 82' lang='lat' dir='ltr'>est</span> <span class='ocrx_word' id='word_1_367' title='bbox 1914 847 1926 861; x_wconf 92' lang='lat'>,</span> <span class='ocrx_word' id='word_1_368' title='bbox 1956 834 2022 869; x_wconf 65' lang='lat' dir='ltr'>qua</span> <span class='ocrx_word' id='word_1_369' title='bbox 2043 820 2247 869; x_wconf 73' lang='lat' dir='ltr'>qualitatem</span> 
     </span>
     <span class='ocr_line' id='line_1_51' title="bbox 1218 867 1971 915; baseline 0.003 -12"><span class='ocrx_word' id='word_1_370' title='bbox 1218 868 1321 912; x_wconf 64' lang='lat' dir='ltr'>fama</span> <span class='ocrx_word' id='word_1_371' title='bbox 1335 869 1394 915; x_wconf 66' lang='lat' dir='ltr'>[aa</span> <span class='ocrx_word' id='word_1_372' title='bbox 1407 870 1448 904; x_wconf 83' lang='lat' dir='ltr'>de</span> <span class='ocrx_word' id='word_1_373' title='bbox 1466 883 1518 904; x_wconf 84' lang='lat' dir='ltr'>ore</span> <span class='ocrx_word' id='word_1_374' title='bbox 1536 868 1711 904; x_wconf 69' lang='lat' dir='ltr'>hominum</span> <span class='ocrx_word' id='word_1_375' title='bbox 1722 867 1811 915; x_wconf 83' lang='lat' dir='ltr'>poffit</span> <span class='ocrx_word' id='word_1_376' title='bbox 1827 869 1971 912; x_wconf 68' lang='lat' dir='ltr'>[acserre.</span> 
     </span>
    </p>

    <p class='ocr_par' dir='ltr' id='par_1_16' title="bbox 1216 917 2248 1357">
     <span class='ocr_line' id='line_1_52' title="bbox 1277 917 2247 966; baseline 0.001 -13"><span class='ocrx_word' id='word_1_377' title='bbox 1277 923 1332 953; x_wconf 89' lang='lat' dir='ltr'>De</span> <span class='ocrx_word' id='word_1_378' title='bbox 1349 919 1466 954; x_wconf 85' lang='lat' dir='ltr'>eadem</span> <span class='ocrx_word' id='word_1_379' title='bbox 1486 931 1521 953; x_wconf 89' lang='lat' dir='ltr'>re</span> <span class='ocrx_word' id='word_1_380' title='bbox 1529 917 1646 964; x_wconf 73' lang='lat' dir='ltr'>sedule</span> <span class='ocrx_word' id='word_1_381' title='bbox 1663 917 1844 953; x_wconf 78' lang='lat' dir='ltr'>vzolemias</span> <span class='ocrx_word' id='word_1_382' title='bbox 1860 919 1948 964; x_wconf 80' lang='lat' dir='ltr'>apud</span> <span class='ocrx_word' id='word_1_383' title='bbox 1959 919 1996 966; x_wconf 74' lang='lat' dir='ltr'>fi&#39;</span> <span class='ocrx_word' id='word_1_384' title='bbox 2006 927 2065 965; x_wconf 78' lang='lat' dir='ltr'>per</span> <span class='ocrx_word' id='word_1_385' title='bbox 2081 918 2247 966; x_wconf 85' lang='lat' dir='ltr'>epzstolam</span> 
     </span>
     <span class='ocr_line' id='line_1_53' title="bbox 1226 967 2248 1018; baseline 0.003 -16"><span class='ocrx_word' id='word_1_386' title='bbox 1226 967 1345 1016; x_wconf 77' lang='lat' dir='ltr'>conq.]</span> <span class='ocrx_word' id='word_1_387' title='bbox 1405 969 1458 1005; x_wconf 88' lang='lat' dir='ltr'>Sic</span> <span class='ocrx_word' id='word_1_388' title='bbox 1475 967 1611 1004; x_wconf 87' lang='lat' dir='ltr'>Viterb.</span> <span class='ocrx_word' id='word_1_389' title='bbox 1634 967 1763 1010; x_wconf 77' lang='lat' dir='ltr'>Lissaei,</span> <span class='ocrx_word' id='word_1_390' title='bbox 1789 970 1827 1003; x_wconf 72' lang='grc' dir='ltr'>δε</span> <span class='ocrx_word' id='word_1_391' title='bbox 1843 968 1953 1015; x_wconf 78' lang='lat' dir='ltr'>prima</span> <span class='ocrx_word' id='word_1_392' title='bbox 1973 969 2096 1010; x_wconf 82' lang='lat' dir='ltr'>editio,</span> <span class='ocrx_word' id='word_1_393' title='bbox 2125 968 2248 1018; x_wconf 86' lang='lat' dir='ltr'>aliique</span> 
     </span>
     <span class='ocr_line' id='line_1_54' title="bbox 1226 1015 2245 1067; baseline 0.001 -14"><span class='ocrx_word' id='word_1_394' title='bbox 1226 1017 1328 1053; x_wconf 84' lang='lat' dir='ltr'>codd.</span> <span class='ocrx_word' id='word_1_395' title='bbox 1335 1018 1451 1065; x_wconf 62' lang='lat' dir='ltr'>fiedulo</span> <span class='ocrx_word' id='word_1_396' title='bbox 1469 1016 1637 1067; x_wconf 74' lang='lat' dir='ltr'>significat</span> <span class='ocrx_word' id='word_1_397' title='bbox 1647 1030 1720 1053; x_wconf 92' lang='lat' dir='ltr'>non</span> <span class='ocrx_word' id='word_1_398' title='bbox 1732 1017 1841 1053; x_wconf 89' lang='lat' dir='ltr'>solum</span> <span class='ocrx_word' id='word_1_399' title='bbox 1858 1015 1928 1052; x_wconf 79' lang='lat' dir='ltr'>sine</span> <span class='ocrx_word' id='word_1_400' title='bbox 1939 1017 2021 1054; x_wconf 87' lang='lat' dir='ltr'>dolo</span> <span class='ocrx_word' id='word_1_401' title='bbox 2032 1046 2044 1060; x_wconf 90' lang='lat'><em>‚</em></span> <span class='ocrx_word' id='word_1_402' title='bbox 2072 1017 2245 1066; x_wconf 75' lang='lat' dir='ltr'>sedetiam</span> 
     </span>
     <span class='ocr_line' id='line_1_55' title="bbox 1226 1066 2247 1118; baseline 0.001 -15"><span class='ocrx_word' id='word_1_403' title='bbox 1226 1066 1355 1104; x_wconf 77' lang='lat' dir='ltr'>assidue</span> <span class='ocrx_word' id='word_1_404' title='bbox 1387 1082 1397 1104; x_wconf 74' lang='grc' dir='ltr'>ε</span> <span class='ocrx_word' id='word_1_405' title='bbox 1426 1069 1470 1104; x_wconf 79' lang='lat' dir='ltr'>ita</span> <span class='ocrx_word' id='word_1_406' title='bbox 1498 1069 1551 1105; x_wconf 88' lang='lat' dir='ltr'>hic</span> <span class='ocrx_word' id='word_1_407' title='bbox 1576 1067 1825 1118; x_wconf 83' lang='lat' dir='ltr'>accipiendum.</span> <span class='ocrx_word' id='word_1_408' title='bbox 1857 1066 1916 1103; x_wconf 79' lang='lat' dir='ltr'>sed</span> <span class='ocrx_word' id='word_1_409' title='bbox 1933 1069 1968 1104; x_wconf 87' lang='lat' dir='ltr'>in</span> <span class='ocrx_word' id='word_1_410' title='bbox 1985 1067 2139 1104; x_wconf 89' lang='lat' dir='ltr'>Turnebi</span> <span class='ocrx_word' id='word_1_411' title='bbox 2154 1068 2247 1104; x_wconf 85' lang='lat' dir='ltr'>libris</span> 
     </span>
     <span class='ocr_line' id='line_1_56' title="bbox 1224 1117 2246 1168; baseline 0.001 -15"><span class='ocrx_word' id='word_1_412' title='bbox 1224 1117 1347 1154; x_wconf 81' lang='lat' dir='ltr'>lentius</span> <span class='ocrx_word' id='word_1_413' title='bbox 1365 1117 1523 1167; x_wconf 88' lang='lat' dir='ltr'>scriptum</span> <span class='ocrx_word' id='word_1_414' title='bbox 1545 1117 1616 1161; x_wconf 85' lang='lat' dir='ltr'>est,</span> <span class='ocrx_word' id='word_1_415' title='bbox 1644 1131 1717 1155; x_wconf 88' lang='lat' dir='ltr'>non</span> <span class='ocrx_word' id='word_1_416' title='bbox 1738 1117 1929 1154; x_wconf 78' lang='lat' dir='ltr'>violentias.</span> <span class='ocrx_word' id='word_1_417' title='bbox 1969 1120 2086 1155; x_wconf 91' lang='lat' dir='ltr'>Petrus</span> <span class='ocrx_word' id='word_1_418' title='bbox 2105 1131 2246 1168; x_wconf 83' lang='lat' dir='ltr'>quoque</span> 
     </span>
     <span class='ocr_line' id='line_1_57' title="bbox 1225 1168 2246 1216; baseline 0 -13"><span class='ocrx_word' id='word_1_419' title='bbox 1225 1168 1379 1205; x_wconf 86' lang='lat' dir='ltr'>Pithoeus</span> <span class='ocrx_word' id='word_1_420' title='bbox 1393 1182 1436 1204; x_wconf 84' lang='lat' dir='ltr'>ex</span> <span class='ocrx_word' id='word_1_421' title='bbox 1456 1168 1515 1205; x_wconf 93' lang='lat' dir='ltr'>suo</span> <span class='ocrx_word' id='word_1_422' title='bbox 1535 1168 1622 1205; x_wconf 88' lang='lat' dir='ltr'>hanc</span> <span class='ocrx_word' id='word_1_423' title='bbox 1646 1168 1833 1205; x_wconf 61' lang='lat' dir='ltr'>leitionem</span> <span class='ocrx_word' id='word_1_424' title='bbox 1851 1179 2033 1205; x_wconf 86' lang='lat' dir='ltr'>annotarat</span> <span class='ocrx_word' id='word_1_425' title='bbox 2042 1168 2158 1216; x_wconf 70' lang='lat' dir='ltr'>fledalo</span> <span class='ocrx_word' id='word_1_426' title='bbox 2176 1168 2246 1204; x_wconf 86' lang='lat' dir='ltr'>len-</span> 
     </span>
     <span class='ocr_line' id='line_1_58' title="bbox 1225 1217 2243 1268; baseline 0.001 -15"><span class='ocrx_word' id='word_1_427' title='bbox 1225 1219 1292 1254; x_wconf 81' lang='lat' dir='ltr'>tius</span> <span class='ocrx_word' id='word_1_428' title='bbox 1301 1247 1313 1262; x_wconf 89' lang='lat'>,</span> <span class='ocrx_word' id='word_1_429' title='bbox 1324 1223 1361 1255; x_wconf 72' lang='grc' dir='ltr'>ὅ(</span> <span class='ocrx_word' id='word_1_430' title='bbox 1371 1220 1609 1264; x_wconf 44' lang='lat' dir='ltr'>conjeram-am</span> <span class='ocrx_word' id='word_1_431' title='bbox 1619 1218 1716 1255; x_wconf 85' lang='lat' dir='ltr'>suam</span> <span class='ocrx_word' id='word_1_432' title='bbox 1725 1218 1896 1264; x_wconf 81' lang='lat' dir='ltr'>adjecerat</span> <span class='ocrx_word' id='word_1_433' title='bbox 1907 1232 1917 1255; x_wconf 75' lang='lat' dir='ltr'>t</span> <span class='ocrx_word' id='word_1_434' title='bbox 1928 1221 2027 1255; x_wconf 84' lang='lat' dir='ltr'>Forte</span> <span class='ocrx_word' id='word_1_435' title='bbox 2041 1217 2243 1268; x_wconf 82' lang='lat' dir='ltr'>legendum,</span> 
     </span>
     <span class='ocr_line' id='line_1_59' title="bbox 1216 1268 2245 1319; baseline 0.004 -16"><span class='ocrx_word' id='word_1_436' title='bbox 1216 1268 1279 1316; x_wconf 76' lang='lat' dir='ltr'>secl</span> <span class='ocrx_word' id='word_1_437' title='bbox 1290 1269 1481 1305; x_wconf 82' lang='lat' dir='ltr'>violentias.</span> <span class='ocrx_word' id='word_1_438' title='bbox 1514 1268 1665 1315; x_wconf 71' lang='grc' dir='ltr'><strong><em>ἐυςόχως</em></strong></span> <span class='ocrx_word' id='word_1_439' title='bbox 1679 1298 1691 1312; x_wconf 86' lang='grc'>,</span> <span class='ocrx_word' id='word_1_440' title='bbox 1717 1268 1913 1319; x_wconf 84' lang='lat' dir='ltr'>prorsusque</span> <span class='ocrx_word' id='word_1_441' title='bbox 1931 1269 2031 1306; x_wconf 84' lang='lat' dir='ltr'>bene.</span> <span class='ocrx_word' id='word_1_442' title='bbox 2074 1270 2127 1306; x_wconf 86' lang='lat' dir='ltr'>Sic</span> <span class='ocrx_word' id='word_1_443' title='bbox 2148 1270 2245 1307; x_wconf 81' lang='lat' dir='ltr'>enim</span> 
     </span>
     <span class='ocr_line' id='line_1_60' title="bbox 1226 1317 1895 1357; baseline 0.003 -3"><span class='ocrx_word' id='word_1_444' title='bbox 1226 1319 1261 1355; x_wconf 91' lang='lat' dir='ltr'>in</span> <span class='ocrx_word' id='word_1_445' title='bbox 1276 1330 1355 1357; x_wconf 89' lang='lat' dir='ltr'>vett.</span> <span class='ocrx_word' id='word_1_446' title='bbox 1369 1319 1452 1357; x_wconf 83' lang='lat' dir='ltr'>libb.</span> <span class='ocrx_word' id='word_1_447' title='bbox 1464 1318 1589 1356; x_wconf 81' lang='lat' dir='ltr'>exstare</span> <span class='ocrx_word' id='word_1_448' title='bbox 1598 1318 1735 1355; x_wconf 88' lang='lat' dir='ltr'>testatur</span> <span class='ocrx_word' id='word_1_449' title='bbox 1744 1317 1895 1356; x_wconf 75' lang='lat' dir='ltr'>Ursinus.</span> 
     </span>
    </p>

    <p class='ocr_par' dir='ltr' id='par_1_17' title="bbox 1224 1367 2248 1772">
     <span class='ocr_line' id='line_1_61' title="bbox 1280 1367 2245 1421; baseline 0.002 -17"><span class='ocrx_word' id='word_1_450' title='bbox 1280 1371 1393 1405; x_wconf 81' lang='lat' dir='ltr'>AEtati</span> <span class='ocrx_word' id='word_1_451' title='bbox 1405 1380 1485 1413; x_wconf 72' lang='lat' dir='ltr'>tae,</span> <span class='ocrx_word' id='word_1_452' title='bbox 1519 1371 1566 1406; x_wconf 81' lang='lat' dir='ltr'>mi</span> <span class='ocrx_word' id='word_1_453' title='bbox 1587 1367 1735 1416; x_wconf 78' lang='lat' dir='ltr'>szeri.]</span> <span class='ocrx_word' id='word_1_454' title='bbox 1760 1368 1866 1416; x_wconf 77' lang='lat' dir='ltr'>Quasi</span> <span class='ocrx_word' id='word_1_455' title='bbox 1883 1368 2008 1407; x_wconf 84' lang='lat' dir='ltr'>saevitia</span> <span class='ocrx_word' id='word_1_456' title='bbox 2027 1383 2105 1421; x_wconf 87' lang='lat' dir='ltr'>quae</span> <span class='ocrx_word' id='word_1_457' title='bbox 2122 1382 2196 1408; x_wconf 89' lang='lat' dir='ltr'>tum</span> <span class='ocrx_word' id='word_1_458' title='bbox 2209 1371 2245 1407; x_wconf 89' lang='lat' dir='ltr'>in</span> 
     </span>
     <span class='ocr_line' id='line_1_62' title="bbox 1226 1417 2242 1470; baseline 0.002 -16"><span class='ocrx_word' id='word_1_459' title='bbox 1226 1418 1370 1456; x_wconf 81' lang='lat' dir='ltr'>Tiberio</span> <span class='ocrx_word' id='word_1_460' title='bbox 1379 1419 1412 1456; x_wconf 91' lang='lat' dir='ltr'>se</span> <span class='ocrx_word' id='word_1_461' title='bbox 1423 1418 1612 1470; x_wconf 86' lang='lat' dir='ltr'>prodebat,</span> <span class='ocrx_word' id='word_1_462' title='bbox 1643 1419 1764 1457; x_wconf 83' lang='lat' dir='ltr'>vitium</span> <span class='ocrx_word' id='word_1_463' title='bbox 1774 1417 1852 1456; x_wconf 79' lang='lat' dir='ltr'>esset</span> <span class='ocrx_word' id='word_1_464' title='bbox 1866 1422 1991 1465; x_wconf 82' lang='lat' dir='ltr'>aetatis,</span> <span class='ocrx_word' id='word_1_465' title='bbox 2011 1435 2084 1458; x_wconf 89' lang='lat' dir='ltr'>non</span> <span class='ocrx_word' id='word_1_466' title='bbox 2100 1433 2242 1464; x_wconf 81' lang='lat' dir='ltr'>naturae,</span> 
     </span>
     <span class='ocr_line' id='line_1_63' title="bbox 1225 1469 2245 1521; baseline 0.002 -17"><span class='ocrx_word' id='word_1_467' title='bbox 1225 1480 1261 1504; x_wconf 92' lang='lat' dir='ltr'>ut</span> <span class='ocrx_word' id='word_1_468' title='bbox 1278 1470 1314 1505; x_wconf 91' lang='lat' dir='ltr'>in</span> <span class='ocrx_word' id='word_1_469' title='bbox 1334 1470 1478 1507; x_wconf 81' lang='lat' dir='ltr'>Claudio</span> <span class='ocrx_word' id='word_1_470' title='bbox 1492 1469 1604 1506; x_wconf 87' lang='lat' dir='ltr'>noster</span> <span class='ocrx_word' id='word_1_471' title='bbox 1618 1470 1674 1506; x_wconf 88' lang='lat' dir='ltr'>ait.</span> <span class='ocrx_word' id='word_1_472' title='bbox 1706 1470 1757 1505; x_wconf 90' lang='lat' dir='ltr'>Ac</span> <span class='ocrx_word' id='word_1_473' title='bbox 1774 1470 1906 1508; x_wconf 83' lang='lat' dir='ltr'>videtur</span> <span class='ocrx_word' id='word_1_474' title='bbox 1930 1471 2097 1521; x_wconf 78' lang='lat' dir='ltr'>Augustus</span> <span class='ocrx_word' id='word_1_475' title='bbox 2115 1471 2245 1508; x_wconf 86' lang='lat' dir='ltr'>faciens</span> 
     </span>
     <span class='ocr_line' id='line_1_64' title="bbox 1225 1518 2248 1569; baseline 0.004 -15"><span class='ocrx_word' id='word_1_476' title='bbox 1225 1518 1269 1555; x_wconf 89' lang='lat' dir='ltr'>de</span> <span class='ocrx_word' id='word_1_477' title='bbox 1280 1519 1312 1555; x_wconf 92' lang='lat' dir='ltr'>se</span> <span class='ocrx_word' id='word_1_478' title='bbox 1323 1522 1583 1567; x_wconf 62' lang='lat' dir='ltr'>conjeituram,</span> <span class='ocrx_word' id='word_1_479' title='bbox 1607 1521 1653 1556; x_wconf 81' lang='lat' dir='ltr'>ita</span> <span class='ocrx_word' id='word_1_480' title='bbox 1670 1519 1827 1569; x_wconf 81' lang='lat' dir='ltr'>opinatus</span> <span class='ocrx_word' id='word_1_481' title='bbox 1846 1520 1889 1557; x_wconf 90' lang='lat' dir='ltr'>de</span> <span class='ocrx_word' id='word_1_482' title='bbox 1903 1521 2047 1558; x_wconf 88' lang='lat' dir='ltr'>Tiberio</span> <span class='ocrx_word' id='word_1_483' title='bbox 2066 1536 2077 1558; x_wconf 72' lang='grc' dir='ltr'><strong><em>ι</em></strong></span> <span class='ocrx_word' id='word_1_484' title='bbox 2094 1520 2191 1564; x_wconf 85' lang='lat' dir='ltr'>fore,</span> <span class='ocrx_word' id='word_1_485' title='bbox 2209 1533 2248 1558; x_wconf 86' lang='lat' dir='ltr'>ut</span> 
     </span>
     <span class='ocr_line' id='line_1_65' title="bbox 1225 1568 2245 1621; baseline 0.002 -16"><span class='ocrx_word' id='word_1_486' title='bbox 1225 1569 1431 1621; x_wconf 81' lang='lat' dir='ltr'>quandoque</span> <span class='ocrx_word' id='word_1_487' title='bbox 1450 1569 1689 1607; x_wconf 83' lang='lat' dir='ltr'>maturesceret</span> <span class='ocrx_word' id='word_1_488' title='bbox 1706 1568 2055 1608; x_wconf 87' lang='lat' dir='ltr'>fimul&amp;mitesceret</span> <span class='ocrx_word' id='word_1_489' title='bbox 2067 1574 2138 1619; x_wconf 80' lang='lat' dir='ltr'>ejus</span> <span class='ocrx_word' id='word_1_490' title='bbox 2148 1573 2245 1621; x_wconf 83' lang='lat' dir='ltr'>inge-</span> 
     </span>
     <span class='ocr_line' id='line_1_66' title="bbox 1224 1619 2243 1672; baseline 0.004 -18"><span class='ocrx_word' id='word_1_491' title='bbox 1224 1620 1333 1656; x_wconf 87' lang='lat' dir='ltr'>nium.</span> <span class='ocrx_word' id='word_1_492' title='bbox 1345 1621 1400 1658; x_wconf 90' lang='lat' dir='ltr'>sed</span> <span class='ocrx_word' id='word_1_493' title='bbox 1411 1633 1517 1672; x_wconf 84' lang='lat' dir='ltr'>quam</span> <span class='ocrx_word' id='word_1_494' title='bbox 1528 1620 1699 1657; x_wconf 79' lang='lat' dir='ltr'>falleretur</span> <span class='ocrx_word' id='word_1_495' title='bbox 1707 1619 1761 1656; x_wconf 88' lang='lat' dir='ltr'>ille</span> <span class='ocrx_word' id='word_1_496' title='bbox 1770 1622 1804 1657; x_wconf 89' lang='lat' dir='ltr'>in</span> <span class='ocrx_word' id='word_1_497' title='bbox 1817 1621 1882 1658; x_wconf 88' lang='lat' dir='ltr'>hoc</span> <span class='ocrx_word' id='word_1_498' title='bbox 1893 1621 1913 1658; x_wconf 85' lang='lat' dir='ltr'>s</span> <span class='ocrx_word' id='word_1_499' title='bbox 1907 1634 1951 1658; x_wconf 89' lang='lat' dir='ltr'>uo</span> <span class='ocrx_word' id='word_1_500' title='bbox 1960 1622 2243 1668; x_wconf 81' lang='lat' dir='ltr'>judici0,eventus</span> 
     </span>
     <span class='ocr_line' id='line_1_67' title="bbox 1224 1669 2241 1710; baseline 0.003 -5"><span class='ocrx_word' id='word_1_501' title='bbox 1224 1669 1370 1708; x_wconf 87' lang='lat' dir='ltr'>demum</span> <span class='ocrx_word' id='word_1_502' title='bbox 1379 1672 1506 1709; x_wconf 88' lang='lat' dir='ltr'>docuit.</span> <span class='ocrx_word' id='word_1_503' title='bbox 1519 1671 1636 1706; x_wconf 83' lang='lat' dir='ltr'>AEtati</span> <span class='ocrx_word' id='word_1_504' title='bbox 1648 1680 1767 1707; x_wconf 81' lang='lat' dir='ltr'>autern</span> <span class='ocrx_word' id='word_1_505' title='bbox 1776 1670 1927 1709; x_wconf 86' lang='lat' dir='ltr'>scribitur</span> <span class='ocrx_word' id='word_1_506' title='bbox 1937 1673 1973 1709; x_wconf 89' lang='lat' dir='ltr'>in</span> <span class='ocrx_word' id='word_1_507' title='bbox 1981 1672 2147 1710; x_wconf 89' lang='lat' dir='ltr'>omnibus</span> <span class='ocrx_word' id='word_1_508' title='bbox 2157 1675 2241 1710; x_wconf 83' lang='lat' dir='ltr'>Mss.</span> 
     </span>
     <span class='ocr_line' id='line_1_68' title="bbox 1225 1721 1969 1772; baseline 0.004 -16"><span class='ocrx_word' id='word_1_509' title='bbox 1225 1733 1296 1757; x_wconf 89' lang='lat' dir='ltr'>uno</span> <span class='ocrx_word' id='word_1_510' title='bbox 1312 1735 1457 1772; x_wconf 86' lang='lat' dir='ltr'>excepto</span> <span class='ocrx_word' id='word_1_511' title='bbox 1473 1725 1507 1758; x_wconf 86' lang='lat' dir='ltr'>F.</span> <span class='ocrx_word' id='word_1_512' title='bbox 1520 1721 1665 1764; x_wconf 77' lang='lat' dir='ltr'>Pitheci,</span> <span class='ocrx_word' id='word_1_513' title='bbox 1691 1722 1750 1757; x_wconf 90' lang='lat' dir='ltr'>ubi</span> <span class='ocrx_word' id='word_1_514' title='bbox 1760 1721 1880 1769; x_wconf 80' lang='lat' dir='ltr'>pietati</span> <span class='ocrx_word' id='word_1_515' title='bbox 1897 1733 1969 1760; x_wconf 77' lang='lat' dir='ltr'>tue.</span> 
     </span>
    </p>

    <p class='ocr_par' dir='ltr' id='par_1_18' title="bbox 1221 1771 2245 2262">
     <span class='ocr_line' id='line_1_69' title="bbox 1285 1771 2245 1821; baseline 0.001 -14"><span class='ocrx_word' id='word_1_516' title='bbox 1285 1785 1336 1816; x_wconf 84' lang='lat'>52.</span> <span class='ocrx_word' id='word_1_517' title='bbox 1353 1772 1489 1821; x_wconf 84' lang='lat' dir='ltr'>Templa</span> <span class='ocrx_word' id='word_1_518' title='bbox 1506 1773 1668 1821; x_wconf 70' lang='lat' dir='ltr'>quamvis</span> <span class='ocrx_word' id='word_1_519' title='bbox 1677 1771 1820 1819; x_wconf 78' lang='lat' dir='ltr'>ftiret.]</span> <span class='ocrx_word' id='word_1_520' title='bbox 1854 1774 1946 1808; x_wconf 90' lang='lat' dir='ltr'>Hinc</span> <span class='ocrx_word' id='word_1_521' title='bbox 1965 1772 2093 1809; x_wconf 83' lang='lat' dir='ltr'>orditur</span> <span class='ocrx_word' id='word_1_522' title='bbox 2111 1772 2154 1809; x_wconf 87' lang='lat' dir='ltr'>de</span> <span class='ocrx_word' id='word_1_523' title='bbox 2165 1773 2245 1810; x_wconf 89' lang='lat' dir='ltr'>civi-</span> 
     </span>
     <span class='ocr_line' id='line_1_70' title="bbox 1222 1819 2244 1873; baseline 0.005 -18"><span class='ocrx_word' id='word_1_524' title='bbox 1222 1819 1311 1857; x_wconf 83' lang='lat' dir='ltr'>litate</span> <span class='ocrx_word' id='word_1_525' title='bbox 1340 1822 1481 1873; x_wconf 77' lang='lat' dir='ltr'>Augusti</span> <span class='ocrx_word' id='word_1_526' title='bbox 1507 1833 1707 1858; x_wconf 84' lang='lat' dir='ltr'>memorare</span> <span class='ocrx_word' id='word_1_527' title='bbox 1738 1836 1749 1858; x_wconf 71' lang='grc' dir='ltr'>ι</span> <span class='ocrx_word' id='word_1_528' title='bbox 1777 1823 1869 1867; x_wconf 81' lang='lat' dir='ltr'>cujus</span> <span class='ocrx_word' id='word_1_529' title='bbox 1885 1823 1951 1859; x_wconf 87' lang='lat' dir='ltr'>hoc</span> <span class='ocrx_word' id='word_1_530' title='bbox 1969 1824 2122 1873; x_wconf 88' lang='lat' dir='ltr'>primum</span> <span class='ocrx_word' id='word_1_531' title='bbox 2135 1822 2244 1860; x_wconf 90' lang='lat' dir='ltr'>docu-</span> 
     </span>
     <span class='ocr_line' id='line_1_71' title="bbox 1222 1871 2241 1923; baseline 0.004 -17"><span class='ocrx_word' id='word_1_532' title='bbox 1222 1883 1382 1909; x_wconf 89' lang='lat' dir='ltr'>mentum</span> <span class='ocrx_word' id='word_1_533' title='bbox 1405 1875 1523 1923; x_wconf 89' lang='lat' dir='ltr'>ponit,</span> <span class='ocrx_word' id='word_1_534' title='bbox 1551 1871 1645 1922; x_wconf 90' lang='lat' dir='ltr'>quod</span> <span class='ocrx_word' id='word_1_535' title='bbox 1669 1871 1820 1908; x_wconf 89' lang='lat' dir='ltr'>honores</span> <span class='ocrx_word' id='word_1_536' title='bbox 1845 1884 1865 1907; x_wconf 87' lang='lat' dir='ltr'>a</span> <span class='ocrx_word' id='word_1_537' title='bbox 1890 1872 2018 1911; x_wconf 90' lang='lat' dir='ltr'>civibus</span> <span class='ocrx_word' id='word_1_538' title='bbox 2053 1872 2116 1909; x_wconf 89' lang='lat' dir='ltr'>suis</span> <span class='ocrx_word' id='word_1_539' title='bbox 2142 1873 2241 1923; x_wconf 77' lang='lat' dir='ltr'>supra</span> 
     </span>
     <span class='ocr_line' id='line_1_72' title="bbox 1223 1920 2243 1972; baseline 0.005 -16"><span class='ocrx_word' id='word_1_540' title='bbox 1223 1920 1414 1960; x_wconf 89' lang='lat' dir='ltr'>humanum</span> <span class='ocrx_word' id='word_1_541' title='bbox 1429 1923 1603 1972; x_wconf 78' lang='lat' dir='ltr'>fastigium</span> <span class='ocrx_word' id='word_1_542' title='bbox 1628 1935 1702 1958; x_wconf 89' lang='lat' dir='ltr'>non</span> <span class='ocrx_word' id='word_1_543' title='bbox 1729 1921 1910 1959; x_wconf 82' lang='lat' dir='ltr'>admiserit.</span> <span class='ocrx_word' id='word_1_544' title='bbox 1940 1922 2018 1960; x_wconf 88' lang='lat' dir='ltr'>dico</span> <span class='ocrx_word' id='word_1_545' title='bbox 2038 1935 2059 1959; x_wconf 80' lang='lat' dir='ltr'>a</span> <span class='ocrx_word' id='word_1_546' title='bbox 2088 1923 2243 1962; x_wconf 88' lang='lat' dir='ltr'>civibus:</span> 
     </span>
     <span class='ocr_line' id='line_1_73' title="bbox 1222 1972 2242 2024; baseline 0.003 -17"><span class='ocrx_word' id='word_1_547' title='bbox 1222 1983 1304 2008; x_wconf 84' lang='lat' dir='ltr'>nam</span> <span class='ocrx_word' id='word_1_548' title='bbox 1323 1973 1418 2023; x_wconf 88' lang='lat' dir='ltr'>quod</span> <span class='ocrx_word' id='word_1_549' title='bbox 1434 1975 1471 2010; x_wconf 89' lang='lat' dir='ltr'>in</span> <span class='ocrx_word' id='word_1_550' title='bbox 1489 1973 1670 2024; x_wconf 83' lang='lat' dir='ltr'>provinciis</span> <span class='ocrx_word' id='word_1_551' title='bbox 1696 1984 1770 2008; x_wconf 80' lang='lat' dir='ltr'>aras</span> <span class='ocrx_word' id='word_1_552' title='bbox 1794 1976 1831 2008; x_wconf 74' lang='grc' dir='ltr'>ὃ(</span> <span class='ocrx_word' id='word_1_553' title='bbox 1860 1972 1990 2023; x_wconf 80' lang='lat' dir='ltr'>templa</span> <span class='ocrx_word' id='word_1_554' title='bbox 2016 1972 2078 2010; x_wconf 80' lang='lat' dir='ltr'>fibi</span> <span class='ocrx_word' id='word_1_555' title='bbox 2098 1975 2180 2023; x_wconf 91' lang='lat' dir='ltr'>poni</span> <span class='ocrx_word' id='word_1_556' title='bbox 2199 1973 2242 2010; x_wconf 72' lang='lat' dir='ltr'>l}-</span> 
     </span>
     <span class='ocr_line' id='line_1_74' title="bbox 1223 2021 2241 2073; baseline 0.003 -15"><span class='ocrx_word' id='word_1_557' title='bbox 1223 2023 1328 2066; x_wconf 79' lang='lat' dir='ltr'>verit,</span> <span class='ocrx_word' id='word_1_558' title='bbox 1354 2037 1425 2061; x_wconf 84' lang='lat' dir='ltr'>non</span> <span class='ocrx_word' id='word_1_559' title='bbox 1459 2023 1586 2073; x_wconf 87' lang='lat' dir='ltr'>putavit</span> <span class='ocrx_word' id='word_1_560' title='bbox 1609 2024 1787 2059; x_wconf 88' lang='lat' dir='ltr'>Suetonius</span> <span class='ocrx_word' id='word_1_561' title='bbox 1818 2022 1852 2059; x_wconf 86' lang='lat' dir='ltr'>id</span> <span class='ocrx_word' id='word_1_562' title='bbox 1878 2021 1943 2060; x_wconf 86' lang='lat' dir='ltr'>effe</span> <span class='ocrx_word' id='word_1_563' title='bbox 1973 2023 2116 2062; x_wconf 86' lang='lat' dir='ltr'>incivile.</span> <span class='ocrx_word' id='word_1_564' title='bbox 2149 2024 2241 2061; x_wconf 83' lang='lat' dir='ltr'>adeo</span> 
     </span>
     <span class='ocr_line' id='line_1_75' title="bbox 1222 2072 2241 2125; baseline 0.005 -18"><span class='ocrx_word' id='word_1_565' title='bbox 1222 2073 1370 2120; x_wconf 69' lang='lat' dir='ltr'>Quirites</span> <span class='ocrx_word' id='word_1_566' title='bbox 1391 2073 1443 2110; x_wconf 85' lang='lat' dir='ltr'>isti</span> <span class='ocrx_word' id='word_1_567' title='bbox 1463 2086 1605 2111; x_wconf 69' lang='lat' dir='ltr'>exteros</span> <span class='ocrx_word' id='word_1_568' title='bbox 1633 2072 1798 2110; x_wconf 84' lang='lat' dir='ltr'>mortales</span> <span class='ocrx_word' id='word_1_569' title='bbox 1817 2086 1861 2109; x_wconf 89' lang='lat' dir='ltr'>ne</span> <span class='ocrx_word' id='word_1_570' title='bbox 1887 2074 2072 2112; x_wconf 87' lang='lat' dir='ltr'>hominum</span> <span class='ocrx_word' id='word_1_571' title='bbox 2098 2074 2241 2125; x_wconf 84' lang='lat' dir='ltr'>quidem</span> 
     </span>
     <span class='ocr_line' id='line_1_76' title="bbox 1223 2121 2240 2174; baseline 0.005 -17"><span class='ocrx_word' id='word_1_572' title='bbox 1223 2121 1301 2158; x_wconf 86' lang='lat' dir='ltr'>loco</span> <span class='ocrx_word' id='word_1_573' title='bbox 1321 2123 1521 2162; x_wconf 84' lang='lat' dir='ltr'>habuerunt.</span> <span class='ocrx_word' id='word_1_574' title='bbox 1579 2124 1702 2160; x_wconf 89' lang='lat' dir='ltr'>Melius</span> <span class='ocrx_word' id='word_1_575' title='bbox 1739 2124 1876 2160; x_wconf 87' lang='lat' dir='ltr'>Tacitus</span> <span class='ocrx_word' id='word_1_576' title='bbox 1895 2153 1908 2169; x_wconf 89' lang='lat'>,</span> <span class='ocrx_word' id='word_1_577' title='bbox 1949 2126 2006 2174; x_wconf 89' lang='lat' dir='ltr'>qui</span> <span class='ocrx_word' id='word_1_578' title='bbox 2036 2125 2240 2174; x_wconf 77' lang='lat' dir='ltr'>generaliter</span> 
     </span>
     <span class='ocr_line' id='line_1_77' title="bbox 1221 2171 2241 2225; baseline 0.004 -18"><span class='ocrx_word' id='word_1_579' title='bbox 1221 2171 1298 2209; x_wconf 83' lang='lat' dir='ltr'>illucl</span> <span class='ocrx_word' id='word_1_580' title='bbox 1321 2175 1355 2210; x_wconf 90' lang='lat' dir='ltr'>in</span> <span class='ocrx_word' id='word_1_581' title='bbox 1385 2175 1539 2225; x_wconf 79' lang='lat' dir='ltr'>Augusto</span> <span class='ocrx_word' id='word_1_582' title='bbox 1564 2174 1745 2225; x_wconf 53' lang='lat' dir='ltr'>culpatum*</span> <span class='ocrx_word' id='word_1_583' title='bbox 1772 2185 1890 2218; x_wconf 81' lang='lat' dir='ltr'>notat,</span> <span class='ocrx_word' id='word_1_584' title='bbox 1919 2176 2007 2224; x_wconf 76' lang='lat' dir='ltr'>qaod</span> <span class='ocrx_word' id='word_1_585' title='bbox 2030 2174 2162 2223; x_wconf 76' lang='lat' dir='ltr'>templis</span> <span class='ocrx_word' id='word_1_586' title='bbox 2180 2175 2241 2213; x_wconf 80' lang='lat' dir='ltr'>coli</span> 
     </span>
     <span class='ocr_line' id='line_1_78' title="bbox 1222 2223 1379 2262; baseline 0.025 -5"><span class='ocrx_word' id='word_1_587' title='bbox 1222 2223 1379 2262; x_wconf 71' lang='lat' dir='ltr'>voluerit.</span> 
     </span>
    </p>

    <p class='ocr_par' dir='ltr' id='par_1_19' title="bbox 1219 2274 2240 2527">
     <span class='ocr_line' id='line_1_79' title="bbox 1275 2274 2240 2324; baseline 0.005 -16"><span class='ocrx_word' id='word_1_588' title='bbox 1275 2275 1523 2324; x_wconf 65' lang='lat' dir='ltr'>Procenfiilibus</span> <span class='ocrx_word' id='word_1_589' title='bbox 1540 2276 1670 2312; x_wconf 83' lang='lat' dir='ltr'>decerni</span> <span class='ocrx_word' id='word_1_590' title='bbox 1683 2274 1826 2323; x_wconf 62' lang='lat' dir='ltr'>fidere]</span> <span class='ocrx_word' id='word_1_591' title='bbox 1857 2274 1977 2312; x_wconf 74' lang='lat' dir='ltr'>Fidem</span> <span class='ocrx_word' id='word_1_592' title='bbox 1996 2275 2113 2314; x_wconf 63' lang='lat' dir='ltr'>fecerit</span> <span class='ocrx_word' id='word_1_593' title='bbox 2129 2276 2183 2316; x_wconf 83' lang='lat' dir='ltr'>vel</span> <span class='ocrx_word' id='word_1_594' title='bbox 2203 2277 2240 2313; x_wconf 90' lang='lat' dir='ltr'>il-</span> 
     </span>
     <span class='ocr_line' id='line_1_80' title="bbox 1221 2321 2239 2377; baseline 0.007 -19"><span class='ocrx_word' id='word_1_595' title='bbox 1221 2321 1276 2360; x_wconf 79' lang='lat' dir='ltr'>iud</span> <span class='ocrx_word' id='word_1_596' title='bbox 1290 2325 1454 2363; x_wconf 80' lang='lat' dir='ltr'>Hadriani</span> <span class='ocrx_word' id='word_1_597' title='bbox 1477 2327 1700 2377; x_wconf 79' lang='lat' dir='ltr'>Imperatoris</span> <span class='ocrx_word' id='word_1_598' title='bbox 1719 2326 1762 2362; x_wconf 90' lang='lat' dir='ltr'>de</span> <span class='ocrx_word' id='word_1_599' title='bbox 1780 2327 1953 2376; x_wconf 74' lang='lat' dir='ltr'>Pompeio</span> <span class='ocrx_word' id='word_1_600' title='bbox 1973 2339 2115 2365; x_wconf 88' lang='lat' dir='ltr'>mortuo</span> <span class='ocrx_word' id='word_1_601' title='bbox 2133 2329 2239 2375; x_wconf 68' lang='lat' dir='ltr'>jasta-</span> 
     </span>
     <span class='ocr_line' id='line_1_81' title="bbox 1219 2375 2237 2425; baseline 0.007 -17"><span class='ocrx_word' id='word_1_602' title='bbox 1219 2385 1314 2411; x_wconf 81' lang='lat' dir='ltr'>tum:</span> <span class='ocrx_word' id='word_1_603' title='bbox 1337 2379 1398 2422; x_wconf 70' lang='grc' dir='ltr'>Τᾴῖ</span> <span class='ocrx_word' id='word_1_604' title='bbox 1412 2380 1500 2418; x_wconf 70' lang='grc' dir='ltr'><strong><em>ναοῖς</em></strong></span> <span class='ocrx_word' id='word_1_605' title='bbox 1517 2378 1662 2425; x_wconf 69' lang='grc' dir='ltr'>βςίθοντι</span> <span class='ocrx_word' id='word_1_606' title='bbox 1681 2376 1773 2416; x_wconf 70' lang='grc' dir='ltr'>πόση</span> <span class='ocrx_word' id='word_1_607' title='bbox 1797 2375 1918 2416; x_wconf 58' lang='lat' dir='ltr'>cot-dvis</span> <span class='ocrx_word' id='word_1_608' title='bbox 1948 2377 2073 2414; x_wconf 68' lang='grc' dir='ltr'><strong><em>ἔπλετο</em></strong></span> <span class='ocrx_word' id='word_1_609' title='bbox 2094 2377 2212 2423; x_wconf 64' lang='grc' dir='ltr'><strong><em>τόμςὲς</em></strong></span> <span class='ocrx_word' id='word_1_610' title='bbox 2229 2381 2237 2415; x_wconf 84' lang='lat'><strong>!</strong></span> 
     </span>
     <span class='ocr_line' id='line_1_82' title="bbox 1219 2425 2234 2478; baseline 0.005 -18"><span class='ocrx_word' id='word_1_611' title='bbox 1219 2425 1298 2467; x_wconf 81' lang='lat' dir='ltr'>Jam</span> <span class='ocrx_word' id='word_1_612' title='bbox 1316 2426 1399 2463; x_wconf 85' lang='lat' dir='ltr'>olim</span> <span class='ocrx_word' id='word_1_613' title='bbox 1419 2428 1603 2464; x_wconf 69' lang='lat' dir='ltr'>invaluerat</span> <span class='ocrx_word' id='word_1_614' title='bbox 1622 2428 1696 2463; x_wconf 76' lang='lat' dir='ltr'>haec</span> <span class='ocrx_word' id='word_1_615' title='bbox 1718 2427 1902 2474; x_wconf 68' lang='grc' dir='ltr'>ἀρέσκεια,</span> <span class='ocrx_word' id='word_1_616' title='bbox 1937 2439 1974 2464; x_wconf 92' lang='lat' dir='ltr'>ut</span> <span class='ocrx_word' id='word_1_617' title='bbox 1990 2440 2095 2466; x_wconf 86' lang='lat' dir='ltr'>vocat</span> <span class='ocrx_word' id='word_1_618' title='bbox 2110 2428 2234 2478; x_wconf 85' lang='lat' dir='ltr'>Polyb.</span> 
     </span>
     <span class='ocr_line' id='line_1_83' title="bbox 1220 2474 2240 2527; baseline 0.006 -17"><span class='ocrx_word' id='word_1_619' title='bbox 1220 2474 1274 2511; x_wconf 79' lang='lat' dir='ltr'>lib.</span> <span class='ocrx_word' id='word_1_620' title='bbox 1286 2489 1319 2513; x_wconf 86' lang='lat' dir='ltr'>v.</span> <span class='ocrx_word' id='word_1_621' title='bbox 1349 2478 1438 2527; x_wconf 81' lang='lat' dir='ltr'>apud</span> <span class='ocrx_word' id='word_1_622' title='bbox 1449 2476 1626 2524; x_wconf 76' lang='lat' dir='ltr'>Asiaticos,</span> <span class='ocrx_word' id='word_1_623' title='bbox 1638 2480 1778 2513; x_wconf 72' lang='lat' dir='ltr'>Graecos</span> <span class='ocrx_word' id='word_1_624' title='bbox 1792 2507 1803 2522; x_wconf 93' lang='lat'>,</span> <span class='ocrx_word' id='word_1_625' title='bbox 1815 2482 1916 2526; x_wconf 78' lang='lat' dir='ltr'>Syros</span> <span class='ocrx_word' id='word_1_626' title='bbox 1925 2507 1937 2522; x_wconf 91' lang='lat'>,</span> <span class='ocrx_word' id='word_1_627' title='bbox 1954 2482 1992 2515; x_wconf 67' lang='grc' dir='ltr'>ὅ(</span> <span class='ocrx_word' id='word_1_628' title='bbox 2003 2479 2086 2516; x_wconf 87' lang='lat' dir='ltr'>alios</span> <span class='ocrx_word' id='word_1_629' title='bbox 2096 2508 2108 2522; x_wconf 90' lang='lat'>,</span> <span class='ocrx_word' id='word_1_630' title='bbox 2127 2480 2240 2516; x_wconf 89' lang='lat' dir='ltr'>hono-</span> 
     </span>
    </p>
   </div>
   <div class='ocr_carea' id='block_1_14' title="bbox 153 2523 2238 2579">
    <p class='ocr_par' dir='ltr' id='par_1_20' title="bbox 153 2523 2238 2579">
     <span class='ocr_line' id='line_1_84' title="bbox 153 2523 2238 2579; baseline 0.005 -24"><span class='ocrx_word' id='word_1_631' title='bbox 153 2523 320 2569; x_wconf 75' lang='lat' dir='ltr'>argenteis</span> <span class='ocrx_word' id='word_1_632' title='bbox 337 2524 390 2560; x_wconf 91' lang='lat' dir='ltr'>Au</span> <span class='ocrx_word' id='word_1_633' title='bbox 392 2524 486 2573; x_wconf 56' lang='lat' dir='ltr'>gusto</span> <span class='ocrx_word' id='word_1_634' title='bbox 506 2524 621 2575; x_wconf 78' lang='lat' dir='ltr'>positis</span> <span class='ocrx_word' id='word_1_635' title='bbox 640 2525 724 2563; x_wconf 84' lang='lat' dir='ltr'>Plin.</span> <span class='ocrx_word' id='word_1_636' title='bbox 743 2526 800 2563; x_wconf 87' lang='lat' dir='ltr'>lib.</span> <span class='ocrx_word' id='word_1_637' title='bbox 821 2538 905 2563; x_wconf 75' lang='lat' dir='ltr'>xxxi</span> <span class='ocrx_word' id='word_1_638' title='bbox 917 2540 970 2564; x_wconf 88' lang='lat'>11.</span> <span class='ocrx_word' id='word_1_639' title='bbox 990 2539 1065 2579; x_wconf 81' lang='lat' dir='ltr'>cap.</span> <span class='ocrx_word' id='word_1_640' title='bbox 1085 2540 1127 2565; x_wconf 76' lang='lat' dir='ltr'>xi</span> <span class='ocrx_word' id='word_1_641' title='bbox 1141 2543 1168 2565; x_wconf 86' lang='lat'>1.</span> <span class='ocrx_word' id='word_1_642' title='bbox 1216 2525 1315 2562; x_wconf 78' lang='lat' dir='ltr'>randi</span> <span class='ocrx_word' id='word_1_643' title='bbox 1333 2528 1394 2567; x_wconf 60' lang='grc' dir='ltr'>τές</span> <span class='ocrx_word' id='word_1_644' title='bbox 1415 2528 1597 2576; x_wconf 67' lang='grc' dir='ltr'>ἐυεξνέτοες</span> <span class='ocrx_word' id='word_1_645' title='bbox 1610 2526 1750 2567; x_wconf 60' lang='grc' dir='ltr'>θυσίαις</span> <span class='ocrx_word' id='word_1_646' title='bbox 1768 2529 1978 2572; x_wconf 63' lang='grc' dir='ltr'>καὶβωμοῗς.</span> <span class='ocrx_word' id='word_1_647' title='bbox 1989 2531 2113 2566; x_wconf 87' lang='lat' dir='ltr'>Cicero</span> <span class='ocrx_word' id='word_1_648' title='bbox 2124 2529 2167 2566; x_wconf 89' lang='lat' dir='ltr'>ad</span> <span class='ocrx_word' id='word_1_649' title='bbox 2178 2530 2238 2565; x_wconf 86' lang='lat' dir='ltr'>At-</span> 
     </span>
    </p>
   </div>
   <div class='ocr_carea' id='block_1_15' title="bbox 153 2573 1010 2916">
    <p class='ocr_par' dir='ltr' id='par_1_21' title="bbox 153 2573 1010 2916">
     <span class='ocr_line' id='line_1_85' title="bbox 153 2573 537 2621; baseline 0.01 -14"><span class='ocrx_word' id='word_1_650' title='bbox 153 2573 279 2608; x_wconf 85' lang='lat' dir='ltr'>Merito</span> <span class='ocrx_word' id='word_1_651' title='bbox 297 2573 396 2621; x_wconf 77' lang='lat' dir='ltr'>igitur</span> <span class='ocrx_word' id='word_1_652' title='bbox 416 2577 537 2611; x_wconf 79' lang='lat' dir='ltr'>Horat.</span> 
     </span>
     <span class='ocr_line' id='line_1_86' title="bbox 266 2624 921 2671; baseline 0.008 -15"><span class='ocrx_word' id='word_1_653' title='bbox 266 2624 357 2658; x_wconf 88' lang='lat' dir='ltr'>Coelo</span> <span class='ocrx_word' id='word_1_654' title='bbox 377 2633 550 2661; x_wconf 76' lang='lat' dir='ltr'>tonantem</span> <span class='ocrx_word' id='word_1_655' title='bbox 571 2625 772 2663; x_wconf 69' lang='lat' dir='ltr'>t‘··edi&lt;.·&#39;.&#39;mscs</span> <span class='ocrx_word' id='word_1_656' title='bbox 792 2625 921 2671; x_wconf 56' lang='lat' dir='ltr'>jovem</span> 
     </span>
     <span class='ocr_line' id='line_1_87' title="bbox 266 2672 912 2723; baseline 0.006 -15"><span class='ocrx_word' id='word_1_657' title='bbox 266 2677 415 2721; x_wconf 76' lang='lat' dir='ltr'>Regnare</span> <span class='ocrx_word' id='word_1_658' title='bbox 427 2703 439 2719; x_wconf 80' lang='lat'>,</span> <span class='ocrx_word' id='word_1_659' title='bbox 463 2676 594 2723; x_wconf 54' lang='lat' dir='ltr'>presens</span> <span class='ocrx_word' id='word_1_660' title='bbox 615 2675 672 2711; x_wconf 58' lang='lat' dir='ltr'>dlx</span> <span class='ocrx_word' id='word_1_661' title='bbox 681 2688 717 2711; x_wconf 82' lang='lat' dir='ltr'>us</span> <span class='ocrx_word' id='word_1_662' title='bbox 735 2672 912 2713; x_wconf 77' lang='lat' dir='ltr'>habebitur</span> 
     </span>
     <span class='ocr_line' id='line_1_88' title="bbox 323 2725 503 2773; baseline 0.017 -14"><span class='ocrx_word' id='word_1_663' title='bbox 323 2725 503 2773; x_wconf 78' lang='lat' dir='ltr'>Augustas.</span> 
     </span>
     <span class='ocr_line' id='line_1_89' title="bbox 154 2772 364 2811; baseline 0.019 -4"><span class='ocrx_word' id='word_1_664' title='bbox 154 2773 191 2807; x_wconf 73' lang='grc' dir='ltr'>δε</span> <span class='ocrx_word' id='word_1_665' title='bbox 211 2772 335 2810; x_wconf 89' lang='lat' dir='ltr'>iterum</span> <span class='ocrx_word' id='word_1_666' title='bbox 355 2789 364 2811; x_wconf 90' lang='lat'><strong>:</strong></span> 
     </span>
     <span class='ocr_line' id='line_1_90' title="bbox 266 2823 1010 2875; baseline 0.007 -16"><span class='ocrx_word' id='word_1_667' title='bbox 266 2823 418 2870; x_wconf 55' lang='lat' dir='ltr'>Pudenti</span> <span class='ocrx_word' id='word_1_668' title='bbox 435 2824 497 2862; x_wconf 79' lang='lat' dir='ltr'>tibi</span> <span class='ocrx_word' id='word_1_669' title='bbox 514 2836 664 2862; x_wconf 72' lang='lat' dir='ltr'>maturos</span> <span class='ocrx_word' id='word_1_670' title='bbox 682 2826 846 2875; x_wconf 71' lang='lat' dir='ltr'>largimur</span> <span class='ocrx_word' id='word_1_671' title='bbox 866 2827 1010 2865; x_wconf 79' lang='lat' dir='ltr'>honores.</span> 
     </span>
     <span class='ocr_line' id='line_1_91' title="bbox 157 2870 592 2916; baseline 0.018 -9"><span class='ocrx_word' id='word_1_672' title='bbox 157 2870 255 2909; x_wconf 87' lang='lat' dir='ltr'>Adde</span> <span class='ocrx_word' id='word_1_673' title='bbox 271 2874 393 2913; x_wconf 81' lang='lat' dir='ltr'>odam</span> <span class='ocrx_word' id='word_1_674' title='bbox 410 2888 442 2916; x_wconf 88' lang='lat' dir='ltr'>v.</span> <span class='ocrx_word' id='word_1_675' title='bbox 464 2875 522 2913; x_wconf 82' lang='lat' dir='ltr'>lib.</span> <span class='ocrx_word' id='word_1_676' title='bbox 542 2891 592 2915; x_wconf 79' lang='lat' dir='ltr'>iv.</span> 
     </span>
    </p>
   </div>
   <div class='ocr_carea' id='block_1_16' title="bbox 461 2958 857 2996">
    <p class='ocr_par' dir='ltr' id='par_1_22' title="bbox 461 2958 857 2996">
     <span class='ocr_line' id='line_1_92' title="bbox 461 2958 857 2996; baseline 0.01 -4"><span class='ocrx_word' id='word_1_677' title='bbox 461 2958 857 2996; x_wconf 71' lang='lat' dir='ltr'>CAsAuBON.</span> 
     </span>
    </p>
   </div>
   <div class='ocr_carea' id='block_1_17' title="bbox 158 3022 1713 3131">
    <p class='ocr_par' dir='ltr' id='par_1_23' title="bbox 158 3022 1713 3131">
     <span class='ocr_line' id='line_1_93' title="bbox 191 3022 1713 3081; baseline 0.009 -23"><span class='ocrx_word' id='word_1_678' title='bbox 191 3026 280 3077; x_wconf 32' lang='lat' dir='ltr'>‘Nec</span> <span class='ocrx_word' id='word_1_679' title='bbox 297 3022 478 3071; x_wconf 79' lang='lat' dir='ltr'>quicquam</span> <span class='ocrx_word' id='word_1_680' title='bbox 496 3025 589 3062; x_wconf 82' lang='lat' dir='ltr'>ultra</span> <span class='ocrx_word' id='word_1_681' title='bbox 605 3037 667 3063; x_wconf 63' lang='lat' dir='ltr'>ara</span> <span class='ocrx_word' id='word_1_682' title='bbox 678 3026 821 3073; x_wconf 78' lang='lat' dir='ltr'>statim,</span> <span class='ocrx_word' id='word_1_683' title='bbox 840 3037 902 3064; x_wconf 78' lang='lat' dir='ltr'>aat</span> <span class='ocrx_word' id='word_1_684' title='bbox 914 3028 1022 3078; x_wconf 82' lang='lat' dir='ltr'>postea</span> <span class='ocrx_word' id='word_1_685' title='bbox 1038 3028 1175 3081; x_wconf 77' lang='lat' dir='ltr'>inqutfi-</span> <span class='ocrx_word' id='word_1_686' title='bbox 1222 3038 1270 3064; x_wconf 78' lang='lat' dir='ltr'>tes</span> <span class='ocrx_word' id='word_1_687' title='bbox 1283 3029 1439 3077; x_wconf 74' lang='lat' dir='ltr'>pecunias</span> <span class='ocrx_word' id='word_1_688' title='bbox 1459 3030 1674 3080; x_wconf 72' lang='lat' dir='ltr'>decrevissent</span> <span class='ocrx_word' id='word_1_689' title='bbox 1703 3047 1713 3066; x_wconf 88' lang='lat'>-·</span> 
     </span>
     <span class='ocr_line' id='line_1_94' title="bbox 158 3071 1470 3131; baseline 0.008 -24"><span class='ocrx_word' id='word_1_690' title='bbox 158 3071 251 3119; x_wconf 60' lang='lat' dir='ltr'>vnn]</span> <span class='ocrx_word' id='word_1_691' title='bbox 282 3074 458 3115; x_wconf 83' lang='lat' dir='ltr'>Domitius</span> <span class='ocrx_word' id='word_1_692' title='bbox 467 3074 548 3114; x_wconf 84' lang='lat' dir='ltr'>Afer</span> <span class='ocrx_word' id='word_1_693' title='bbox 570 3077 657 3125; x_wconf 82' lang='lat' dir='ltr'>olim</span> <span class='ocrx_word' id='word_1_694' title='bbox 673 3090 756 3119; x_wconf 85' lang='lat' dir='ltr'>vere</span> <span class='ocrx_word' id='word_1_695' title='bbox 777 3092 789 3116; x_wconf 68' lang='grc' dir='ltr'><strong><em>ι</em></strong></span> <span class='ocrx_word' id='word_1_696' title='bbox 814 3080 993 3130; x_wconf 71' lang='lat' dir='ltr'>Princeps,</span> <span class='ocrx_word' id='word_1_697' title='bbox 1020 3081 1079 3131; x_wconf 76' lang='lat' dir='ltr'>qui</span> <span class='ocrx_word' id='word_1_698' title='bbox 1097 3079 1177 3120; x_wconf 77' lang='lat' dir='ltr'>vult</span> <span class='ocrx_word' id='word_1_699' title='bbox 1216 3080 1293 3127; x_wconf 70' lang='lat' dir='ltr'>gnis</span> <span class='ocrx_word' id='word_1_700' title='bbox 1313 3079 1442 3125; x_wconf 60' lang='lat' dir='ltr'>merita</span> <span class='ocrx_word' id='word_1_701' title='bbox 1456 3109 1470 3127; x_wconf 85' lang='lat'>,</span> 
     </span>
    </p>
   </div>
   <div class='ocr_carea' id='block_1_18' title="bbox 1209 2576 2243 3183">
    <p class='ocr_par' dir='ltr' id='par_1_24' title="bbox 1209 2576 2242 3182">
     <span class='ocr_line' id='line_1_95' title="bbox 1218 2576 2236 2628; baseline 0.003 -17"><span class='ocrx_word' id='word_1_702' title='bbox 1218 2576 1324 2612; x_wconf 83' lang='lat' dir='ltr'>ticum</span> <span class='ocrx_word' id='word_1_703' title='bbox 1338 2593 1347 2613; x_wconf 91' lang='lat'>:</span> <span class='ocrx_word' id='word_1_704' title='bbox 1371 2579 1483 2614; x_wconf 74' lang='lat' dir='ltr'>Nullos</span> <span class='ocrx_word' id='word_1_705' title='bbox 1500 2577 1633 2613; x_wconf 79' lang='lat' dir='ltr'>honores</span> <span class='ocrx_word' id='word_1_706' title='bbox 1643 2576 1807 2626; x_wconf 43' lang='lat' dir='ltr'>mihi-nist</span> <span class='ocrx_word' id='word_1_707' title='bbox 1817 2578 1996 2615; x_wconf 78' lang='lat' dir='ltr'>verborum</span> <span class='ocrx_word' id='word_1_708' title='bbox 2007 2580 2138 2616; x_wconf 79' lang='lat' dir='ltr'>decerni</span> <span class='ocrx_word' id='word_1_709' title='bbox 2140 2578 2215 2628; x_wconf 83' lang='lat' dir='ltr'>fino</span> <span class='ocrx_word' id='word_1_710' title='bbox 2225 2594 2236 2614; x_wconf 81' lang='lat'>.-</span> 
     </span>
     <span class='ocr_line' id='line_1_96' title="bbox 1209 2625 2239 2678; baseline 0.004 -17"><span class='ocrx_word' id='word_1_711' title='bbox 1209 2625 1345 2672; x_wconf 76' lang='lat' dir='ltr'>stataas</span> <span class='ocrx_word' id='word_1_712' title='bbox 1356 2657 1367 2670; x_wconf 94' lang='lat'><em>‚</em></span> <span class='ocrx_word' id='word_1_713' title='bbox 1376 2628 1470 2673; x_wconf 86' lang='lat' dir='ltr'>fana</span> <span class='ocrx_word' id='word_1_714' title='bbox 1483 2656 1495 2671; x_wconf 90' lang='lat'>,</span> <span class='ocrx_word' id='word_1_715' title='bbox 1512 2627 1688 2676; x_wconf 72' lang='grc' dir='ltr'>τὲθξιππα,</span> <span class='ocrx_word' id='word_1_716' title='bbox 1698 2627 1864 2675; x_wconf 80' lang='lat' dir='ltr'>prohibeo.</span> <span class='ocrx_word' id='word_1_717' title='bbox 1890 2628 1984 2678; x_wconf 90' lang='lat' dir='ltr'>quod</span> <span class='ocrx_word' id='word_1_718' title='bbox 2001 2642 2082 2667; x_wconf 89' lang='lat' dir='ltr'>vere</span> <span class='ocrx_word' id='word_1_719' title='bbox 2092 2644 2155 2666; x_wconf 91' lang='lat' dir='ltr'>nec</span> <span class='ocrx_word' id='word_1_720' title='bbox 2166 2628 2239 2665; x_wconf 83' lang='lat' dir='ltr'>fine</span> 
     </span>
     <span class='ocr_line' id='line_1_97' title="bbox 1218 2675 2240 2728; baseline 0.004 -15"><span class='ocrx_word' id='word_1_721' title='bbox 1218 2675 1370 2713; x_wconf 72' lang='lat' dir='ltr'>cauffi&amp;</span> <span class='ocrx_word' id='word_1_722' title='bbox 1384 2680 1507 2715; x_wconf 88' lang='lat' dir='ltr'>Cicero</span> <span class='ocrx_word' id='word_1_723' title='bbox 1516 2677 1699 2727; x_wconf 78' lang='lat' dir='ltr'>gloriatur,</span> <span class='ocrx_word' id='word_1_724' title='bbox 1730 2682 1767 2714; x_wconf 67' lang='grc' dir='ltr'>δε</span> <span class='ocrx_word' id='word_1_725' title='bbox 1782 2679 1817 2714; x_wconf 88' lang='lat' dir='ltr'>in</span> <span class='ocrx_word' id='word_1_726' title='bbox 1840 2680 1992 2728; x_wconf 77' lang='lat' dir='ltr'>Augusto</span> <span class='ocrx_word' id='word_1_727' title='bbox 2009 2679 2062 2716; x_wconf 85' lang='lat' dir='ltr'>hic</span> <span class='ocrx_word' id='word_1_728' title='bbox 2080 2692 2101 2716; x_wconf 81' lang='lat' dir='ltr'>a</span> <span class='ocrx_word' id='word_1_729' title='bbox 2122 2684 2240 2717; x_wconf 88' lang='lat' dir='ltr'>Sueto-</span> 
     </span>
     <span class='ocr_line' id='line_1_98' title="bbox 1219 2726 2240 2777; baseline 0.005 -15"><span class='ocrx_word' id='word_1_730' title='bbox 1219 2728 1278 2763; x_wconf 89' lang='lat' dir='ltr'>nio</span> <span class='ocrx_word' id='word_1_731' title='bbox 1296 2726 1449 2765; x_wconf 76' lang='lat' dir='ltr'>laudatur</span> <span class='ocrx_word' id='word_1_732' title='bbox 1480 2743 1490 2765; x_wconf 69' lang='grc' dir='ltr'>ς</span> <span class='ocrx_word' id='word_1_733' title='bbox 1519 2741 1603 2765; x_wconf 83' lang='lat' dir='ltr'>nam</span> <span class='ocrx_word' id='word_1_734' title='bbox 1619 2729 1749 2777; x_wconf 83' lang='lat' dir='ltr'>legibus</span> <span class='ocrx_word' id='word_1_735' title='bbox 1759 2732 2007 2766; x_wconf 75' lang='lat' dir='ltr'>Romanorum</span> <span class='ocrx_word' id='word_1_736' title='bbox 2017 2742 2155 2767; x_wconf 85' lang='lat' dir='ltr'>cautum</span> <span class='ocrx_word' id='word_1_737' title='bbox 2167 2741 2240 2767; x_wconf 84' lang='lat' dir='ltr'>erat</span> 
     </span>
     <span class='ocr_line' id='line_1_99' title="bbox 1221 2776 2241 2832; baseline 0.005 -19"><span class='ocrx_word' id='word_1_738' title='bbox 1221 2776 1360 2821; x_wconf 84' lang='lat' dir='ltr'>diserte,</span> <span class='ocrx_word' id='word_1_739' title='bbox 1400 2790 1435 2814; x_wconf 89' lang='lat' dir='ltr'>ut</span> <span class='ocrx_word' id='word_1_740' title='bbox 1462 2778 1716 2829; x_wconf 87' lang='lat' dir='ltr'>proconsulibus</span> <span class='ocrx_word' id='word_1_741' title='bbox 1739 2781 1790 2825; x_wconf 72' lang='lat' dir='ltr'>jus</span> <span class='ocrx_word' id='word_1_742' title='bbox 1815 2777 1894 2815; x_wconf 77' lang='lat' dir='ltr'>effet</span> <span class='ocrx_word' id='word_1_743' title='bbox 1933 2780 2152 2831; x_wconf 83' lang='lat' dir='ltr'>permittendi</span> <span class='ocrx_word' id='word_1_744' title='bbox 2169 2793 2241 2832; x_wconf 89' lang='lat' dir='ltr'>quo</span> 
     </span>
     <span class='ocr_line' id='line_1_100' title="bbox 1220 2827 2241 2880; baseline 0.004 -17"><span class='ocrx_word' id='word_1_745' title='bbox 1220 2827 1350 2876; x_wconf 84' lang='lat' dir='ltr'>templa</span> <span class='ocrx_word' id='word_1_746' title='bbox 1366 2827 1475 2865; x_wconf 82' lang='lat' dir='ltr'>fibi&amp;</span> <span class='ocrx_word' id='word_1_747' title='bbox 1493 2841 1724 2866; x_wconf 71' lang='lat' dir='ltr'>monumenta</span> <span class='ocrx_word' id='word_1_748' title='bbox 1744 2842 1962 2880; x_wconf 84' lang='lat' dir='ltr'>ponerentur.</span> <span class='ocrx_word' id='word_1_749' title='bbox 1991 2834 2041 2867; x_wconf 87' lang='lat' dir='ltr'>M.</span> <span class='ocrx_word' id='word_1_750' title='bbox 2051 2831 2179 2868; x_wconf 84' lang='lat' dir='ltr'>Tullius</span> <span class='ocrx_word' id='word_1_751' title='bbox 2196 2831 2241 2867; x_wconf 71' lang='lat' dir='ltr'>ad</span> 
     </span>
     <span class='ocr_line' id='line_1_101' title="bbox 1224 2876 2241 2931; baseline 0.004 -18"><span class='ocrx_word' id='word_1_752' title='bbox 1224 2880 1424 2927; x_wconf 69' lang='lat' dir='ltr'>eratrem</span> <span class='ocrx_word' id='word_1_753' title='bbox 1444 2894 1453 2915; x_wconf 76' lang='lat' dir='ltr'><em>z</em></span> <span class='ocrx_word' id='word_1_754' title='bbox 1483 2885 1523 2915; x_wconf 85' lang='lat' dir='ltr'>In</span> <span class='ocrx_word' id='word_1_755' title='bbox 1532 2885 1568 2916; x_wconf 87' lang='lat' dir='ltr'><em>A</em></span> <span class='ocrx_word' id='word_1_756' title='bbox 1563 2876 1631 2929; x_wconf 80' lang='lat' dir='ltr'>sta,</span> <span class='ocrx_word' id='word_1_757' title='bbox 1642 2881 1748 2931; x_wconf 90' lang='lat' dir='ltr'>inquit</span> <span class='ocrx_word' id='word_1_758' title='bbox 1758 2909 1769 2923; x_wconf 94' lang='lat'>,</span> <span class='ocrx_word' id='word_1_759' title='bbox 1781 2882 1882 2928; x_wconf 80' lang='lat' dir='ltr'>nescio</span> <span class='ocrx_word' id='word_1_760' title='bbox 1893 2894 2042 2930; x_wconf 77' lang='lat' dir='ltr'>quonam</span> <span class='ocrx_word' id='word_1_761' title='bbox 2051 2883 2147 2919; x_wconf 84' lang='lat' dir='ltr'>modo</span> <span class='ocrx_word' id='word_1_762' title='bbox 2156 2912 2167 2926; x_wconf 93' lang='lat'>,</span> <span class='ocrx_word' id='word_1_763' title='bbox 2180 2887 2241 2919; x_wconf 81' lang='lat' dir='ltr'>Ro·</span> 
     </span>
     <span class='ocr_line' id='line_1_102' title="bbox 1223 2929 2240 2976; baseline 0.003 -12"><span class='ocrx_word' id='word_1_764' title='bbox 1223 2942 1279 2964; x_wconf 74' lang='lat' dir='ltr'>me</span> <span class='ocrx_word' id='word_1_765' title='bbox 1297 2929 1433 2976; x_wconf 77' lang='lat' dir='ltr'>quidem</span> <span class='ocrx_word' id='word_1_766' title='bbox 1451 2943 1517 2966; x_wconf 86' lang='lat' dir='ltr'>non</span> <span class='ocrx_word' id='word_1_767' title='bbox 1536 2931 1694 2967; x_wconf 82' lang='lat' dir='ltr'>mediocri</span> <span class='ocrx_word' id='word_1_768' title='bbox 1712 2944 1788 2966; x_wconf 83' lang='lat' dir='ltr'>cum</span> <span class='ocrx_word' id='word_1_769' title='bbox 1809 2932 2035 2968; x_wconf 82' lang='lat' dir='ltr'>admiratione</span> <span class='ocrx_word' id='word_1_770' title='bbox 2052 2932 2216 2968; x_wconf 75' lang='lat' dir='ltr'>laudatur</span> <span class='ocrx_word' id='word_1_771' title='bbox 2227 2960 2240 2975; x_wconf 78' lang='lat'>,</span> 
     </span>
     <span class='ocr_line' id='line_1_103' title="bbox 1222 2980 2241 3031; baseline 0.004 -18"><span class='ocrx_word' id='word_1_772' title='bbox 1222 2981 1308 3027; x_wconf 74' lang='lat' dir='ltr'>qaod</span> <span class='ocrx_word' id='word_1_773' title='bbox 1319 2991 1393 3015; x_wconf 86' lang='lat' dir='ltr'>cum</span> <span class='ocrx_word' id='word_1_774' title='bbox 1403 2980 1450 3015; x_wconf 85' lang='lat' dir='ltr'>ad</span> <span class='ocrx_word' id='word_1_775' title='bbox 1457 2981 1616 3029; x_wconf 81' lang='lat' dir='ltr'>templum</span> <span class='ocrx_word' id='word_1_776' title='bbox 1626 2992 1943 3031; x_wconf 65' lang='lat' dir='ltr'>monumentumque</span> <span class='ocrx_word' id='word_1_777' title='bbox 1952 2982 2096 3029; x_wconf 78' lang='lat' dir='ltr'>nostrum</span> <span class='ocrx_word' id='word_1_778' title='bbox 2114 2984 2241 3018; x_wconf 74' lang='lat' dir='ltr'>civita-</span> 
     </span>
     <span class='ocr_line' id='line_1_104' title="bbox 1744 3032 2241 3081; baseline -0.002 -13"><span class='ocrx_word' id='word_1_779' title='bbox 1744 3044 1881 3081; x_wconf 69' lang='lat' dir='ltr'>cumque</span> <span class='ocrx_word' id='word_1_780' title='bbox 1890 3034 1925 3069; x_wconf 82' lang='lat' dir='ltr'>id</span> <span class='ocrx_word' id='word_1_781' title='bbox 1936 3032 1987 3075; x_wconf 71' lang='lat'>&amp;²</span> <span class='ocrx_word' id='word_1_782' title='bbox 2000 3042 2060 3080; x_wconf 84' lang='lat' dir='ltr'>pro</span> <span class='ocrx_word' id='word_1_783' title='bbox 2070 3036 2150 3070; x_wconf 69' lang='lat' dir='ltr'>meis</span> <span class='ocrx_word' id='word_1_784' title='bbox 2167 3044 2241 3069; x_wconf 78' lang='lat' dir='ltr'>ma-</span> 
     </span>
     <span class='ocr_line' id='line_1_105' title="bbox 1495 3079 2242 3182; baseline -0.004 -62"><span class='ocrx_word' id='word_1_785' title='bbox 1495 3079 1548 3126; x_wconf 74' lang='lat'><em>&amp;</em></span> <span class='ocrx_word' id='word_1_786' title='bbox 1558 3090 1618 3132; x_wconf 82' lang='lat' dir='ltr'>pro</span> <span class='ocrx_word' id='word_1_787' title='bbox 1637 3084 1703 3118; x_wconf 69' lang='lat' dir='ltr'>taos</span> <span class='ocrx_word' id='word_1_788' title='bbox 1722 3083 1884 3124; x_wconf 76' lang='lat' dir='ltr'>maximis</span> <span class='ocrx_word' id='word_1_789' title='bbox 1901 3083 2086 3132; x_wconf 61' lang='lat' dir='ltr'>benfficlis,</span> <span class='ocrx_word' id='word_1_790' title='bbox 2100 3084 2242 3182; x_wconf 48' lang='lat' dir='ltr'>fian-ism</span> 
     </span>
    </p>

    <p class='ocr_par' dir='ltr' id='par_1_25' title="bbox 1652 3135 2243 3183">
     <span class='ocr_line' id='line_1_106' title="bbox 1652 3135 2243 3183; baseline -0.007 -9"><span class='ocrx_word' id='word_1_791' title='bbox 1652 3135 1684 3171; x_wconf 93' lang='lat' dir='ltr'>C</span> <span class='ocrx_word' id='word_1_792' title='bbox 1695 3148 1711 3174; x_wconf 86' lang='lat' dir='ltr'>c</span> <span class='ocrx_word' id='word_1_793' title='bbox 1732 3147 1758 3183; x_wconf 66' lang='lat'>‚3</span> <span class='ocrx_word' id='word_1_794' title='bbox 2193 3144 2243 3170; x_wconf 60' lang='lat' dir='ltr'>aa</span> 
     </span>
    </p>
   </div>
  </div>
 </body>
</html>
