<?xml version="1.0" encoding="UTF-8"?>
<!DOCTYPE html PUBLIC "-//W3C//DTD XHTML 1.0 Transitional//EN"
    "http://www.w3.org/TR/xhtml1/DTD/xhtml1-transitional.dtd">
<html xmlns="http://www.w3.org/1999/xhtml" xml:lang="en" lang="en">
 <head>
  <title>
</title>
<meta http-equiv="Content-Type" content="text/html;charset=utf-8" />
  <meta name='ocr-system' content='tesseract 3.04.00' />
  <meta name='ocr-capabilities' content='ocr_page ocr_carea ocr_par ocr_line ocrx_word'/>
</head>
<body>
  <div class='ocr_page' id='page_1' title='image "./csuetoniustranqu00suet_0851.png"; bbox 0 0 2504 3425; ppageno 0'>
   <div class='ocr_carea' id='block_1_1' title="bbox 557 172 944 237">
    <p class='ocr_par' dir='ltr' id='par_1_1' title="bbox 557 172 944 237">
     <span class='ocr_line' id='line_1_1' title="bbox 557 172 944 237; baseline 0.008 -10"><span class='ocrx_word' id='word_1_1' title='bbox 557 172 944 237; x_wconf 63' lang='lat' dir='ltr'>Tnzon.</span> 
     </span>
    </p>
   </div>
   <div class='ocr_carea' id='block_1_2' title="bbox 35 258 1125 3090">
    <p class='ocr_par' dir='ltr' id='par_1_2' title="bbox 88 258 1115 367">
     <span class='ocr_line' id='line_1_2' title="bbox 146 258 1115 317; baseline 0.009 -20"><span class='ocrx_word' id='word_1_2' title='bbox 146 258 329 310; x_wconf 74' lang='lat' dir='ltr'>Etiamque</span> <span class='ocrx_word' id='word_1_3' title='bbox 345 268 498 298; x_wconf 75' lang='lat' dir='ltr'>extrema</span> <span class='ocrx_word' id='word_1_4' title='bbox 525 264 728 313; x_wconf 80' lang='lat' dir='ltr'>metuenti.]</span> <span class='ocrx_word' id='word_1_5' title='bbox 764 269 821 302; x_wconf 91' lang='lat' dir='ltr'>De</span> <span class='ocrx_word' id='word_1_6' title='bbox 839 280 911 317; x_wconf 90' lang='lat' dir='ltr'>quo</span> <span class='ocrx_word' id='word_1_7' title='bbox 929 279 1026 305; x_wconf 89' lang='lat' dir='ltr'>metu</span> <span class='ocrx_word' id='word_1_8' title='bbox 1041 270 1115 307; x_wconf 90' lang='lat' dir='ltr'>Dio</span> 
     </span>
     <span class='ocr_line' id='line_1_3' title="bbox 88 311 941 367; baseline 0.011 -20"><span class='ocrx_word' id='word_1_9' title='bbox 88 311 126 347; x_wconf 78' lang='lat' dir='ltr'>in</span> <span class='ocrx_word' id='word_1_10' title='bbox 143 311 279 362; x_wconf 82' lang='lat' dir='ltr'>Vespas.</span> <span class='ocrx_word' id='word_1_11' title='bbox 301 314 342 349; x_wconf 89' lang='lat' dir='ltr'>C.</span> <span class='ocrx_word' id='word_1_12' title='bbox 372 313 512 350; x_wconf 89' lang='lat' dir='ltr'>Tacitus</span> <span class='ocrx_word' id='word_1_13' title='bbox 532 315 697 367; x_wconf 66' lang='lat' dir='ltr'>principio</span> <span class='ocrx_word' id='word_1_14' title='bbox 719 317 842 355; x_wconf 88' lang='lat' dir='ltr'>Annal.</span> <span class='ocrx_word' id='word_1_15' title='bbox 861 332 941 357; x_wconf 78' lang='lat' dir='ltr'>xvi.</span> 
     </span>
    </p>

    <p class='ocr_par' dir='ltr' id='par_1_3' title="bbox 35 363 1115 1622">
     <span class='ocr_line' id='line_1_4' title="bbox 136 363 1115 415; baseline 0.01 -19"><span class='ocrx_word' id='word_1_16' title='bbox 136 363 373 398; x_wconf 70' lang='lat' dir='ltr'><em>Percrebuerat</em></span> <span class='ocrx_word' id='word_1_17' title='bbox 398 372 466 398; x_wconf 82' lang='lat' dir='ltr'>toto</span> <span class='ocrx_word' id='word_1_18' title='bbox 495 366 619 401; x_wconf 81' lang='lat' dir='ltr'>oriente</span> <span class='ocrx_word' id='word_1_19' title='bbox 646 366 798 415; x_wconf 56' lang='lat' dir='ltr'>rumam]</span> <span class='ocrx_word' id='word_1_20' title='bbox 839 372 978 405; x_wconf 83' lang='lat' dir='ltr'>Rumor</span> <span class='ocrx_word' id='word_1_21' title='bbox 996 368 1050 406; x_wconf 91' lang='lat' dir='ltr'>ille</span> <span class='ocrx_word' id='word_1_22' title='bbox 1074 383 1115 406; x_wconf 92' lang='lat' dir='ltr'>ex</span> 
     </span>
     <span class='ocr_line' id='line_1_5' title="bbox 39 410 1113 470; baseline 0.009 -23"><span class='ocrx_word' id='word_1_23' title='bbox 39 410 42 411; x_wconf 44' lang='lat'><em>⁷</em></span> <span class='ocrx_word' id='word_1_24' title='bbox 90 411 233 448; x_wconf 81' lang='lat' dir='ltr'>oraculis</span> <span class='ocrx_word' id='word_1_25' title='bbox 269 413 416 456; x_wconf 76' lang='lat' dir='ltr'>judaicis</span> <span class='ocrx_word' id='word_1_26' title='bbox 459 411 530 452; x_wconf 83' lang='lat' dir='ltr'>sive</span> <span class='ocrx_word' id='word_1_27' title='bbox 581 427 701 454; x_wconf 82' lang='lat' dir='ltr'>vatum</span> <span class='ocrx_word' id='word_1_28' title='bbox 750 416 820 455; x_wconf 81' lang='lat' dir='ltr'>five</span> <span class='ocrx_word' id='word_1_29' title='bbox 866 419 1113 470; x_wconf 83' lang='lat' dir='ltr'>prophetarum</span> 
     </span>
     <span class='ocr_line' id='line_1_6' title="bbox 88 461 1109 517; baseline 0.011 -21"><span class='ocrx_word' id='word_1_30' title='bbox 88 461 256 512; x_wconf 63' lang='lat' dir='ltr'>praedietis</span> <span class='ocrx_word' id='word_1_31' title='bbox 294 463 338 499; x_wconf 88' lang='lat' dir='ltr'>de</span> <span class='ocrx_word' id='word_1_32' title='bbox 372 463 508 501; x_wconf 85' lang='lat' dir='ltr'>Christo</span> <span class='ocrx_word' id='word_1_33' title='bbox 536 469 634 517; x_wconf 79' lang='lat' dir='ltr'>Rege</span> <span class='ocrx_word' id='word_1_34' title='bbox 679 469 844 505; x_wconf 83' lang='lat' dir='ltr'>omnium</span> <span class='ocrx_word' id='word_1_35' title='bbox 896 470 1109 508; x_wconf 77' lang='lat' dir='ltr'>saeculorum.</span> 
     </span>
     <span class='ocr_line' id='line_1_7' title="bbox 89 512 1109 566; baseline 0.011 -19"><span class='ocrx_word' id='word_1_36' title='bbox 89 514 169 560; x_wconf 80' lang='lat' dir='ltr'>Qa</span> <span class='ocrx_word' id='word_1_37' title='bbox 209 512 253 548; x_wconf 82' lang='lat' dir='ltr'>de</span> <span class='ocrx_word' id='word_1_38' title='bbox 297 527 333 550; x_wconf 84' lang='lat' dir='ltr'>re</span> <span class='ocrx_word' id='word_1_39' title='bbox 369 515 767 566; x_wconf 73' lang='lat' dir='ltr'>Hegestppus“Exscidii</span> <span class='ocrx_word' id='word_1_40' title='bbox 794 530 829 554; x_wconf 83' lang='lat' dir='ltr'>e.</span> <span class='ocrx_word' id='word_1_41' title='bbox 856 532 961 558; x_wconf 75' lang='lat' dir='ltr'>xttv.</span> <span class='ocrx_word' id='word_1_42' title='bbox 1002 521 1047 557; x_wconf 84' lang='lat' dir='ltr'>lib</span> <span class='ocrx_word' id='word_1_43' title='bbox 1077 535 1109 558; x_wconf 95' lang='lat' dir='ltr'>v.</span> 
     </span>
     <span class='ocr_line' id='line_1_8' title="bbox 89 563 1113 614; baseline 0.009 -16"><span class='ocrx_word' id='word_1_44' title='bbox 89 563 267 600; x_wconf 74' lang='lat' dir='ltr'>Suetonius</span> <span class='ocrx_word' id='word_1_45' title='bbox 303 564 445 614; x_wconf 84' lang='lat' dir='ltr'>quidem</span> <span class='ocrx_word' id='word_1_46' title='bbox 472 579 560 603; x_wconf 89' lang='lat' dir='ltr'>nunc</span> <span class='ocrx_word' id='word_1_47' title='bbox 589 597 601 610; x_wconf 96' lang='lat'><em>,</em></span> <span class='ocrx_word' id='word_1_48' title='bbox 639 572 677 604; x_wconf 70' lang='grc' dir='ltr'>δε</span> <span class='ocrx_word' id='word_1_49' title='bbox 707 571 749 604; x_wconf 89' lang='lat' dir='ltr'>C.</span> <span class='ocrx_word' id='word_1_50' title='bbox 776 570 914 606; x_wconf 83' lang='lat' dir='ltr'>Tacitus</span> <span class='ocrx_word' id='word_1_51' title='bbox 949 571 1113 606; x_wconf 86' lang='lat' dir='ltr'>Historia·</span> 
     </span>
     <span class='ocr_line' id='line_1_9' title="bbox 86 613 1110 669; baseline 0.009 -21"><span class='ocrx_word' id='word_1_52' title='bbox 86 625 165 648; x_wconf 86' lang='lat' dir='ltr'>rum</span> <span class='ocrx_word' id='word_1_53' title='bbox 190 613 246 651; x_wconf 84' lang='lat' dir='ltr'>lib.</span> <span class='ocrx_word' id='word_1_54' title='bbox 265 628 324 653; x_wconf 88' lang='lat' dir='ltr'>v1.</span> <span class='ocrx_word' id='word_1_55' title='bbox 361 615 404 652; x_wconf 91' lang='lat' dir='ltr'>de</span> <span class='ocrx_word' id='word_1_56' title='bbox 433 614 649 666; x_wconf 76' lang='lat' dir='ltr'>Vespasiano</span> <span class='ocrx_word' id='word_1_57' title='bbox 671 619 762 654; x_wconf 84' lang='lat' dir='ltr'>male</span> <span class='ocrx_word' id='word_1_58' title='bbox 795 620 1001 669; x_wconf 86' lang='lat' dir='ltr'>interpretati</span> <span class='ocrx_word' id='word_1_59' title='bbox 1024 622 1110 657; x_wconf 84' lang='lat' dir='ltr'>hanc</span> 
     </span>
     <span class='ocr_line' id='line_1_10' title="bbox 85 663 1111 715; baseline 0.009 -17"><span class='ocrx_word' id='word_1_60' title='bbox 85 663 354 712; x_wconf 66' lang='lat' dir='ltr'>pi·aedi5ti0nem</span> <span class='ocrx_word' id='word_1_61' title='bbox 371 694 383 709; x_wconf 95' lang='lat'>‚</span> <span class='ocrx_word' id='word_1_62' title='bbox 426 665 470 702; x_wconf 80' lang='lat' dir='ltr'>de</span> <span class='ocrx_word' id='word_1_63' title='bbox 508 667 646 705; x_wconf 80' lang='lat' dir='ltr'>Christo</span> <span class='ocrx_word' id='word_1_64' title='bbox 674 668 861 706; x_wconf 78' lang='lat' dir='ltr'>nescientes</span> <span class='ocrx_word' id='word_1_65' title='bbox 888 669 1040 715; x_wconf 88' lang='lat' dir='ltr'>scilicet,</span> <span class='ocrx_word' id='word_1_66' title='bbox 1076 682 1111 707; x_wconf 89' lang='lat' dir='ltr'>ut</span> 
     </span>
     <span class='ocr_line' id='line_1_11' title="bbox 85 715 1109 766; baseline 0.009 -17"><span class='ocrx_word' id='word_1_67' title='bbox 85 715 192 751; x_wconf 86' lang='lat' dir='ltr'>etiam</span> <span class='ocrx_word' id='word_1_68' title='bbox 226 716 396 766; x_wconf 86' lang='lat' dir='ltr'>Josephus</span> <span class='ocrx_word' id='word_1_69' title='bbox 446 716 629 763; x_wconf 87' lang='lat' dir='ltr'>nesciens,</span> <span class='ocrx_word' id='word_1_70' title='bbox 668 719 812 756; x_wconf 84' lang='lat' dir='ltr'>Exscidii</span> <span class='ocrx_word' id='word_1_71' title='bbox 852 733 881 756; x_wconf 94' lang='lat' dir='ltr'>c.</span> <span class='ocrx_word' id='word_1_72' title='bbox 911 734 1012 758; x_wconf 80' lang='lat' dir='ltr'>xxxi.</span> <span class='ocrx_word' id='word_1_73' title='bbox 1051 720 1109 758; x_wconf 85' lang='lat' dir='ltr'>lib.</span> 
     </span>
     <span class='ocr_line' id='line_1_12' title="bbox 35 766 1111 819; baseline 0.006 -19"><span class='ocrx_word' id='word_1_74' title='bbox 35 782 38 785; x_wconf 95' lang='lat'>·</span> <span class='ocrx_word' id='word_1_75' title='bbox 84 776 143 801; x_wconf 74' lang='lat' dir='ltr'>vr.</span> <span class='ocrx_word' id='word_1_76' title='bbox 169 766 343 803; x_wconf 72' lang='lat' dir='ltr'>oraculum</span> <span class='ocrx_word' id='word_1_77' title='bbox 367 773 470 805; x_wconf 71' lang='lat' dir='ltr'>vocat</span> <span class='ocrx_word' id='word_1_78' title='bbox 502 768 696 817; x_wconf 75' lang='lat' dir='ltr'>ambiguum</span> <span class='ocrx_word' id='word_1_79' title='bbox 721 798 733 813; x_wconf 93' lang='lat'><em>‚</em></span> <span class='ocrx_word' id='word_1_80' title='bbox 773 772 809 805; x_wconf 83' lang='lat' dir='ltr'>in</span> <span class='ocrx_word' id='word_1_81' title='bbox 824 769 929 817; x_wconf 77' lang='lat' dir='ltr'>sacris</span> <span class='ocrx_word' id='word_1_82' title='bbox 948 780 1111 819; x_wconf 78' lang='lat' dir='ltr'>repertum</span> 
     </span>
     <span class='ocr_line' id='line_1_13' title="bbox 84 813 1108 867; baseline 0.007 -18"><span class='ocrx_word' id='word_1_83' title='bbox 84 813 192 851; x_wconf 69' lang='lat' dir='ltr'>libris.</span> <span class='ocrx_word' id='word_1_84' title='bbox 251 816 400 864; x_wconf 59' lang='grc' dir='ltr'>χρη-μὶν</span> <span class='ocrx_word' id='word_1_85' title='bbox 444 817 641 863; x_wconf 39' lang='lat' dir='ltr'>&#39;Ruelliana</span> <span class='ocrx_word' id='word_1_86' title='bbox 666 848 678 862; x_wconf 93' lang='lat'><em>,</em></span> <span class='ocrx_word' id='word_1_87' title='bbox 721 819 747 854; x_wconf 77' lang='grc' dir='ltr'>ἐν</span> <span class='ocrx_word' id='word_1_88' title='bbox 784 823 852 858; x_wconf 79' lang='grc' dir='ltr'><strong><em>τοῖς</em></strong></span> <span class='ocrx_word' id='word_1_89' title='bbox 883 819 979 866; x_wconf 68' lang='grc' dir='ltr'><em>ἱεροῖς</em></span> <span class='ocrx_word' id='word_1_90' title='bbox 1020 819 1108 867; x_wconf 61' lang='lat' dir='ltr'>{opn-</span> 
     </span>
     <span class='ocr_line' id='line_1_14' title="bbox 82 866 1105 915; baseline 0.007 -16"><span class='ocrx_word' id='word_1_91' title='bbox 82 866 174 907; x_wconf 63' lang='lat' dir='ltr'>pe}›0u</span> <span class='ocrx_word' id='word_1_92' title='bbox 221 866 432 915; x_wconf 62' lang='grc' dir='ltr'>γράμμαων.</span> <span class='ocrx_word' id='word_1_93' title='bbox 497 870 610 904; x_wconf 85' lang='lat' dir='ltr'>Etiam</span> <span class='ocrx_word' id='word_1_94' title='bbox 642 872 684 905; x_wconf 88' lang='lat' dir='ltr'>C.</span> <span class='ocrx_word' id='word_1_95' title='bbox 711 870 851 904; x_wconf 78' lang='lat' dir='ltr'>Tacitus</span> <span class='ocrx_word' id='word_1_96' title='bbox 880 868 1009 907; x_wconf 86' lang='lat' dir='ltr'>Histor.</span> <span class='ocrx_word' id='word_1_97' title='bbox 1046 870 1105 907; x_wconf 87' lang='lat' dir='ltr'>li&#39;o.</span> 
     </span>
     <span class='ocr_line' id='line_1_15' title="bbox 77 917 1108 965; baseline 0.006 -15"><span class='ocrx_word' id='word_1_98' title='bbox 77 928 114 950; x_wconf 85' lang='lat' dir='ltr'>v.</span> <span class='ocrx_word' id='word_1_99' title='bbox 138 917 308 965; x_wconf 78' lang='lat' dir='ltr'>Antiquis</span> <span class='ocrx_word' id='word_1_100' title='bbox 322 917 539 965; x_wconf 81' lang='lat' dir='ltr'><em>sacerdotum</em></span> <span class='ocrx_word' id='word_1_101' title='bbox 557 917 680 957; x_wconf 77' lang='lat' dir='ltr'>litteris</span> <span class='ocrx_word' id='word_1_102' title='bbox 706 918 898 961; x_wconf 78' lang='lat' dir='ltr'>contineri,</span> <span class='ocrx_word' id='word_1_103' title='bbox 930 923 1000 957; x_wconf 86' lang='lat' dir='ltr'>&amp;c.</span> <span class='ocrx_word' id='word_1_104' title='bbox 1055 926 1108 956; x_wconf 87' lang='lat' dir='ltr'>Ex</span> 
     </span>
     <span class='ocr_line' id='line_1_16' title="bbox 81 966 1109 1016; baseline 0.007 -16"><span class='ocrx_word' id='word_1_105' title='bbox 81 966 237 1015; x_wconf 72' lang='lat' dir='ltr'>Joseplio</span> <span class='ocrx_word' id='word_1_106' title='bbox 268 979 385 1005; x_wconf 86' lang='lat' dir='ltr'>autern</span> <span class='ocrx_word' id='word_1_107' title='bbox 422 967 548 1004; x_wconf 89' lang='lat' dir='ltr'>eadem</span> <span class='ocrx_word' id='word_1_108' title='bbox 568 967 611 1004; x_wconf 88' lang='lat' dir='ltr'>de</span> <span class='ocrx_word' id='word_1_109' title='bbox 635 981 671 1003; x_wconf 88' lang='lat' dir='ltr'>re</span> <span class='ocrx_word' id='word_1_110' title='bbox 697 967 862 1016; x_wconf 82' lang='lat' dir='ltr'>Eusebius</span> <span class='ocrx_word' id='word_1_111' title='bbox 891 970 1014 1007; x_wconf 72' lang='lat' dir='ltr'>Ecclefi</span> <span class='ocrx_word' id='word_1_112' title='bbox 1047 972 1109 1006; x_wconf 89' lang='lat' dir='ltr'>Hi-</span> 
     </span>
     <span class='ocr_line' id='line_1_17' title="bbox 83 1015 1111 1070; baseline 0.006 -19"><span class='ocrx_word' id='word_1_113' title='bbox 83 1015 165 1053; x_wconf 87' lang='lat' dir='ltr'>stor.</span> <span class='ocrx_word' id='word_1_114' title='bbox 194 1029 269 1068; x_wconf 85' lang='lat' dir='ltr'>cap.</span> <span class='ocrx_word' id='word_1_115' title='bbox 289 1032 397 1057; x_wconf 84' lang='lat' dir='ltr'><strong>v111.</strong></span> <span class='ocrx_word' id='word_1_116' title='bbox 443 1017 501 1053; x_wconf 89' lang='lat' dir='ltr'>lib.</span> <span class='ocrx_word' id='word_1_117' title='bbox 529 1031 606 1054; x_wconf 88' lang='grc' dir='ltr'><strong><em>ιιι.</em></strong></span> <span class='ocrx_word' id='word_1_118' title='bbox 652 1021 695 1053; x_wconf 89' lang='lat' dir='ltr'>Et</span> <span class='ocrx_word' id='word_1_119' title='bbox 730 1018 985 1056; x_wconf 74' lang='lat' dir='ltr'>Sarisberiensis</span> <span class='ocrx_word' id='word_1_120' title='bbox 1011 1021 1111 1070; x_wconf 86' lang='lat' dir='ltr'>Poly-</span> 
     </span>
     <span class='ocr_line' id='line_1_18' title="bbox 81 1067 1110 1118; baseline 0.007 -16"><span class='ocrx_word' id='word_1_121' title='bbox 81 1068 195 1103; x_wconf 84' lang='lat' dir='ltr'>cratici</span> <span class='ocrx_word' id='word_1_122' title='bbox 215 1081 289 1118; x_wconf 89' lang='lat' dir='ltr'>cap.</span> <span class='ocrx_word' id='word_1_123' title='bbox 318 1080 371 1105; x_wconf 83' lang='lat' dir='ltr'>tv.</span> <span class='ocrx_word' id='word_1_124' title='bbox 398 1067 456 1104; x_wconf 89' lang='lat' dir='ltr'>lib.</span> <span class='ocrx_word' id='word_1_125' title='bbox 484 1081 537 1103; x_wconf 86' lang='lat'>11.</span> <span class='ocrx_word' id='word_1_126' title='bbox 578 1067 713 1104; x_wconf 79' lang='lat' dir='ltr'>Fallitur</span> <span class='ocrx_word' id='word_1_127' title='bbox 739 1081 857 1105; x_wconf 87' lang='lat' dir='ltr'>autem</span> <span class='ocrx_word' id='word_1_128' title='bbox 885 1071 991 1107; x_wconf 89' lang='lat' dir='ltr'>etiam</span> <span class='ocrx_word' id='word_1_129' title='bbox 1011 1072 1110 1108; x_wconf 83' lang='lat' dir='ltr'>Paul-</span> 
     </span>
     <span class='ocr_line' id='line_1_19' title="bbox 76 1116 1107 1168; baseline 0.007 -16"><span class='ocrx_word' id='word_1_130' title='bbox 76 1116 130 1153; x_wconf 83' lang='lat' dir='ltr'>lus</span> <span class='ocrx_word' id='word_1_131' title='bbox 152 1117 297 1154; x_wconf 78' lang='lat' dir='ltr'>Orosius</span> <span class='ocrx_word' id='word_1_132' title='bbox 315 1129 389 1168; x_wconf 90' lang='lat' dir='ltr'>cap.</span> <span class='ocrx_word' id='word_1_133' title='bbox 416 1131 470 1154; x_wconf 76' lang='lat' dir='ltr'>lx·</span> <span class='ocrx_word' id='word_1_134' title='bbox 499 1117 558 1154; x_wconf 85' lang='lat' dir='ltr'>lib.</span> <span class='ocrx_word' id='word_1_135' title='bbox 585 1131 669 1157; x_wconf 80' lang='lat' dir='ltr'>VH.</span> <span class='ocrx_word' id='word_1_136' title='bbox 692 1120 750 1168; x_wconf 83' lang='lat' dir='ltr'>qui</span> <span class='ocrx_word' id='word_1_137' title='bbox 775 1119 866 1156; x_wconf 88' lang='lat' dir='ltr'>hunc</span> <span class='ocrx_word' id='word_1_138' title='bbox 900 1134 941 1158; x_wconf 89' lang='lat' dir='ltr'>ex</span> <span class='ocrx_word' id='word_1_139' title='bbox 963 1124 1107 1159; x_wconf 84' lang='lat' dir='ltr'>Carme-</span> 
     </span>
     <span class='ocr_line' id='line_1_20' title="bbox 80 1167 1105 1219; baseline 0.007 -16"><span class='ocrx_word' id='word_1_140' title='bbox 80 1167 102 1203; x_wconf 87' lang='lat' dir='ltr'>li</span> <span class='ocrx_word' id='word_1_141' title='bbox 122 1169 250 1205; x_wconf 85' lang='lat' dir='ltr'>montis</span> <span class='ocrx_word' id='word_1_142' title='bbox 295 1167 442 1205; x_wconf 88' lang='lat' dir='ltr'>sortibus</span> <span class='ocrx_word' id='word_1_143' title='bbox 467 1181 649 1205; x_wconf 82' lang='lat' dir='ltr'>rumorem</span> <span class='ocrx_word' id='word_1_144' title='bbox 668 1182 784 1206; x_wconf 87' lang='lat' dir='ltr'>ortum</span> <span class='ocrx_word' id='word_1_145' title='bbox 812 1173 968 1219; x_wconf 88' lang='lat' dir='ltr'>putavit,</span> <span class='ocrx_word' id='word_1_146' title='bbox 1003 1185 1044 1208; x_wconf 86' lang='lat' dir='ltr'>ea</span> <span class='ocrx_word' id='word_1_147' title='bbox 1069 1187 1105 1210; x_wconf 90' lang='lat' dir='ltr'>re</span> 
     </span>
     <span class='ocr_line' id='line_1_21' title="bbox 79 1217 1104 1270; baseline 0.007 -17"><span class='ocrx_word' id='word_1_148' title='bbox 79 1217 244 1267; x_wconf 88' lang='lat' dir='ltr'>deceptus</span> <span class='ocrx_word' id='word_1_149' title='bbox 259 1246 270 1261; x_wconf 91' lang='lat'><em>,</em></span> <span class='ocrx_word' id='word_1_150' title='bbox 302 1217 396 1268; x_wconf 90' lang='lat' dir='ltr'>quod</span> <span class='ocrx_word' id='word_1_151' title='bbox 415 1217 459 1254; x_wconf 91' lang='lat' dir='ltr'>de</span> <span class='ocrx_word' id='word_1_152' title='bbox 485 1218 688 1270; x_wconf 74' lang='lat' dir='ltr'>Vespasiani</span> <span class='ocrx_word' id='word_1_153' title='bbox 712 1219 871 1257; x_wconf 75' lang='lat' dir='ltr'>felicitate</span> <span class='ocrx_word' id='word_1_154' title='bbox 891 1221 995 1259; x_wconf 87' lang='lat' dir='ltr'>sortes</span> <span class='ocrx_word' id='word_1_155' title='bbox 1021 1226 1104 1260; x_wconf 83' lang='lat' dir='ltr'>Car-</span> 
     </span>
     <span class='ocr_line' id='line_1_22' title="bbox 79 1268 1102 1324; baseline 0.006 -19"><span class='ocrx_word' id='word_1_156' title='bbox 79 1268 161 1305; x_wconf 84' lang='lat' dir='ltr'>meli</span> <span class='ocrx_word' id='word_1_157' title='bbox 180 1269 311 1306; x_wconf 88' lang='lat' dir='ltr'>montis</span> <span class='ocrx_word' id='word_1_158' title='bbox 330 1269 517 1320; x_wconf 72' lang='lat' dir='ltr'>praedixere</span> <span class='ocrx_word' id='word_1_159' title='bbox 534 1298 546 1313; x_wconf 90' lang='lat'>‚</span> <span class='ocrx_word' id='word_1_160' title='bbox 584 1282 619 1308; x_wconf 89' lang='lat' dir='ltr'>ut</span> <span class='ocrx_word' id='word_1_161' title='bbox 643 1269 690 1308; x_wconf 87' lang='lat' dir='ltr'>est</span> <span class='ocrx_word' id='word_1_162' title='bbox 707 1300 718 1314; x_wconf 92' lang='lat'><em>,</em></span> <span class='ocrx_word' id='word_1_163' title='bbox 758 1283 831 1321; x_wconf 81' lang='lat' dir='ltr'>cap.</span> <span class='ocrx_word' id='word_1_164' title='bbox 856 1271 924 1322; x_wconf 87' lang='lat' dir='ltr'>seq.</span> <span class='ocrx_word' id='word_1_165' title='bbox 951 1277 987 1309; x_wconf 76' lang='grc' dir='ltr'>δε</span> <span class='ocrx_word' id='word_1_166' title='bbox 1015 1275 1102 1324; x_wconf 87' lang='lat' dir='ltr'>apud</span> 
     </span>
     <span class='ocr_line' id='line_1_23' title="bbox 65 1319 1103 1371; baseline 0.006 -16"><span class='ocrx_word' id='word_1_167' title='bbox 65 1322 120 1356; x_wconf 64' lang='lat' dir='ltr'>‘C.</span> <span class='ocrx_word' id='word_1_168' title='bbox 149 1321 314 1356; x_wconf 88' lang='lat' dir='ltr'>Tacitum</span> <span class='ocrx_word' id='word_1_169' title='bbox 342 1319 399 1358; x_wconf 85' lang='lat' dir='ltr'>lib.</span> <span class='ocrx_word' id='word_1_170' title='bbox 429 1334 481 1358; x_wconf 90' lang='lat'>11.</span> <span class='ocrx_word' id='word_1_171' title='bbox 518 1320 649 1359; x_wconf 82' lang='lat' dir='ltr'>Histor.</span> <span class='ocrx_word' id='word_1_172' title='bbox 684 1323 785 1371; x_wconf 81' lang='lat' dir='ltr'>Atqui</span> <span class='ocrx_word' id='word_1_173' title='bbox 819 1324 995 1360; x_wconf 83' lang='lat' dir='ltr'>oraculum</span> <span class='ocrx_word' id='word_1_174' title='bbox 1024 1325 1103 1362; x_wconf 87' lang='lat' dir='ltr'>illud</span> 
     </span>
     <span class='ocr_line' id='line_1_24' title="bbox 74 1371 1104 1421; baseline 0.005 -14"><span class='ocrx_word' id='word_1_175' title='bbox 74 1380 177 1407; x_wconf 65' lang='lat' dir='ltr'>‘vetus</span> <span class='ocrx_word' id='word_1_176' title='bbox 196 1400 207 1414; x_wconf 95' lang='lat'><em>,</em></span> <span class='ocrx_word' id='word_1_177' title='bbox 245 1384 286 1407; x_wconf 85' lang='lat' dir='ltr'>ex</span> <span class='ocrx_word' id='word_1_178' title='bbox 313 1384 385 1421; x_wconf 91' lang='lat' dir='ltr'>quo</span> <span class='ocrx_word' id='word_1_179' title='bbox 418 1383 540 1407; x_wconf 87' lang='lat' dir='ltr'>rumor</span> <span class='ocrx_word' id='word_1_180' title='bbox 570 1371 623 1407; x_wconf 88' lang='lat' dir='ltr'>ille</span> <span class='ocrx_word' id='word_1_181' title='bbox 649 1383 725 1410; x_wconf 91' lang='lat' dir='ltr'>toto</span> <span class='ocrx_word' id='word_1_182' title='bbox 748 1373 891 1410; x_wconf 87' lang='lat' dir='ltr'>oriente.</span> <span class='ocrx_word' id='word_1_183' title='bbox 951 1376 1104 1412; x_wconf 80' lang='lat' dir='ltr'>Carmeli</span> 
     </span>
     <span class='ocr_line' id='line_1_25' title="bbox 77 1422 1100 1474; baseline 0.007 -18"><span class='ocrx_word' id='word_1_184' title='bbox 77 1432 193 1456; x_wconf 69' lang='lat' dir='ltr'>autetn</span> <span class='ocrx_word' id='word_1_185' title='bbox 222 1422 290 1457; x_wconf 87' lang='lat' dir='ltr'>Dei</span> <span class='ocrx_word' id='word_1_186' title='bbox 310 1450 322 1464; x_wconf 90' lang='lat'><em>‚</em></span> <span class='ocrx_word' id='word_1_187' title='bbox 360 1432 395 1457; x_wconf 90' lang='lat' dir='ltr'>ut</span> <span class='ocrx_word' id='word_1_188' title='bbox 427 1422 608 1459; x_wconf 89' lang='lat' dir='ltr'>Suetonius</span> <span class='ocrx_word' id='word_1_189' title='bbox 629 1434 702 1473; x_wconf 85' lang='lat' dir='ltr'>cap.</span> <span class='ocrx_word' id='word_1_190' title='bbox 727 1424 795 1473; x_wconf 85' lang='lat' dir='ltr'>seq.</span> <span class='ocrx_word' id='word_1_191' title='bbox 815 1423 960 1474; x_wconf 88' lang='lat' dir='ltr'>loquitur</span> <span class='ocrx_word' id='word_1_192' title='bbox 982 1453 993 1468; x_wconf 94' lang='lat'>‚</span> <span class='ocrx_word' id='word_1_193' title='bbox 1037 1425 1100 1463; x_wconf 85' lang='lat' dir='ltr'>sor-</span> 
     </span>
     <span class='ocr_line' id='line_1_26' title="bbox 74 1469 1099 1523; baseline 0.006 -16"><span class='ocrx_word' id='word_1_194' title='bbox 74 1483 127 1507; x_wconf 86' lang='lat' dir='ltr'>tes</span> <span class='ocrx_word' id='word_1_195' title='bbox 147 1472 245 1507; x_wconf 79' lang='lat' dir='ltr'>edita:</span> <span class='ocrx_word' id='word_1_196' title='bbox 265 1470 326 1521; x_wconf 79' lang='lat' dir='ltr'>ipsi</span> <span class='ocrx_word' id='word_1_197' title='bbox 345 1469 571 1520; x_wconf 75' lang='lat' dir='ltr'>Vespasiano.</span> <span class='ocrx_word' id='word_1_198' title='bbox 630 1475 758 1523; x_wconf 86' lang='lat' dir='ltr'>Neque</span> <span class='ocrx_word' id='word_1_199' title='bbox 776 1472 933 1521; x_wconf 78' lang='lat' dir='ltr'>dissimile</span> <span class='ocrx_word' id='word_1_200' title='bbox 961 1475 1004 1512; x_wconf 86' lang='lat' dir='ltr'>de</span> <span class='ocrx_word' id='word_1_201' title='bbox 1022 1477 1099 1513; x_wconf 78' lang='lat' dir='ltr'>Gal-</span> 
     </span>
     <span class='ocr_line' id='line_1_27' title="bbox 80 1521 1104 1573; baseline 0.009 -17"><span class='ocrx_word' id='word_1_202' title='bbox 80 1521 124 1557; x_wconf 89' lang='lat' dir='ltr'>ba</span> <span class='ocrx_word' id='word_1_203' title='bbox 151 1525 365 1572; x_wconf 82' lang='lat' dir='ltr'>Imperatore</span> <span class='ocrx_word' id='word_1_204' title='bbox 397 1535 438 1560; x_wconf 87' lang='lat' dir='ltr'>ex</span> <span class='ocrx_word' id='word_1_205' title='bbox 473 1523 636 1573; x_wconf 80' lang='lat' dir='ltr'>Hispania</span> <span class='ocrx_word' id='word_1_206' title='bbox 662 1552 674 1568; x_wconf 91' lang='lat'><em>,</em></span> <span class='ocrx_word' id='word_1_207' title='bbox 709 1528 751 1563; x_wconf 80' lang='lat' dir='ltr'>C.</span> <span class='ocrx_word' id='word_1_208' title='bbox 774 1526 955 1563; x_wconf 85' lang='lat' dir='ltr'>Suetonius</span> <span class='ocrx_word' id='word_1_209' title='bbox 986 1528 1104 1566; x_wconf 67' lang='lat' dir='ltr'>Galbae</span> 
     </span>
     <span class='ocr_line' id='line_1_28' title="bbox 78 1583 237 1622; baseline 0.006 -14"><span class='ocrx_word' id='word_1_210' title='bbox 78 1583 152 1622; x_wconf 88' lang='lat' dir='ltr'>cap.</span> <span class='ocrx_word' id='word_1_211' title='bbox 187 1586 237 1609; x_wconf 82' lang='lat' dir='ltr'>tx.</span> 
     </span>
    </p>

    <p class='ocr_par' dir='ltr' id='par_1_4' title="bbox 68 1623 1125 2264">
     <span class='ocr_line' id='line_1_29' title="bbox 132 1623 1102 1678; baseline 0.009 -22"><span class='ocrx_word' id='word_1_212' title='bbox 132 1623 281 1671; x_wconf 61' lang='lat' dir='ltr'>Caſsique</span> <span class='ocrx_word' id='word_1_213' title='bbox 316 1623 516 1674; x_wconf 68' lang='lat' dir='ltr'>praepofit0.]</span> <span class='ocrx_word' id='word_1_214' title='bbox 584 1628 688 1662; x_wconf 92' lang='lat' dir='ltr'>Hunc</span> <span class='ocrx_word' id='word_1_215' title='bbox 734 1626 960 1677; x_wconf 80' lang='lat' dir='ltr'>praepositum</span> <span class='ocrx_word' id='word_1_216' title='bbox 1000 1628 1102 1678; x_wconf 79' lang='lat' dir='ltr'>aliqui</span> 
     </span>
     <span class='ocr_line' id='line_1_30' title="bbox 77 1671 1104 1728; baseline 0.01 -22"><span class='ocrx_word' id='word_1_217' title='bbox 77 1671 247 1709; x_wconf 77' lang='lat' dir='ltr'>Sabinum</span> <span class='ocrx_word' id='word_1_218' title='bbox 290 1674 443 1711; x_wconf 79' lang='lat' dir='ltr'>arbitrati</span> <span class='ocrx_word' id='word_1_219' title='bbox 462 1704 474 1718; x_wconf 93' lang='lat'>‚</span> <span class='ocrx_word' id='word_1_220' title='bbox 504 1688 606 1725; x_wconf 72' lang='lat' dir='ltr'>quos,</span> <span class='ocrx_word' id='word_1_221' title='bbox 628 1676 748 1713; x_wconf 84' lang='lat' dir='ltr'>refellit</span> <span class='ocrx_word' id='word_1_222' title='bbox 781 1680 867 1715; x_wconf 80' lang='lat' dir='ltr'>ratio</span> <span class='ocrx_word' id='word_1_223' title='bbox 904 1679 976 1728; x_wconf 88' lang='lat' dir='ltr'>ipsa</span> <span class='ocrx_word' id='word_1_224' title='bbox 1016 1691 1104 1716; x_wconf 74' lang='lat' dir='ltr'>tem-</span> 
     </span>
     <span class='ocr_line' id='line_1_31' title="bbox 79 1724 1123 1780; baseline 0.007 -22"><span class='ocrx_word' id='word_1_225' title='bbox 79 1724 181 1772; x_wconf 89' lang='lat' dir='ltr'>poris.</span> <span class='ocrx_word' id='word_1_226' title='bbox 240 1725 384 1761; x_wconf 86' lang='lat' dir='ltr'>Sabinus</span> <span class='ocrx_word' id='word_1_227' title='bbox 418 1725 471 1761; x_wconf 91' lang='lat' dir='ltr'>ille</span> <span class='ocrx_word' id='word_1_228' title='bbox 499 1726 559 1762; x_wconf 90' lang='lat' dir='ltr'>sub</span> <span class='ocrx_word' id='word_1_229' title='bbox 588 1727 774 1776; x_wconf 74' lang='lat' dir='ltr'>Augusto:</span> <span class='ocrx_word' id='word_1_230' title='bbox 817 1743 929 1780; x_wconf 87' lang='lat' dir='ltr'>neque</span> <span class='ocrx_word' id='word_1_231' title='bbox 956 1730 1123 1773; x_wconf 63' lang='lat' dir='ltr'>Judaeae‚,</span> 
     </span>
     <span class='ocr_line' id='line_1_32' title="bbox 75 1772 1099 1829; baseline 0.008 -20"><span class='ocrx_word' id='word_1_232' title='bbox 75 1772 134 1810; x_wconf 85' lang='lat' dir='ltr'>sed</span> <span class='ocrx_word' id='word_1_233' title='bbox 170 1774 275 1822; x_wconf 84' lang='lat' dir='ltr'>Syriae</span> <span class='ocrx_word' id='word_1_234' title='bbox 321 1774 504 1822; x_wconf 70' lang='grc' dir='ltr'><strong><em>ἐπίτροπος</em></strong></span> <span class='ocrx_word' id='word_1_235' title='bbox 546 1777 636 1824; x_wconf 85' lang='lat' dir='ltr'>apud</span> <span class='ocrx_word' id='word_1_236' title='bbox 669 1777 859 1828; x_wconf 72' lang='lat' dir='ltr'>josephum</span> <span class='ocrx_word' id='word_1_237' title='bbox 903 1779 1041 1829; x_wconf 85' lang='lat' dir='ltr'>Exscidii</span> <span class='ocrx_word' id='word_1_238' title='bbox 1071 1795 1099 1817; x_wconf 95' lang='lat' dir='ltr'>c.</span> 
     </span>
     <span class='ocr_line' id='line_1_33' title="bbox 80 1823 1104 1879; baseline 0.007 -19"><span class='ocrx_word' id='word_1_239' title='bbox 80 1838 160 1863; x_wconf 81' lang='grc' dir='ltr'><strong><em>ιιι,</em></strong></span> <span class='ocrx_word' id='word_1_240' title='bbox 187 1823 246 1860; x_wconf 87' lang='lat' dir='ltr'>lib.</span> <span class='ocrx_word' id='word_1_241' title='bbox 270 1838 323 1862; x_wconf 87' lang='lat'>11.</span> <span class='ocrx_word' id='word_1_242' title='bbox 382 1825 539 1863; x_wconf 75' lang='lat' dir='ltr'>Gessium</span> <span class='ocrx_word' id='word_1_243' title='bbox 564 1827 702 1864; x_wconf 83' lang='lat' dir='ltr'>Florum</span> <span class='ocrx_word' id='word_1_244' title='bbox 722 1826 840 1873; x_wconf 48' lang='lat' dir='ltr'>fuisse&#39;,</span> <span class='ocrx_word' id='word_1_245' title='bbox 861 1827 953 1879; x_wconf 82' lang='lat' dir='ltr'>patet</span> <span class='ocrx_word' id='word_1_246' title='bbox 971 1834 1012 1867; x_wconf 90' lang='lat' dir='ltr'>C.</span> <span class='ocrx_word' id='word_1_247' title='bbox 1035 1835 1104 1866; x_wconf 91' lang='lat' dir='ltr'>Ta-</span> 
     </span>
     <span class='ocr_line' id='line_1_34' title="bbox 78 1874 1102 1927; baseline 0.007 -17"><span class='ocrx_word' id='word_1_248' title='bbox 78 1875 134 1911; x_wconf 87' lang='lat' dir='ltr'>citi</span> <span class='ocrx_word' id='word_1_249' title='bbox 164 1874 343 1914; x_wconf 68' lang='lat' dir='ltr'>Histoi-iar.</span> <span class='ocrx_word' id='word_1_250' title='bbox 366 1889 424 1915; x_wconf 76' lang='lat' dir='ltr'>vi.</span> <span class='ocrx_word' id='word_1_251' title='bbox 452 1876 592 1927; x_wconf 89' lang='lat' dir='ltr'>Josephi</span> <span class='ocrx_word' id='word_1_252' title='bbox 620 1877 699 1914; x_wconf 85' lang='lat' dir='ltr'>loco</span> <span class='ocrx_word' id='word_1_253' title='bbox 731 1880 844 1916; x_wconf 88' lang='lat' dir='ltr'>anted.</span> <span class='ocrx_word' id='word_1_254' title='bbox 882 1881 970 1917; x_wconf 82' lang='lat' dir='ltr'>Huic</span> <span class='ocrx_word' id='word_1_255' title='bbox 1000 1881 1102 1917; x_wconf 86' lang='lat' dir='ltr'>Floro</span> 
     </span>
     <span class='ocr_line' id='line_1_35' title="bbox 73 1924 1102 1980; baseline 0.008 -20"><span class='ocrx_word' id='word_1_256' title='bbox 73 1924 247 1976; x_wconf 83' lang='lat' dir='ltr'>suppetias</span> <span class='ocrx_word' id='word_1_257' title='bbox 268 1926 344 1963; x_wconf 87' lang='lat' dir='ltr'>tulit</span> <span class='ocrx_word' id='word_1_258' title='bbox 368 1926 496 1973; x_wconf 70' lang='lat' dir='ltr'>Cellius</span> <span class='ocrx_word' id='word_1_259' title='bbox 523 1927 638 1965; x_wconf 84' lang='lat' dir='ltr'>Gallus</span> <span class='ocrx_word' id='word_1_260' title='bbox 667 1931 769 1978; x_wconf 80' lang='lat' dir='ltr'>Syriae</span> <span class='ocrx_word' id='word_1_261' title='bbox 807 1930 938 1980; x_wconf 79' lang='lat' dir='ltr'>legatus</span> <span class='ocrx_word' id='word_1_262' title='bbox 971 1931 1102 1968; x_wconf 86' lang='lat' dir='ltr'>Consu-</span> 
     </span>
     <span class='ocr_line' id='line_1_36' title="bbox 68 1975 1099 2030; baseline 0.007 -18"><span class='ocrx_word' id='word_1_263' title='bbox 68 1975 164 2013; x_wconf 62' lang='lat' dir='ltr'>‘lat-is.</span> <span class='ocrx_word' id='word_1_264' title='bbox 187 1979 230 2013; x_wconf 90' lang='lat' dir='ltr'>C.</span> <span class='ocrx_word' id='word_1_265' title='bbox 253 1977 395 2015; x_wconf 85' lang='lat' dir='ltr'>Tacitus</span> <span class='ocrx_word' id='word_1_266' title='bbox 420 1977 500 2014; x_wconf 89' lang='lat' dir='ltr'>loco</span> <span class='ocrx_word' id='word_1_267' title='bbox 517 1978 596 2015; x_wconf 88' lang='lat' dir='ltr'>eod.</span> <span class='ocrx_word' id='word_1_268' title='bbox 623 1979 761 2030; x_wconf 84' lang='lat' dir='ltr'>Joseph.</span> <span class='ocrx_word' id='word_1_269' title='bbox 789 1981 929 2018; x_wconf 84' lang='lat' dir='ltr'>Exscidii</span> <span class='ocrx_word' id='word_1_270' title='bbox 953 1981 1009 2018; x_wconf 87' lang='lat' dir='ltr'>lib.</span> <span class='ocrx_word' id='word_1_271' title='bbox 1047 1997 1099 2020; x_wconf 89' lang='lat'>11.</span> 
     </span>
     <span class='ocr_line' id='line_1_37' title="bbox 74 2026 1125 2080; baseline 0.004 -18"><span class='ocrx_word' id='word_1_272' title='bbox 74 2030 148 2063; x_wconf 83' lang='lat' dir='ltr'>&amp;c.</span> <span class='ocrx_word' id='word_1_273' title='bbox 171 2040 248 2064; x_wconf 84' lang='lat'>111.</span> <span class='ocrx_word' id='word_1_274' title='bbox 277 2026 335 2065; x_wconf 92' lang='lat' dir='ltr'>lib.</span> <span class='ocrx_word' id='word_1_275' title='bbox 362 2042 440 2065; x_wconf 88' lang='lat'>111.</span> <span class='ocrx_word' id='word_1_276' title='bbox 479 2027 696 2080; x_wconf 74' lang='lat' dir='ltr'>Hegefippus</span> <span class='ocrx_word' id='word_1_277' title='bbox 716 2030 806 2067; x_wconf 84' lang='lat' dir='ltr'>male</span> <span class='ocrx_word' id='word_1_278' title='bbox 827 2031 859 2067; x_wconf 91' lang='lat' dir='ltr'>id</span> <span class='ocrx_word' id='word_1_279' title='bbox 887 2046 1020 2069; x_wconf 87' lang='lat' dir='ltr'>nomen</span> <span class='ocrx_word' id='word_1_280' title='bbox 1046 2046 1100 2069; x_wconf 83' lang='lat' dir='ltr'>ex·</span> <span class='ocrx_word' id='word_1_281' title='bbox 1120 2032 1125 2066; x_wconf 60' lang='lat' dir='ltr'>l</span> 
     </span>
     <span class='ocr_line' id='line_1_38' title="bbox 76 2075 1100 2132; baseline 0.009 -21"><span class='ocrx_word' id='word_1_282' title='bbox 76 2075 191 2126; x_wconf 80' lang='lat' dir='ltr'>pressit</span> <span class='ocrx_word' id='word_1_283' title='bbox 216 2089 291 2126; x_wconf 83' lang='lat' dir='ltr'>cap.</span> <span class='ocrx_word' id='word_1_284' title='bbox 319 2091 354 2116; x_wconf 77' lang='lat' dir='ltr'>v.</span> <span class='ocrx_word' id='word_1_285' title='bbox 381 2078 440 2118; x_wconf 86' lang='lat' dir='ltr'>lib.</span> <span class='ocrx_word' id='word_1_286' title='bbox 467 2093 544 2117; x_wconf 83' lang='lat'>111.</span> <span class='ocrx_word' id='word_1_287' title='bbox 575 2082 629 2117; x_wconf 90' lang='lat' dir='ltr'>cui</span> <span class='ocrx_word' id='word_1_288' title='bbox 653 2082 860 2129; x_wconf 71' lang='lat' dir='ltr'>Crescemins</span> <span class='ocrx_word' id='word_1_289' title='bbox 878 2083 935 2120; x_wconf 78' lang='lat' dir='ltr'>est.</span> <span class='ocrx_word' id='word_1_290' title='bbox 994 2084 1100 2132; x_wconf 80' lang='lat' dir='ltr'>Qod</span> 
     </span>
     <span class='ocr_line' id='line_1_39' title="bbox 77 2127 1124 2181; baseline 0.006 -17"><span class='ocrx_word' id='word_1_291' title='bbox 77 2139 196 2164; x_wconf 79' lang='lat' dir='ltr'>autem</span> <span class='ocrx_word' id='word_1_292' title='bbox 225 2127 342 2165; x_wconf 85' lang='lat' dir='ltr'>Florus</span> <span class='ocrx_word' id='word_1_293' title='bbox 368 2128 423 2166; x_wconf 91' lang='lat' dir='ltr'>ille</span> <span class='ocrx_word' id='word_1_294' title='bbox 447 2142 520 2167; x_wconf 89' lang='lat' dir='ltr'>non</span> <span class='ocrx_word' id='word_1_295' title='bbox 552 2130 673 2181; x_wconf 74' lang='lat' dir='ltr'>legitur</span> <span class='ocrx_word' id='word_1_296' title='bbox 700 2132 804 2169; x_wconf 79' lang='lat' dir='ltr'>caesus</span> <span class='ocrx_word' id='word_1_297' title='bbox 829 2146 848 2168; x_wconf 86' lang='lat' dir='ltr'>a</span> <span class='ocrx_word' id='word_1_298' title='bbox 867 2133 993 2177; x_wconf 82' lang='lat' dir='ltr'>Judaeis</span> <span class='ocrx_word' id='word_1_299' title='bbox 1012 2164 1023 2177; x_wconf 94' lang='lat'>‚</span> <span class='ocrx_word' id='word_1_300' title='bbox 1061 2138 1096 2170; x_wconf 66' lang='lat' dir='ltr'>&amp;c</span> <span class='ocrx_word' id='word_1_301' title='bbox 1123 2137 1124 2163; x_wconf 72' lang='grc' dir='ltr'><strong>ἓ</strong></span> 
     </span>
     <span class='ocr_line' id='line_1_40' title="bbox 71 2177 1096 2224; baseline 0.008 -10"><span class='ocrx_word' id='word_1_302' title='bbox 71 2177 260 2214; x_wconf 66' lang='lat' dir='ltr'>‘Suetonius</span> <span class='ocrx_word' id='word_1_303' title='bbox 295 2178 420 2219; x_wconf 85' lang='lat' dir='ltr'>caesum</span> <span class='ocrx_word' id='word_1_304' title='bbox 457 2181 539 2224; x_wconf 89' lang='lat' dir='ltr'>ait,</span> <span class='ocrx_word' id='word_1_305' title='bbox 578 2182 668 2220; x_wconf 84' lang='lat' dir='ltr'>forte</span> <span class='ocrx_word' id='word_1_306' title='bbox 702 2182 787 2219; x_wconf 76' lang='lat' dir='ltr'>alios</span> <span class='ocrx_word' id='word_1_307' title='bbox 820 2186 978 2221; x_wconf 66' lang='lat' dir='ltr'>auctores</span> <span class='ocrx_word' id='word_1_308' title='bbox 1006 2185 1096 2222; x_wconf 82' lang='lat' dir='ltr'>secu-</span> 
     </span>
     <span class='ocr_line' id='line_1_41' title="bbox 76 2227 208 2264; baseline 0.008 -1"><span class='ocrx_word' id='word_1_309' title='bbox 76 2238 134 2264; x_wconf 89' lang='lat' dir='ltr'>tus</span> <span class='ocrx_word' id='word_1_310' title='bbox 151 2227 208 2264; x_wconf 85' lang='lat' dir='ltr'>est.</span> 
     </span>
    </p>

    <p class='ocr_par' dir='ltr' id='par_1_5' title="bbox 67 2279 1095 2683">
     <span class='ocr_line' id='line_1_42' title="bbox 132 2279 1095 2330; baseline 0.011 -18"><span class='ocrx_word' id='word_1_311' title='bbox 132 2285 243 2325; x_wconf 72' lang='lat' dir='ltr'>Rapta</span> <span class='ocrx_word' id='word_1_312' title='bbox 282 2279 403 2328; x_wconf 74' lang='lat' dir='ltr'>aquila</span> <span class='ocrx_word' id='word_1_313' title='bbox 440 2281 689 2330; x_wconf 56' lang='lat' dir='ltr'>fugaverunt]</span> <span class='ocrx_word' id='word_1_314' title='bbox 754 2287 842 2322; x_wconf 88' lang='lat' dir='ltr'>Non</span> <span class='ocrx_word' id='word_1_315' title='bbox 898 2287 1012 2323; x_wconf 88' lang='lat' dir='ltr'>minus</span> <span class='ocrx_word' id='word_1_316' title='bbox 1053 2286 1095 2323; x_wconf 87' lang='lat' dir='ltr'>de</span> 
     </span>
     <span class='ocr_line' id='line_1_43' title="bbox 77 2328 1094 2387; baseline 0.011 -24"><span class='ocrx_word' id='word_1_317' title='bbox 77 2328 187 2378; x_wconf 83' lang='lat' dir='ltr'>aquila</span> <span class='ocrx_word' id='word_1_318' title='bbox 205 2340 300 2378; x_wconf 81' lang='lat' dir='ltr'>rapta</span> <span class='ocrx_word' id='word_1_319' title='bbox 320 2330 477 2379; x_wconf 70' lang='lat' dir='ltr'>expressit</span> <span class='ocrx_word' id='word_1_320' title='bbox 495 2360 507 2374; x_wconf 91' lang='lat'><em>,</em></span> <span class='ocrx_word' id='word_1_321' title='bbox 545 2345 651 2381; x_wconf 83' lang='lat' dir='ltr'>quam</span> <span class='ocrx_word' id='word_1_322' title='bbox 680 2333 723 2369; x_wconf 89' lang='lat' dir='ltr'>de</span> <span class='ocrx_word' id='word_1_323' title='bbox 751 2333 833 2386; x_wconf 85' lang='lat' dir='ltr'>fuga</span> <span class='ocrx_word' id='word_1_324' title='bbox 858 2335 990 2386; x_wconf 75' lang='lat' dir='ltr'>legati,</span> <span class='ocrx_word' id='word_1_325' title='bbox 1017 2340 1094 2387; x_wconf 80' lang='lat' dir='ltr'>quia</span> 
     </span>
     <span class='ocr_line' id='line_1_44' title="bbox 77 2380 1092 2435; baseline 0.011 -21"><span class='ocrx_word' id='word_1_326' title='bbox 77 2392 151 2415; x_wconf 80' lang='lat' dir='ltr'>non</span> <span class='ocrx_word' id='word_1_327' title='bbox 180 2380 292 2416; x_wconf 89' lang='lat' dir='ltr'>minus</span> <span class='ocrx_word' id='word_1_328' title='bbox 321 2391 416 2430; x_wconf 84' lang='lat' dir='ltr'>turpe</span> <span class='ocrx_word' id='word_1_329' title='bbox 443 2383 577 2417; x_wconf 84' lang='lat' dir='ltr'>nomini</span> <span class='ocrx_word' id='word_1_330' title='bbox 600 2386 770 2421; x_wconf 88' lang='lat' dir='ltr'>Romano</span> <span class='ocrx_word' id='word_1_331' title='bbox 802 2388 952 2435; x_wconf 82' lang='lat' dir='ltr'>aquilam</span> <span class='ocrx_word' id='word_1_332' title='bbox 985 2389 1092 2425; x_wconf 72' lang='lat' dir='ltr'>venis-</span> 
     </span>
     <span class='ocr_line' id='line_1_45' title="bbox 67 2429 1088 2484; baseline 0.01 -18"><span class='ocrx_word' id='word_1_333' title='bbox 67 2430 111 2466; x_wconf 64' lang='lat' dir='ltr'>‘se</span> <span class='ocrx_word' id='word_1_334' title='bbox 137 2431 170 2465; x_wconf 85' lang='lat' dir='ltr'>in</span> <span class='ocrx_word' id='word_1_335' title='bbox 193 2429 340 2466; x_wconf 89' lang='lat' dir='ltr'>hostium</span> <span class='ocrx_word' id='word_1_336' title='bbox 368 2433 573 2476; x_wconf 83' lang='lat' dir='ltr'>potestatem</span> <span class='ocrx_word' id='word_1_337' title='bbox 595 2461 606 2474; x_wconf 96' lang='lat'>,</span> <span class='ocrx_word' id='word_1_338' title='bbox 640 2446 745 2482; x_wconf 84' lang='lat' dir='ltr'>quam</span> <span class='ocrx_word' id='word_1_339' title='bbox 769 2435 920 2484; x_wconf 67' lang='lat' dir='ltr'>legatum</span> <span class='ocrx_word' id='word_1_340' title='bbox 958 2435 1088 2479; x_wconf 57' lang='lat' dir='ltr'>fugisse.</span> 
     </span>
     <span class='ocr_line' id='line_1_46' title="bbox 83 2480 1092 2531; baseline 0.01 -16"><span class='ocrx_word' id='word_1_341' title='bbox 83 2483 140 2516; x_wconf 89' lang='lat' dir='ltr'>De</span> <span class='ocrx_word' id='word_1_342' title='bbox 178 2480 383 2529; x_wconf 74' lang='lat' dir='ltr'>turpitudine</span> <span class='ocrx_word' id='word_1_343' title='bbox 416 2482 534 2531; x_wconf 66' lang='lat' dir='ltr'>aquila:</span> <span class='ocrx_word' id='word_1_344' title='bbox 568 2482 694 2520; x_wconf 73' lang='lat' dir='ltr'>amiffae</span> <span class='ocrx_word' id='word_1_345' title='bbox 724 2486 770 2520; x_wconf 86' lang='lat' dir='ltr'>est</span> <span class='ocrx_word' id='word_1_346' title='bbox 796 2480 1019 2530; x_wconf 33' lang='lat' dir='ltr'>inhistoriisi,</span> <span class='ocrx_word' id='word_1_347' title='bbox 1057 2502 1092 2525; x_wconf 87' lang='lat' dir='ltr'>ut</span> 
     </span>
     <span class='ocr_line' id='line_1_47' title="bbox 79 2531 1088 2575; baseline 0.009 -8"><span class='ocrx_word' id='word_1_348' title='bbox 79 2533 121 2567; x_wconf 92' lang='lat' dir='ltr'>C.</span> <span class='ocrx_word' id='word_1_349' title='bbox 144 2532 253 2566; x_wconf 90' lang='lat' dir='ltr'>Taciti</span> <span class='ocrx_word' id='word_1_350' title='bbox 283 2531 444 2570; x_wconf 81' lang='lat' dir='ltr'>historiar.</span> <span class='ocrx_word' id='word_1_351' title='bbox 477 2532 532 2568; x_wconf 88' lang='lat' dir='ltr'>lib.</span> <span class='ocrx_word' id='word_1_352' title='bbox 567 2547 619 2569; x_wconf 88' lang='lat'>11.</span> <span class='ocrx_word' id='word_1_353' title='bbox 650 2537 689 2569; x_wconf 89' lang='lat' dir='ltr'>L.</span> <span class='ocrx_word' id='word_1_354' title='bbox 708 2534 795 2571; x_wconf 77' lang='lat' dir='ltr'>Flori</span> <span class='ocrx_word' id='word_1_355' title='bbox 821 2547 856 2573; x_wconf 84' lang='lat' dir='ltr'>c.</span> <span class='ocrx_word' id='word_1_356' title='bbox 877 2537 933 2573; x_wconf 88' lang='lat' dir='ltr'>ult.</span> <span class='ocrx_word' id='word_1_357' title='bbox 954 2536 1012 2574; x_wconf 87' lang='lat' dir='ltr'>lib.</span> <span class='ocrx_word' id='word_1_358' title='bbox 1038 2553 1088 2575; x_wconf 77' lang='lat' dir='ltr'>tv.</span> 
     </span>
     <span class='ocr_line' id='line_1_48' title="bbox 77 2581 1091 2638; baseline 0.007 -21"><span class='ocrx_word' id='word_1_359' title='bbox 77 2582 222 2631; x_wconf 78' lang='lat' dir='ltr'>Appiani</span> <span class='ocrx_word' id='word_1_360' title='bbox 251 2581 307 2619; x_wconf 85' lang='lat' dir='ltr'>lib.</span> <span class='ocrx_word' id='word_1_361' title='bbox 341 2597 395 2619; x_wconf 89' lang='grc' dir='ltr'>ιι.</span> <span class='ocrx_word' id='word_1_362' title='bbox 439 2584 474 2618; x_wconf 89' lang='lat' dir='ltr'>in</span> <span class='ocrx_word' id='word_1_363' title='bbox 512 2584 706 2620; x_wconf 75' lang='lat' dir='ltr'>narratione</span> <span class='ocrx_word' id='word_1_364' title='bbox 739 2584 782 2620; x_wconf 88' lang='lat' dir='ltr'>de</span> <span class='ocrx_word' id='word_1_365' title='bbox 811 2588 986 2638; x_wconf 73' lang='lat' dir='ltr'>Pompeio</span> <span class='ocrx_word' id='word_1_366' title='bbox 1021 2590 1091 2625; x_wconf 73' lang='lat' dir='ltr'>vin-</span> 
     </span>
     <span class='ocr_line' id='line_1_49' title="bbox 75 2631 908 2683; baseline 0.002 -15"><span class='ocrx_word' id='word_1_367' title='bbox 75 2643 175 2668; x_wconf 73' lang='lat' dir='ltr'>cente</span> <span class='ocrx_word' id='word_1_368' title='bbox 191 2631 386 2676; x_wconf 66' lang='lat' dir='ltr'>Caesarem,</span> <span class='ocrx_word' id='word_1_369' title='bbox 416 2636 452 2669; x_wconf 73' lang='grc' dir='ltr'>ὃ(</span> <span class='ocrx_word' id='word_1_370' title='bbox 473 2631 593 2682; x_wconf 79' lang='lat' dir='ltr'>passim</span> <span class='ocrx_word' id='word_1_371' title='bbox 609 2633 696 2683; x_wconf 75' lang='lat' dir='ltr'>apud</span> <span class='ocrx_word' id='word_1_372' title='bbox 718 2633 810 2672; x_wconf 82' lang='lat' dir='ltr'>alios.</span> <span class='ocrx_word' id='word_1_373' title='bbox 903 2666 908 2670; x_wconf 91' lang='lat'><strong>.</strong></span> 
     </span>
    </p>

    <p class='ocr_par' dir='ltr' id='par_1_6' title="bbox 76 2682 1088 2783">
     <span class='ocr_line' id='line_1_50' title="bbox 133 2682 1088 2735; baseline 0.009 -19"><span class='ocrx_word' id='word_1_374' title='bbox 133 2687 198 2730; x_wconf 75' lang='lat' dir='ltr'>Ipse</span> <span class='ocrx_word' id='word_1_375' title='bbox 218 2682 415 2729; x_wconf 77' lang='lat' dir='ltr'>potiffimum</span> <span class='ocrx_word' id='word_1_376' title='bbox 435 2685 572 2719; x_wconf 64' lang='lat' dir='ltr'>dilertus</span> <span class='ocrx_word' id='word_1_377' title='bbox 589 2685 668 2730; x_wconf 63' lang='lat' dir='ltr'>effi]</span> <span class='ocrx_word' id='word_1_378' title='bbox 709 2689 766 2723; x_wconf 89' lang='lat' dir='ltr'>De</span> <span class='ocrx_word' id='word_1_379' title='bbox 786 2698 855 2735; x_wconf 91' lang='lat' dir='ltr'>quo</span> <span class='ocrx_word' id='word_1_380' title='bbox 880 2684 1004 2724; x_wconf 67' lang='lat' dir='ltr'>dilectu</span> <span class='ocrx_word' id='word_1_381' title='bbox 1030 2690 1088 2731; x_wconf 88' lang='lat' dir='ltr'>Jo-</span> 
     </span>
     <span class='ocr_line' id='line_1_51' title="bbox 76 2731 636 2783; baseline 0.005 -14"><span class='ocrx_word' id='word_1_382' title='bbox 76 2731 197 2783; x_wconf 84' lang='lat' dir='ltr'>sephus</span> <span class='ocrx_word' id='word_1_383' title='bbox 219 2733 356 2768; x_wconf 82' lang='lat' dir='ltr'>Exscidii</span> <span class='ocrx_word' id='word_1_384' title='bbox 375 2747 405 2770; x_wconf 89' lang='lat' dir='ltr'>c.</span> <span class='ocrx_word' id='word_1_385' title='bbox 431 2749 458 2771; x_wconf 90' lang='lat'>1.</span> <span class='ocrx_word' id='word_1_386' title='bbox 481 2734 539 2770; x_wconf 85' lang='lat' dir='ltr'>lib.</span> <span class='ocrx_word' id='word_1_387' title='bbox 563 2749 636 2772; x_wconf 88' lang='lat'>111.</span> 
     </span>
    </p>

    <p class='ocr_par' dir='ltr' id='par_1_7' title="bbox 78 2781 1092 3090">
     <span class='ocr_line' id='line_1_52' title="bbox 132 2781 1092 2840; baseline 0.008 -23"><span class='ocrx_word' id='word_1_388' title='bbox 132 2788 173 2818; x_wconf 81' lang='lat' dir='ltr'>Ut</span> <span class='ocrx_word' id='word_1_389' title='bbox 192 2781 244 2825; x_wconf 54' lang='grc' dir='ltr'>ἶς’</span> <span class='ocrx_word' id='word_1_390' title='bbox 262 2784 425 2830; x_wconf 66' lang='lat' dir='ltr'>industria</span> <span class='ocrx_word' id='word_1_391' title='bbox 457 2788 630 2833; x_wconf 46' lang='lat' dir='ltr'>experte]</span> <span class='ocrx_word' id='word_1_392' title='bbox 671 2785 865 2824; x_wconf 80' lang='lat' dir='ltr'>Maluerunt</span> <span class='ocrx_word' id='word_1_393' title='bbox 889 2789 1004 2825; x_wconf 87' lang='lat' dir='ltr'>Critici</span> <span class='ocrx_word' id='word_1_394' title='bbox 1023 2790 1092 2840; x_wconf 70' lang='lat' dir='ltr'>ple-</span> 
     </span>
     <span class='ocr_line' id='line_1_53' title="bbox 80 2833 1089 2884; baseline 0.007 -15"><span class='ocrx_word' id='word_1_395' title='bbox 80 2834 202 2884; x_wconf 87' lang='lat' dir='ltr'>rique,</span> <span class='ocrx_word' id='word_1_396' title='bbox 238 2843 279 2869; x_wconf 78' lang='grc' dir='ltr'>ιιι·</span> <span class='ocrx_word' id='word_1_397' title='bbox 304 2833 355 2876; x_wconf 65' lang='lat'>{5</span> <span class='ocrx_word' id='word_1_398' title='bbox 376 2834 539 2881; x_wconf 59' lang='lat' dir='ltr'>industria</span> <span class='ocrx_word' id='word_1_399' title='bbox 572 2844 722 2884; x_wconf 61' lang='lat' dir='ltr'>expertus</span> <span class='ocrx_word' id='word_1_400' title='bbox 745 2865 755 2879; x_wconf 94' lang='lat'>‚</span> <span class='ocrx_word' id='word_1_401' title='bbox 788 2841 856 2874; x_wconf 65' lang='grc' dir='ltr'>ἃς.</span> <span class='ocrx_word' id='word_1_402' title='bbox 914 2839 1033 2876; x_wconf 78' lang='lat' dir='ltr'>Melius</span> <span class='ocrx_word' id='word_1_403' title='bbox 1055 2843 1089 2878; x_wconf 92' lang='lat' dir='ltr'>li-</span> 
     </span>
     <span class='ocr_line' id='line_1_54' title="bbox 78 2883 1087 2934; baseline 0.008 -14"><span class='ocrx_word' id='word_1_404' title='bbox 78 2883 131 2920; x_wconf 79' lang='lat' dir='ltr'>bri</span> <span class='ocrx_word' id='word_1_405' title='bbox 147 2894 296 2926; x_wconf 82' lang='lat' dir='ltr'>veteres,</span> <span class='ocrx_word' id='word_1_406' title='bbox 323 2893 363 2920; x_wconf 81' lang='lat' dir='ltr'>ut</span> <span class='ocrx_word' id='word_1_407' title='bbox 383 2883 434 2928; x_wconf 60' lang='lat'>&amp;⁰</span> <span class='ocrx_word' id='word_1_408' title='bbox 449 2885 612 2932; x_wconf 62' lang='lat' dir='ltr'>industria</span> <span class='ocrx_word' id='word_1_409' title='bbox 622 2895 765 2934; x_wconf 73' lang='lat' dir='ltr'>experta.</span> <span class='ocrx_word' id='word_1_410' title='bbox 801 2889 852 2924; x_wconf 85' lang='lat' dir='ltr'>Sic</span> <span class='ocrx_word' id='word_1_411' title='bbox 870 2891 963 2925; x_wconf 90' lang='lat' dir='ltr'>enim</span> <span class='ocrx_word' id='word_1_412' title='bbox 982 2893 1087 2928; x_wconf 84' lang='lat' dir='ltr'>etiam</span> 
     </span>
     <span class='ocr_line' id='line_1_55' title="bbox 78 2934 1089 2990; baseline 0.008 -20"><span class='ocrx_word' id='word_1_413' title='bbox 78 2936 125 2971; x_wconf 89' lang='lat' dir='ltr'>T.</span> <span class='ocrx_word' id='word_1_414' title='bbox 158 2935 273 2972; x_wconf 84' lang='lat' dir='ltr'>Livius</span> <span class='ocrx_word' id='word_1_415' title='bbox 298 2934 353 2972; x_wconf 89' lang='lat' dir='ltr'>lib.</span> <span class='ocrx_word' id='word_1_416' title='bbox 392 2949 542 2973; x_wconf 74' lang='lat' dir='ltr'>xxxviii.</span> <span class='ocrx_word' id='word_1_417' title='bbox 610 2936 770 2973; x_wconf 72' lang='lat' dir='ltr'>Audacia</span> <span class='ocrx_word' id='word_1_418' title='bbox 801 2947 933 2986; x_wconf 69' lang='lat' dir='ltr'>experta</span> <span class='ocrx_word' id='word_1_419' title='bbox 968 2943 1089 2990; x_wconf 66' lang='lat' dir='ltr'>(lelege-</span> 
     </span>
     <span class='ocr_line' id='line_1_56' title="bbox 79 2984 1088 3040; baseline 0.007 -22"><span class='ocrx_word' id='word_1_420' title='bbox 79 2994 159 3019; x_wconf 86' lang='lat' dir='ltr'>runt</span> <span class='ocrx_word' id='word_1_421' title='bbox 177 2984 311 3032; x_wconf 77' lang='lat' dir='ltr'>equites.</span> <span class='ocrx_word' id='word_1_422' title='bbox 369 2989 410 3023; x_wconf 90' lang='lat' dir='ltr'>Et</span> <span class='ocrx_word' id='word_1_423' title='bbox 432 2989 474 3023; x_wconf 91' lang='lat' dir='ltr'>C.</span> <span class='ocrx_word' id='word_1_424' title='bbox 494 2988 635 3024; x_wconf 82' lang='lat' dir='ltr'>Tacitus</span> <span class='ocrx_word' id='word_1_425' title='bbox 653 2987 776 3025; x_wconf 86' lang='lat' dir='ltr'>Annali</span> <span class='ocrx_word' id='word_1_426' title='bbox 797 3001 856 3026; x_wconf 83' lang='lat'>111.</span> <span class='ocrx_word' id='word_1_427' title='bbox 916 2996 1088 3040; x_wconf 73' lang='lat' dir='ltr'>Prapomc.</span> 
     </span>
     <span class='ocr_line' id='line_1_57' title="bbox 81 3037 1089 3090; baseline 0.012 -21"><span class='ocrx_word' id='word_1_428' title='bbox 81 3046 143 3084; x_wconf 66' lang='lat' dir='ltr'>que</span> <span class='ocrx_word' id='word_1_429' title='bbox 170 3043 369 3074; x_wconf 74' lang='lat' dir='ltr'>centurlones</span> <span class='ocrx_word' id='word_1_430' title='bbox 398 3037 542 3075; x_wconf 75' lang='lat' dir='ltr'>virtutis</span> <span class='ocrx_word' id='word_1_431' title='bbox 572 3047 717 3087; x_wconf 70' lang='lat' dir='ltr'>experta.</span> <span class='ocrx_word' id='word_1_432' title='bbox 773 3040 913 3090; x_wconf 79' lang='lat' dir='ltr'>Qippe</span> <span class='ocrx_word' id='word_1_433' title='bbox 938 3053 973 3080; x_wconf 88' lang='lat' dir='ltr'>ut</span> <span class='ocrx_word' id='word_1_434' title='bbox 998 3048 1089 3083; x_wconf 63' lang='lat' dir='ltr'>tecte</span> 
     </span>
    </p>
   </div>
   <div class='ocr_carea' id='block_1_3' title="bbox 1022 175 1689 233">
    <p class='ocr_par' dir='ltr' id='par_1_8' title="bbox 1022 175 1689 233">
     <span class='ocr_line' id='line_1_58' title="bbox 1022 175 1689 233; baseline 0.003 -3"><span class='ocrx_word' id='word_1_435' title='bbox 1022 175 1689 233; x_wconf 76' lang='lat' dir='ltr'><strong>MARclLIUS.</strong></span> 
     </span>
    </p>
   </div>
   <div class='ocr_carea' id='block_1_4' title="bbox 1159 267 2189 972">
    <p class='ocr_par' dir='ltr' id='par_1_9' title="bbox 1159 267 2189 972">
     <span class='ocr_line' id='line_1_59' title="bbox 1162 267 2189 321; baseline 0.006 -18"><span class='ocrx_word' id='word_1_436' title='bbox 1162 267 1351 306; x_wconf 83' lang='lat' dir='ltr'>Priscianus</span> <span class='ocrx_word' id='word_1_437' title='bbox 1381 269 1551 307; x_wconf 81' lang='lat' dir='ltr'>admonet</span> <span class='ocrx_word' id='word_1_438' title='bbox 1575 298 1587 313; x_wconf 94' lang='lat'><em>‚</em></span> <span class='ocrx_word' id='word_1_439' title='bbox 1629 270 1736 307; x_wconf 71' lang='lat' dir='ltr'>enam</span> <span class='ocrx_word' id='word_1_440' title='bbox 1771 267 1897 321; x_wconf 75' lang='lat' dir='ltr'>passive</span> <span class='ocrx_word' id='word_1_441' title='bbox 1935 268 2084 309; x_wconf 78' lang='lat' dir='ltr'>dicimus</span> <span class='ocrx_word' id='word_1_442' title='bbox 2117 285 2189 309; x_wconf 87' lang='lat' dir='ltr'>rem</span> 
     </span>
     <span class='ocr_line' id='line_1_60' title="bbox 1165 320 2189 372; baseline 0.007 -19"><span class='ocrx_word' id='word_1_443' title='bbox 1165 327 1359 367; x_wconf 77' lang='lat' dir='ltr'>expertam,</span> <span class='ocrx_word' id='word_1_444' title='bbox 1386 332 1493 370; x_wconf 87' lang='lat' dir='ltr'>quam</span> <span class='ocrx_word' id='word_1_445' title='bbox 1530 323 1658 370; x_wconf 86' lang='lat' dir='ltr'>experti</span> <span class='ocrx_word' id='word_1_446' title='bbox 1689 320 1832 366; x_wconf 85' lang='lat' dir='ltr'>sumus,</span> <span class='ocrx_word' id='word_1_447' title='bbox 1873 325 1912 358; x_wconf 89' lang='lat'>&amp;</span> <span class='ocrx_word' id='word_1_448' title='bbox 1947 320 2075 372; x_wconf 78' lang='lat' dir='ltr'>profert</span> <span class='ocrx_word' id='word_1_449' title='bbox 2102 323 2189 360; x_wconf 89' lang='lat' dir='ltr'>testi-</span> 
     </span>
     <span class='ocr_line' id='line_1_61' title="bbox 1163 371 2187 424; baseline 0.007 -19"><span class='ocrx_word' id='word_1_450' title='bbox 1163 372 1287 406; x_wconf 86' lang='lat' dir='ltr'>monia</span> <span class='ocrx_word' id='word_1_451' title='bbox 1314 383 1471 409; x_wconf 86' lang='lat' dir='ltr'>veterum</span> <span class='ocrx_word' id='word_1_452' title='bbox 1499 385 1528 409; x_wconf 95' lang='lat' dir='ltr'>c.</span> <span class='ocrx_word' id='word_1_453' title='bbox 1547 384 1590 409; x_wconf 85' lang='grc' dir='ltr'>ιι.</span> <span class='ocrx_word' id='word_1_454' title='bbox 1626 371 1683 409; x_wconf 87' lang='lat' dir='ltr'>lib.</span> <span class='ocrx_word' id='word_1_455' title='bbox 1716 386 1802 410; x_wconf 82' lang='lat' dir='ltr'>vm.</span> <span class='ocrx_word' id='word_1_456' title='bbox 1858 375 1912 409; x_wconf 88' lang='lat' dir='ltr'>Sic</span> <span class='ocrx_word' id='word_1_457' title='bbox 1941 372 2069 410; x_wconf 86' lang='lat' dir='ltr'>Tibulli</span> <span class='ocrx_word' id='word_1_458' title='bbox 2099 374 2187 424; x_wconf 72' lang='lat' dir='ltr'>eleg.</span> 
     </span>
     <span class='ocr_line' id='line_1_62' title="bbox 1164 420 2186 474; baseline 0.005 -18"><span class='ocrx_word' id='word_1_459' title='bbox 1164 432 1190 457; x_wconf 86' lang='lat'>1.</span> <span class='ocrx_word' id='word_1_460' title='bbox 1220 420 1278 457; x_wconf 83' lang='lat' dir='ltr'>lib.</span> <span class='ocrx_word' id='word_1_461' title='bbox 1308 434 1352 459; x_wconf 86' lang='lat'>11.</span> <span class='ocrx_word' id='word_1_462' title='bbox 1409 428 1483 458; x_wconf 85' lang='lat' dir='ltr'>Ars</span> <span class='ocrx_word' id='word_1_463' title='bbox 1515 423 1692 470; x_wconf 66' lang='lat' dir='ltr'>inexperta</span> <span class='ocrx_word' id='word_1_464' title='bbox 1710 452 1720 466; x_wconf 91' lang='lat'><em>‚</em></span> <span class='ocrx_word' id='word_1_465' title='bbox 1759 436 1867 473; x_wconf 89' lang='lat' dir='ltr'>quam</span> <span class='ocrx_word' id='word_1_466' title='bbox 1899 423 2049 460; x_wconf 84' lang='lat' dir='ltr'>necdum</span> <span class='ocrx_word' id='word_1_467' title='bbox 2078 425 2186 474; x_wconf 74' lang='lat' dir='ltr'>vulgo</span> 
     </span>
     <span class='ocr_line' id='line_1_63' title="bbox 1166 472 2188 522; baseline 0.004 -15"><span class='ocrx_word' id='word_1_468' title='bbox 1166 473 1320 520; x_wconf 83' lang='lat' dir='ltr'>experti,</span> <span class='ocrx_word' id='word_1_469' title='bbox 1360 483 1396 509; x_wconf 88' lang='lat' dir='ltr'>ut</span> <span class='ocrx_word' id='word_1_470' title='bbox 1421 474 1590 522; x_wconf 80' lang='lat' dir='ltr'>Propertii</span> <span class='ocrx_word' id='word_1_471' title='bbox 1619 472 1796 522; x_wconf 74' lang='lat' dir='ltr'>eleg-lib.</span> <span class='ocrx_word' id='word_1_472' title='bbox 1825 487 1886 511; x_wconf 84' lang='grc' dir='ltr'><strong><em>ιιι.</em></strong></span> <span class='ocrx_word' id='word_1_473' title='bbox 1940 478 2085 522; x_wconf 68' lang='lat' dir='ltr'>Expertae</span> <span class='ocrx_word' id='word_1_474' title='bbox 2121 474 2188 511; x_wconf 78' lang='lat' dir='ltr'>hel-</span> 
     </span>
     <span class='ocr_line' id='line_1_64' title="bbox 1165 519 2186 574; baseline 0.008 -20"><span class='ocrx_word' id='word_1_475' title='bbox 1165 519 1194 555; x_wconf 89' lang='lat' dir='ltr'>lo</span> <span class='ocrx_word' id='word_1_476' title='bbox 1204 530 1305 569; x_wconf 65' lang='lat' dir='ltr'>prora</span> <span class='ocrx_word' id='word_1_477' title='bbox 1324 552 1334 566; x_wconf 92' lang='lat'><strong><em>,</em></strong></span> <span class='ocrx_word' id='word_1_478' title='bbox 1366 523 1400 559; x_wconf 87' lang='lat' dir='ltr'>id</span> <span class='ocrx_word' id='word_1_479' title='bbox 1421 523 1489 566; x_wconf 87' lang='lat' dir='ltr'>est,</span> <span class='ocrx_word' id='word_1_480' title='bbox 1521 523 1688 573; x_wconf 67' lang='lat' dir='ltr'>spestatae.</span> <span class='ocrx_word' id='word_1_481' title='bbox 1716 525 1902 574; x_wconf 83' lang='lat' dir='ltr'>Exempla,</span> <span class='ocrx_word' id='word_1_482' title='bbox 1928 537 2004 573; x_wconf 85' lang='lat' dir='ltr'>qua:</span> <span class='ocrx_word' id='word_1_483' title='bbox 2023 526 2186 562; x_wconf 82' lang='lat' dir='ltr'>Laevinus</span> 
     </span>
     <span class='ocr_line' id='line_1_65' title="bbox 1167 573 2186 617; baseline 0.005 -11"><span class='ocrx_word' id='word_1_484' title='bbox 1167 573 1369 609; x_wconf 85' lang='lat' dir='ltr'>Torrentius</span> <span class='ocrx_word' id='word_1_485' title='bbox 1401 577 1439 609; x_wconf 69' lang='grc' dir='ltr'>δε</span> <span class='ocrx_word' id='word_1_486' title='bbox 1466 574 1520 609; x_wconf 88' lang='lat' dir='ltr'>alii</span> <span class='ocrx_word' id='word_1_487' title='bbox 1555 574 1696 610; x_wconf 82' lang='lat' dir='ltr'>attulere</span> <span class='ocrx_word' id='word_1_488' title='bbox 1722 603 1733 617; x_wconf 89' lang='lat'><em>‚</em></span> <span class='ocrx_word' id='word_1_489' title='bbox 1771 589 1842 611; x_wconf 87' lang='lat' dir='ltr'>non</span> <span class='ocrx_word' id='word_1_490' title='bbox 1881 573 2039 611; x_wconf 80' lang='lat' dir='ltr'>faciunt:</span> <span class='ocrx_word' id='word_1_491' title='bbox 2076 576 2111 611; x_wconf 88' lang='lat' dir='ltr'>in</span> <span class='ocrx_word' id='word_1_492' title='bbox 2146 576 2186 612; x_wconf 89' lang='lat' dir='ltr'>iis</span> 
     </span>
     <span class='ocr_line' id='line_1_66' title="bbox 1166 621 2181 673; baseline 0.007 -18"><span class='ocrx_word' id='word_1_493' title='bbox 1166 621 1262 656; x_wconf 89' lang='lat' dir='ltr'>enim</span> <span class='ocrx_word' id='word_1_494' title='bbox 1298 634 1453 672; x_wconf 81' lang='lat' dir='ltr'>expertus</span> <span class='ocrx_word' id='word_1_495' title='bbox 1480 637 1552 659; x_wconf 91' lang='lat' dir='ltr'>non</span> <span class='ocrx_word' id='word_1_496' title='bbox 1581 624 1630 660; x_wconf 84' lang='lat' dir='ltr'>est</span> <span class='ocrx_word' id='word_1_497' title='bbox 1651 625 1819 673; x_wconf 60' lang='lat' dir='ltr'>spectatus</span> <span class='ocrx_word' id='word_1_498' title='bbox 1838 654 1849 667; x_wconf 84' lang='lat'><em>,</em></span> <span class='ocrx_word' id='word_1_499' title='bbox 1887 636 1924 661; x_wconf 89' lang='lat' dir='ltr'>ut</span> <span class='ocrx_word' id='word_1_500' title='bbox 1945 626 2013 661; x_wconf 82' lang='lat' dir='ltr'>hoc</span> <span class='ocrx_word' id='word_1_501' title='bbox 2033 629 2075 662; x_wconf 89' lang='lat' dir='ltr'>C.</span> <span class='ocrx_word' id='word_1_502' title='bbox 2100 629 2181 662; x_wconf 83' lang='lat' dir='ltr'>Sue-</span> 
     </span>
     <span class='ocr_line' id='line_1_67' title="bbox 1164 670 2185 730; baseline 0.005 -25"><span class='ocrx_word' id='word_1_503' title='bbox 1164 671 1248 706; x_wconf 82' lang='lat' dir='ltr'>tonii</span> <span class='ocrx_word' id='word_1_504' title='bbox 1267 670 1346 708; x_wconf 84' lang='lat' dir='ltr'>loco</span> <span class='ocrx_word' id='word_1_505' title='bbox 1364 700 1375 714; x_wconf 90' lang='lat'><em>,</em></span> <span class='ocrx_word' id='word_1_506' title='bbox 1413 672 1470 708; x_wconf 82' lang='lat' dir='ltr'>sed</span> <span class='ocrx_word' id='word_1_507' title='bbox 1489 675 1613 722; x_wconf 88' lang='lat' dir='ltr'>peritus</span> <span class='ocrx_word' id='word_1_508' title='bbox 1629 703 1641 717; x_wconf 91' lang='lat'><em>‚</em></span> <span class='ocrx_word' id='word_1_509' title='bbox 1676 687 1712 711; x_wconf 89' lang='lat' dir='ltr'>ut</span> <span class='ocrx_word' id='word_1_510' title='bbox 1730 688 1770 712; x_wconf 78' lang='lat' dir='ltr'>ex</span> <span class='ocrx_word' id='word_1_511' title='bbox 1791 680 1836 713; x_wconf 89' lang='lat' dir='ltr'>T.</span> <span class='ocrx_word' id='word_1_512' title='bbox 1860 676 1948 711; x_wconf 89' lang='lat' dir='ltr'>Livii</span> <span class='ocrx_word' id='word_1_513' title='bbox 1966 689 1997 712; x_wconf 91' lang='lat' dir='ltr'>x.</span> <span class='ocrx_word' id='word_1_514' title='bbox 2056 681 2185 730; x_wconf 66' lang='lat' dir='ltr'>Iz‘xpeg-</span> 
     </span>
     <span class='ocr_line' id='line_1_68' title="bbox 1163 724 2182 774; baseline 0.008 -20"><span class='ocrx_word' id='word_1_515' title='bbox 1163 729 1195 754; x_wconf 87' lang='lat' dir='ltr'>to</span> <span class='ocrx_word' id='word_1_516' title='bbox 1215 731 1424 764; x_wconf 73' lang='lat' dir='ltr'>certamine,</span> <span class='ocrx_word' id='word_1_517' title='bbox 1454 724 1638 761; x_wconf 78' lang='lat' dir='ltr'>&amp;AEneid.</span> <span class='ocrx_word' id='word_1_518' title='bbox 1654 739 1686 761; x_wconf 88' lang='lat' dir='ltr'>x.</span> <span class='ocrx_word' id='word_1_519' title='bbox 1744 731 1901 773; x_wconf 77' lang='lat' dir='ltr'>Expertos</span> <span class='ocrx_word' id='word_1_520' title='bbox 1920 725 2002 761; x_wconf 81' lang='lat' dir='ltr'>bello</span> <span class='ocrx_word' id='word_1_521' title='bbox 2025 727 2182 774; x_wconf 81' lang='lat' dir='ltr'>juvenes.</span> 
     </span>
     <span class='ocr_line' id='line_1_69' title="bbox 1161 773 2184 824; baseline 0.008 -19"><span class='ocrx_word' id='word_1_522' title='bbox 1161 773 1326 820; x_wconf 87' lang='lat' dir='ltr'>Expertus</span> <span class='ocrx_word' id='word_1_523' title='bbox 1356 785 1487 821; x_wconf 84' lang='lat' dir='ltr'>nempe</span> <span class='ocrx_word' id='word_1_524' title='bbox 1512 774 1566 811; x_wconf 87' lang='lat' dir='ltr'>vel</span> <span class='ocrx_word' id='word_1_525' title='bbox 1596 774 1642 809; x_wconf 82' lang='lat' dir='ltr'>est</span> <span class='ocrx_word' id='word_1_526' title='bbox 1677 775 1733 823; x_wconf 87' lang='lat' dir='ltr'>qui</span> <span class='ocrx_word' id='word_1_527' title='bbox 1768 775 1956 824; x_wconf 80' lang='lat' dir='ltr'>periculum</span> <span class='ocrx_word' id='word_1_528' title='bbox 1985 775 2090 819; x_wconf 81' lang='lat' dir='ltr'>fecit,</span> <span class='ocrx_word' id='word_1_529' title='bbox 2125 777 2184 813; x_wconf 61' lang='lat' dir='ltr'>vel</span> 
     </span>
     <span class='ocr_line' id='line_1_70' title="bbox 1159 818 2186 876; baseline 0.009 -21"><span class='ocrx_word' id='word_1_530' title='bbox 1159 821 1216 868; x_wconf 91' lang='lat' dir='ltr'>qui</span> <span class='ocrx_word' id='word_1_531' title='bbox 1243 823 1368 871; x_wconf 89' lang='lat' dir='ltr'>peritus</span> <span class='ocrx_word' id='word_1_532' title='bbox 1387 850 1399 865; x_wconf 93' lang='lat'><em>,</em></span> <span class='ocrx_word' id='word_1_533' title='bbox 1436 818 1496 860; x_wconf 72' lang='lat' dir='ltr'>vel&#39;</span> <span class='ocrx_word' id='word_1_534' title='bbox 1518 824 1574 872; x_wconf 89' lang='lat' dir='ltr'>qui</span> <span class='ocrx_word' id='word_1_535' title='bbox 1602 823 1779 872; x_wconf 54' lang='lat' dir='ltr'>speciatus.</span> <span class='ocrx_word' id='word_1_536' title='bbox 1837 828 1933 874; x_wconf 87' lang='lat' dir='ltr'>lique</span> <span class='ocrx_word' id='word_1_537' title='bbox 1963 839 2028 863; x_wconf 86' lang='lat' dir='ltr'>tres</span> <span class='ocrx_word' id='word_1_538' title='bbox 2056 823 2186 876; x_wconf 72' lang='lat' dir='ltr'>signifi-</span> 
     </span>
     <span class='ocr_line' id='line_1_71' title="bbox 1162 872 2183 924; baseline 0.008 -19"><span class='ocrx_word' id='word_1_539' title='bbox 1162 880 1254 907; x_wconf 90' lang='lat' dir='ltr'>catus</span> <span class='ocrx_word' id='word_1_540' title='bbox 1283 872 1329 908; x_wconf 89' lang='lat' dir='ltr'>ita</span> <span class='ocrx_word' id='word_1_541' title='bbox 1366 874 1458 908; x_wconf 67' lang='lat' dir='ltr'>recte</span> <span class='ocrx_word' id='word_1_542' title='bbox 1489 874 1524 909; x_wconf 88' lang='lat' dir='ltr'>in</span> <span class='ocrx_word' id='word_1_543' title='bbox 1563 872 1718 911; x_wconf 77' lang='lat' dir='ltr'>Gloffis:</span> <span class='ocrx_word' id='word_1_544' title='bbox 1757 880 1948 923; x_wconf 77' lang='lat' dir='ltr'>Expertus,</span> <span class='ocrx_word' id='word_1_545' title='bbox 1991 879 2183 924; x_wconf 61' lang='grc' dir='ltr'>πειράσας,</span> 
     </span>
     <span class='ocr_line' id='line_1_72' title="bbox 1160 918 1668 972; baseline 0.01 -18"><span class='ocrx_word' id='word_1_546' title='bbox 1160 918 1277 965; x_wconf 65' lang='grc' dir='ltr'><strong><em>εἰδὼς,</em></strong></span> <span class='ocrx_word' id='word_1_547' title='bbox 1305 921 1366 958; x_wconf 63' lang='grc' dir='ltr'>καὶ</span> <span class='ocrx_word' id='word_1_548' title='bbox 1385 923 1668 972; x_wconf 68' lang='grc' dir='ltr'>ὧποπειρωσθείς.</span> 
     </span>
    </p>
   </div>
   <div class='ocr_carea' id='block_1_5' title="bbox 1156 993 2187 1589">
    <p class='ocr_par' dir='ltr' id='par_1_10' title="bbox 1156 993 2187 1589">
     <span class='ocr_line' id='line_1_73' title="bbox 1211 993 2181 1048; baseline 0.005 -19"><span class='ocrx_word' id='word_1_549' title='bbox 1211 993 1261 1030; x_wconf 75' lang='lat' dir='ltr'>ob</span> <span class='ocrx_word' id='word_1_550' title='bbox 1284 993 1521 1031; x_wconf 74' lang='lat' dir='ltr'>humilitatem</span> <span class='ocrx_word' id='word_1_551' title='bbox 1549 997 1677 1044; x_wconf 78' lang='lat' dir='ltr'>generis</span> <span class='ocrx_word' id='word_1_552' title='bbox 1705 1009 1744 1033; x_wconf 72' lang='lat' dir='ltr'>aa</span> <span class='ocrx_word' id='word_1_553' title='bbox 1775 997 1963 1044; x_wconf 76' lang='lat' dir='ltr'>nominis.]</span> <span class='ocrx_word' id='word_1_554' title='bbox 2003 1001 2045 1034; x_wconf 85' lang='lat' dir='ltr'>Et</span> <span class='ocrx_word' id='word_1_555' title='bbox 2070 1003 2181 1048; x_wconf 68' lang='lat' dir='ltr'>genus</span> 
     </span>
     <span class='ocr_line' id='line_1_74' title="bbox 1163 1042 2184 1097; baseline 0.003 -17"><span class='ocrx_word' id='word_1_556' title='bbox 1163 1042 1232 1085; x_wconf 83' lang='lat' dir='ltr'>ssve</span> <span class='ocrx_word' id='word_1_557' title='bbox 1256 1059 1341 1095; x_wconf 84' lang='lat' dir='ltr'>gens</span> <span class='ocrx_word' id='word_1_558' title='bbox 1370 1045 1571 1096; x_wconf 82' lang='lat' dir='ltr'>Vespafiani</span> <span class='ocrx_word' id='word_1_559' title='bbox 1599 1047 1734 1085; x_wconf 87' lang='lat' dir='ltr'>humilis</span> <span class='ocrx_word' id='word_1_560' title='bbox 1754 1076 1765 1091; x_wconf 95' lang='lat'><em>,</em></span> <span class='ocrx_word' id='word_1_561' title='bbox 1793 1060 1924 1096; x_wconf 88' lang='lat' dir='ltr'>nempe</span> <span class='ocrx_word' id='word_1_562' title='bbox 1945 1047 2053 1086; x_wconf 82' lang='lat' dir='ltr'>Flavia</span> <span class='ocrx_word' id='word_1_563' title='bbox 2072 1077 2083 1091; x_wconf 91' lang='lat'><em>,</em></span> <span class='ocrx_word' id='word_1_564' title='bbox 2109 1060 2184 1097; x_wconf 68' lang='lat' dir='ltr'>qum</span> 
     </span>
     <span class='ocr_line' id='line_1_75' title="bbox 1162 1096 2185 1146; baseline 0.002 -15"><span class='ocrx_word' id='word_1_565' title='bbox 1162 1107 1198 1131; x_wconf 90' lang='lat' dir='ltr'>ut</span> <span class='ocrx_word' id='word_1_566' title='bbox 1225 1096 1293 1146; x_wconf 92' lang='lat' dir='ltr'>ipse</span> <span class='ocrx_word' id='word_1_567' title='bbox 1318 1096 1401 1133; x_wconf 83' lang='lat' dir='ltr'>dixit</span> <span class='ocrx_word' id='word_1_568' title='bbox 1430 1108 1465 1134; x_wconf 82' lang='lat' dir='ltr'>c.</span> <span class='ocrx_word' id='word_1_569' title='bbox 1496 1111 1523 1134; x_wconf 89' lang='lat'>1.</span> <span class='ocrx_word' id='word_1_570' title='bbox 1564 1097 1697 1145; x_wconf 79' lang='lat' dir='ltr'>obscum</span> <span class='ocrx_word' id='word_1_571' title='bbox 1715 1127 1726 1141; x_wconf 93' lang='lat'><strong>,</strong></span> <span class='ocrx_word' id='word_1_572' title='bbox 1768 1100 1806 1134; x_wconf 66' lang='grc' dir='ltr'>ὃ(</span> <span class='ocrx_word' id='word_1_573' title='bbox 1824 1111 1959 1134; x_wconf 87' lang='lat' dir='ltr'>nornen</span> <span class='ocrx_word' id='word_1_574' title='bbox 1988 1098 2115 1135; x_wconf 85' lang='lat' dir='ltr'>humile</span> <span class='ocrx_word' id='word_1_575' title='bbox 2145 1110 2185 1134; x_wconf 81' lang='lat' dir='ltr'>ac</span> 
     </span>
     <span class='ocr_line' id='line_1_76' title="bbox 1162 1146 2185 1200; baseline 0.001 -18"><span class='ocrx_word' id='word_1_576' title='bbox 1162 1146 1340 1196; x_wconf 73' lang='lat' dir='ltr'>plebeium</span> <span class='ocrx_word' id='word_1_577' title='bbox 1365 1176 1377 1191; x_wconf 93' lang='lat'><em>,</em></span> <span class='ocrx_word' id='word_1_578' title='bbox 1423 1160 1553 1198; x_wconf 86' lang='lat' dir='ltr'>nempe</span> <span class='ocrx_word' id='word_1_579' title='bbox 1602 1160 1880 1199; x_wconf 71' lang='lat' dir='ltr'>cognomentum</span> <span class='ocrx_word' id='word_1_580' title='bbox 1927 1148 2128 1200; x_wconf 82' lang='lat' dir='ltr'>Vespasiani</span> <span class='ocrx_word' id='word_1_581' title='bbox 2164 1160 2185 1183; x_wconf 83' lang='lat' dir='ltr'>a</span> 
     </span>
     <span class='ocr_line' id='line_1_77' title="bbox 1163 1196 2185 1248; baseline 0.002 -16"><span class='ocrx_word' id='word_1_582' title='bbox 1163 1196 1341 1247; x_wconf 83' lang='lat' dir='ltr'>Vespafiis.</span> <span class='ocrx_word' id='word_1_583' title='bbox 1411 1201 1530 1247; x_wconf 83' lang='lat' dir='ltr'>Itaque</span> <span class='ocrx_word' id='word_1_584' title='bbox 1567 1202 1604 1235; x_wconf 64' lang='grc' dir='ltr'>ὃς</span> <span class='ocrx_word' id='word_1_585' title='bbox 1641 1202 1761 1236; x_wconf 87' lang='lat' dir='ltr'>Petrus</span> <span class='ocrx_word' id='word_1_586' title='bbox 1799 1198 2004 1248; x_wconf 85' lang='lat' dir='ltr'>Apollonius</span> <span class='ocrx_word' id='word_1_587' title='bbox 2041 1198 2185 1237; x_wconf 77' lang='lat' dir='ltr'>Exscidii</span> 
     </span>
     <span class='ocr_line' id='line_1_78' title="bbox 1159 1246 2187 1300; baseline 0.004 -18"><span class='ocrx_word' id='word_1_588' title='bbox 1159 1246 1214 1285; x_wconf 91' lang='lat' dir='ltr'>lib.</span> <span class='ocrx_word' id='word_1_589' title='bbox 1242 1262 1294 1286; x_wconf 75' lang='lat' dir='ltr'>xv.</span> <span class='ocrx_word' id='word_1_590' title='bbox 1331 1247 1512 1296; x_wconf 66' lang='lat' dir='ltr'>Vespafimn</span> <span class='ocrx_word' id='word_1_591' title='bbox 1527 1263 1588 1300; x_wconf 86' lang='lat' dir='ltr'>pro</span> <span class='ocrx_word' id='word_1_592' title='bbox 1600 1251 1788 1300; x_wconf 69' lang='lat' dir='ltr'>Vespafiano</span> <span class='ocrx_word' id='word_1_593' title='bbox 1807 1249 1898 1286; x_wconf 86' lang='lat' dir='ltr'>dixit.</span> <span class='ocrx_word' id='word_1_594' title='bbox 1956 1250 2111 1299; x_wconf 79' lang='lat' dir='ltr'>Vespaiii</span> <span class='ocrx_word' id='word_1_595' title='bbox 2128 1262 2187 1286; x_wconf 83' lang='lat' dir='ltr'>au-</span> 
     </span>
     <span class='ocr_line' id='line_1_79' title="bbox 1158 1299 2186 1350; baseline 0.004 -17"><span class='ocrx_word' id='word_1_596' title='bbox 1158 1309 1230 1334; x_wconf 86' lang='lat' dir='ltr'>tem</span> <span class='ocrx_word' id='word_1_597' title='bbox 1248 1310 1267 1334; x_wconf 85' lang='lat' dir='ltr'>a</span> <span class='ocrx_word' id='word_1_598' title='bbox 1291 1300 1413 1348; x_wconf 83' lang='lat' dir='ltr'>Vespis</span> <span class='ocrx_word' id='word_1_599' title='bbox 1431 1328 1442 1341; x_wconf 92' lang='lat'><em>,</em></span> <span class='ocrx_word' id='word_1_600' title='bbox 1478 1313 1612 1337; x_wconf 87' lang='lat' dir='ltr'>nomen</span> <span class='ocrx_word' id='word_1_601' title='bbox 1630 1300 1695 1338; x_wconf 90' lang='lat' dir='ltr'>vile</span> <span class='ocrx_word' id='word_1_602' title='bbox 1712 1314 1751 1337; x_wconf 84' lang='lat' dir='ltr'>ac</span> <span class='ocrx_word' id='word_1_603' title='bbox 1773 1299 1949 1350; x_wconf 73' lang='lat' dir='ltr'>plebeium</span> <span class='ocrx_word' id='word_1_604' title='bbox 1968 1328 1981 1343; x_wconf 86' lang='lat'><em>,</em></span> <span class='ocrx_word' id='word_1_605' title='bbox 2018 1312 2053 1338; x_wconf 86' lang='lat' dir='ltr'>ut</span> <span class='ocrx_word' id='word_1_606' title='bbox 2079 1302 2186 1337; x_wconf 80' lang='lat' dir='ltr'>etiam</span> 
     </span>
     <span class='ocr_line' id='line_1_80' title="bbox 1161 1351 2187 1400; baseline 0.004 -17"><span class='ocrx_word' id='word_1_607' title='bbox 1161 1354 1337 1397; x_wconf 71' lang='lat' dir='ltr'>Vespartma</span> <span class='ocrx_word' id='word_1_608' title='bbox 1370 1353 1502 1387; x_wconf 81' lang='lat' dir='ltr'>Romae</span> <span class='ocrx_word' id='word_1_609' title='bbox 1525 1364 1564 1387; x_wconf 85' lang='lat' dir='ltr'>ac</span> <span class='ocrx_word' id='word_1_610' title='bbox 1595 1351 1800 1399; x_wconf 34' lang='lat' dir='ltr'>zr&#39;espz&#39;lonum</span> <span class='ocrx_word' id='word_1_611' title='bbox 1827 1364 2076 1400; x_wconf 75' lang='lat' dir='ltr'>cognomenta.</span> <span class='ocrx_word' id='word_1_612' title='bbox 2133 1353 2187 1387; x_wconf 89' lang='lat' dir='ltr'>Sic</span> 
     </span>
     <span class='ocr_line' id='line_1_81' title="bbox 1161 1401 2186 1451; baseline 0.002 -17"><span class='ocrx_word' id='word_1_613' title='bbox 1161 1403 1259 1447; x_wconf 71' lang='lat' dir='ltr'>Vespa</span> <span class='ocrx_word' id='word_1_614' title='bbox 1278 1402 1452 1437; x_wconf 76' lang='lat' dir='ltr'>Terentius</span> <span class='ocrx_word' id='word_1_615' title='bbox 1478 1401 1567 1450; x_wconf 84' lang='lat' dir='ltr'>apud</span> <span class='ocrx_word' id='word_1_616' title='bbox 1588 1403 1750 1439; x_wconf 86' lang='lat' dir='ltr'>Ciceron.</span> <span class='ocrx_word' id='word_1_617' title='bbox 1778 1416 1832 1438; x_wconf 91' lang='grc' dir='ltr'>ιι.</span> <span class='ocrx_word' id='word_1_618' title='bbox 1856 1401 1899 1437; x_wconf 90' lang='lat' dir='ltr'>de</span> <span class='ocrx_word' id='word_1_619' title='bbox 1920 1405 2017 1439; x_wconf 83' lang='lat' dir='ltr'>Orat.</span> <span class='ocrx_word' id='word_1_620' title='bbox 2051 1406 2099 1451; x_wconf 66' lang='lat' dir='ltr'>{Q</span> <span class='ocrx_word' id='word_1_621' title='bbox 2118 1407 2186 1437; x_wconf 77' lang='lat' dir='ltr'>Lu-</span> 
     </span>
     <span class='ocr_line' id='line_1_82' title="bbox 1159 1451 2183 1502; baseline 0.003 -17"><span class='ocrx_word' id='word_1_622' title='bbox 1159 1453 1278 1486; x_wconf 59' lang='lat' dir='ltr'>cretius</span> <span class='ocrx_word' id='word_1_623' title='bbox 1309 1452 1428 1499; x_wconf 59' lang='lat' dir='ltr'>Vtsf2t&gt;il0</span> <span class='ocrx_word' id='word_1_624' title='bbox 1447 1453 1481 1487; x_wconf 87' lang='lat' dir='ltr'>in</span> <span class='ocrx_word' id='word_1_625' title='bbox 1501 1456 1604 1489; x_wconf 78' lang='lat' dir='ltr'>Bruto</span> <span class='ocrx_word' id='word_1_626' title='bbox 1623 1482 1633 1495; x_wconf 91' lang='lat'><em>‚</em></span> <span class='ocrx_word' id='word_1_627' title='bbox 1678 1456 1714 1488; x_wconf 72' lang='grc' dir='ltr'>δε</span> <span class='ocrx_word' id='word_1_628' title='bbox 1734 1451 1824 1502; x_wconf 85' lang='lat' dir='ltr'>apud</span> <span class='ocrx_word' id='word_1_629' title='bbox 1851 1453 1992 1488; x_wconf 67' lang='grc' dir='ltr'>Αυέὶοι.</span> <span class='ocrx_word' id='word_1_630' title='bbox 2022 1452 2065 1489; x_wconf 91' lang='lat' dir='ltr'>de</span> <span class='ocrx_word' id='word_1_631' title='bbox 2091 1452 2183 1488; x_wconf 85' lang='lat' dir='ltr'>Viris</span> 
     </span>
     <span class='ocr_line' id='line_1_83' title="bbox 1157 1499 2184 1553; baseline 0.004 -18"><span class='ocrx_word' id='word_1_632' title='bbox 1157 1499 1282 1538; x_wconf 86' lang='lat' dir='ltr'>inlustr.</span> <span class='ocrx_word' id='word_1_633' title='bbox 1317 1515 1346 1539; x_wconf 76' lang='lat' dir='ltr'>c,</span> <span class='ocrx_word' id='word_1_634' title='bbox 1366 1514 1469 1540; x_wconf 77' lang='lat' dir='ltr'>Lxlv.</span> <span class='ocrx_word' id='word_1_635' title='bbox 1502 1508 1598 1550; x_wconf 68' lang='lat' dir='ltr'>Vesper.</span> <span class='ocrx_word' id='word_1_636' title='bbox 1627 1516 1712 1541; x_wconf 81' lang='lat' dir='ltr'>vero</span> <span class='ocrx_word' id='word_1_637' title='bbox 1746 1501 1822 1553; x_wconf 74' lang='lat' dir='ltr'>ipsa:</span> <span class='ocrx_word' id='word_1_638' title='bbox 1841 1515 1863 1538; x_wconf 90' lang='lat' dir='ltr'>a</span> <span class='ocrx_word' id='word_1_639' title='bbox 1894 1503 2022 1551; x_wconf 81' lang='lat' dir='ltr'>Vespero</span> <span class='ocrx_word' id='word_1_640' title='bbox 2043 1531 2054 1546; x_wconf 84' lang='lat'><strong><em>,</em></strong></span> <span class='ocrx_word' id='word_1_641' title='bbox 2090 1502 2184 1553; x_wconf 75' lang='lat' dir='ltr'>apud</span> 
     </span>
     <span class='ocr_line' id='line_1_84' title="bbox 1156 1551 1302 1589; baseline 0.021 -3"><span class='ocrx_word' id='word_1_642' title='bbox 1156 1551 1302 1589; x_wconf 84' lang='lat' dir='ltr'>Festum.</span> 
     </span>
    </p>
   </div>
   <div class='ocr_carea' id='block_1_6' title="bbox 1154 1615 2183 2170">
    <p class='ocr_par' dir='ltr' id='par_1_11' title="bbox 1155 1615 2183 1904">
     <span class='ocr_line' id='line_1_85' title="bbox 1155 1615 2181 1663; baseline 0.003 -14"><span class='ocrx_word' id='word_1_643' title='bbox 1155 1616 1271 1649; x_wconf 85' lang='lat' dir='ltr'>Genus</span> <span class='ocrx_word' id='word_1_644' title='bbox 1289 1624 1408 1649; x_wconf 84' lang='lat' dir='ltr'>autem</span> <span class='ocrx_word' id='word_1_645' title='bbox 1435 1626 1497 1663; x_wconf 88' lang='lat' dir='ltr'>pro</span> <span class='ocrx_word' id='word_1_646' title='bbox 1522 1624 1652 1663; x_wconf 73' lang='lat' dir='ltr'>gente,</span> <span class='ocrx_word' id='word_1_647' title='bbox 1698 1625 1734 1649; x_wconf 91' lang='lat' dir='ltr'>ut</span> <span class='ocrx_word' id='word_1_648' title='bbox 1763 1615 1940 1651; x_wconf 87' lang='lat' dir='ltr'>Ciceronis</span> <span class='ocrx_word' id='word_1_649' title='bbox 1968 1618 2073 1651; x_wconf 88' lang='lat' dir='ltr'>Bruto</span> <span class='ocrx_word' id='word_1_650' title='bbox 2100 1631 2109 1652; x_wconf 91' lang='lat'><strong>:</strong></span> <span class='ocrx_word' id='word_1_651' title='bbox 2147 1619 2181 1652; x_wconf 66' lang='lat' dir='ltr'>St</span> 
     </span>
     <span class='ocr_line' id='line_1_86' title="bbox 1157 1663 2183 1713; baseline 0.004 -15"><span class='ocrx_word' id='word_1_652' title='bbox 1157 1665 1229 1712; x_wconf 75' lang='lat' dir='ltr'>quis</span> <span class='ocrx_word' id='word_1_653' title='bbox 1249 1663 1392 1711; x_wconf 72' lang='lat' dir='ltr'>ejusdem</span> <span class='ocrx_word' id='word_1_654' title='bbox 1406 1667 1532 1711; x_wconf 67' lang='lat' dir='ltr'>generis</span> <span class='ocrx_word' id='word_1_655' title='bbox 1551 1664 1732 1712; x_wconf 63' lang='lat' dir='ltr'>occidisset,</span> <span class='ocrx_word' id='word_1_656' title='bbox 1759 1667 1829 1702; x_wconf 65' lang='grc' dir='ltr'>ἃς.</span> <span class='ocrx_word' id='word_1_657' title='bbox 1881 1669 1923 1701; x_wconf 74' lang='lat' dir='ltr'>Et</span> <span class='ocrx_word' id='word_1_658' title='bbox 1940 1666 2033 1713; x_wconf 83' lang='lat' dir='ltr'>apud</span> <span class='ocrx_word' id='word_1_659' title='bbox 2048 1665 2183 1703; x_wconf 75' lang='lat' dir='ltr'>festum</span> 
     </span>
     <span class='ocr_line' id='line_1_87' title="bbox 1159 1714 2183 1764; baseline 0.003 -14"><span class='ocrx_word' id='word_1_660' title='bbox 1159 1716 1193 1750; x_wconf 89' lang='lat' dir='ltr'>iu</span> <span class='ocrx_word' id='word_1_661' title='bbox 1213 1714 1372 1751; x_wconf 74' lang='lat' dir='ltr'>Gentiles.</span> <span class='ocrx_word' id='word_1_662' title='bbox 1431 1715 1523 1750; x_wconf 88' lang='lat' dir='ltr'>Hinc</span> <span class='ocrx_word' id='word_1_663' title='bbox 1552 1714 1630 1751; x_wconf 84' lang='lat' dir='ltr'>illud</span> <span class='ocrx_word' id='word_1_664' title='bbox 1669 1715 1691 1752; x_wconf 87' lang='lat' dir='ltr'>l.</span> <span class='ocrx_word' id='word_1_665' title='bbox 1722 1730 1749 1752; x_wconf 87' lang='lat'>1.</span> <span class='ocrx_word' id='word_1_666' title='bbox 1778 1718 1827 1752; x_wconf 91' lang='lat' dir='ltr'>D.</span> <span class='ocrx_word' id='word_1_667' title='bbox 1846 1718 1903 1751; x_wconf 92' lang='lat' dir='ltr'>De</span> <span class='ocrx_word' id='word_1_668' title='bbox 1933 1716 2067 1764; x_wconf 84' lang='lat' dir='ltr'>probat.</span> <span class='ocrx_word' id='word_1_669' title='bbox 2119 1722 2183 1753; x_wconf 83' lang='lat' dir='ltr'>Ge-</span> 
     </span>
     <span class='ocr_line' id='line_1_88' title="bbox 1159 1764 2182 1816; baseline 0.005 -16"><span class='ocrx_word' id='word_1_670' title='bbox 1159 1778 1221 1801; x_wconf 78' lang='lat' dir='ltr'>nus</span> <span class='ocrx_word' id='word_1_671' title='bbox 1246 1764 1304 1800; x_wconf 83' lang='lat' dir='ltr'>vel</span> <span class='ocrx_word' id='word_1_672' title='bbox 1323 1774 1455 1812; x_wconf 79' lang='lat' dir='ltr'>gentem</span> <span class='ocrx_word' id='word_1_673' title='bbox 1474 1793 1485 1807; x_wconf 90' lang='lat'>,</span> <span class='ocrx_word' id='word_1_674' title='bbox 1525 1768 1595 1803; x_wconf 83' lang='lat' dir='ltr'>&amp;c.</span> <span class='ocrx_word' id='word_1_675' title='bbox 1653 1765 1718 1802; x_wconf 85' lang='lat' dir='ltr'>Sed</span> <span class='ocrx_word' id='word_1_676' title='bbox 1743 1767 1877 1815; x_wconf 84' lang='lat' dir='ltr'>proprie</span> <span class='ocrx_word' id='word_1_677' title='bbox 1903 1766 2047 1814; x_wconf 81' lang='lat' dir='ltr'>quidem</span> <span class='ocrx_word' id='word_1_678' title='bbox 2071 1780 2182 1816; x_wconf 80' lang='lat' dir='ltr'>genus</span> 
     </span>
     <span class='ocr_line' id='line_1_89' title="bbox 1158 1814 2180 1865; baseline 0.004 -13"><span class='ocrx_word' id='word_1_679' title='bbox 1158 1820 1194 1852; x_wconf 71' lang='grc' dir='ltr'>ὅ(</span> <span class='ocrx_word' id='word_1_680' title='bbox 1221 1828 1308 1865; x_wconf 80' lang='lat' dir='ltr'>gens</span> <span class='ocrx_word' id='word_1_681' title='bbox 1332 1814 1493 1853; x_wconf 81' lang='lat' dir='ltr'>differunt</span> <span class='ocrx_word' id='word_1_682' title='bbox 1511 1844 1524 1860; x_wconf 89' lang='lat'>,</span> <span class='ocrx_word' id='word_1_683' title='bbox 1562 1827 1597 1852; x_wconf 91' lang='lat' dir='ltr'>ut</span> <span class='ocrx_word' id='word_1_684' title='bbox 1623 1816 1724 1853; x_wconf 82' lang='lat' dir='ltr'>tradit</span> <span class='ocrx_word' id='word_1_685' title='bbox 1748 1818 1874 1865; x_wconf 63' lang='lat' dir='ltr'>Agrect.</span> <span class='ocrx_word' id='word_1_686' title='bbox 1898 1821 1934 1853; x_wconf 68' lang='lat' dir='ltr'>Sc</span> <span class='ocrx_word' id='word_1_687' title='bbox 1961 1815 2086 1853; x_wconf 71' lang='lat' dir='ltr'>isidor.</span> <span class='ocrx_word' id='word_1_688' title='bbox 2126 1833 2180 1856; x_wconf 79' lang='grc' dir='ltr'>ιι,</span> 
     </span>
     <span class='ocr_line' id='line_1_90' title="bbox 1158 1866 1271 1904; baseline 0.009 -2"><span class='ocrx_word' id='word_1_689' title='bbox 1158 1866 1271 1904; x_wconf 84' lang='lat' dir='ltr'>differ.</span> 
     </span>
    </p>

    <p class='ocr_par' dir='ltr' id='par_1_12' title="bbox 1154 1916 2180 2170">
     <span class='ocr_line' id='line_1_91' title="bbox 1212 1916 2179 1969; baseline 0.002 -16"><span class='ocrx_word' id='word_1_690' title='bbox 1212 1918 1359 1953; x_wconf 66' lang='lat' dir='ltr'>Aa&#39;dltis</span> <span class='ocrx_word' id='word_1_691' title='bbox 1385 1919 1488 1968; x_wconf 75' lang='lat' dir='ltr'>igitur</span> <span class='ocrx_word' id='word_1_692' title='bbox 1515 1919 1563 1954; x_wconf 76' lang='lat' dir='ltr'>ad</span> <span class='ocrx_word' id='word_1_693' title='bbox 1593 1916 1735 1968; x_wconf 43' lang='lat' dir='ltr'>copiam}</span> <span class='ocrx_word' id='word_1_694' title='bbox 1795 1917 1847 1953; x_wconf 85' lang='lat' dir='ltr'>Ad</span> <span class='ocrx_word' id='word_1_695' title='bbox 1875 1920 1990 1969; x_wconf 77' lang='lat' dir='ltr'>copias</span> <span class='ocrx_word' id='word_1_696' title='bbox 2024 1918 2179 1956; x_wconf 79' lang='lat' dir='ltr'>videlicet</span> 
     </span>
     <span class='ocr_line' id='line_1_92' title="bbox 1155 1966 2180 2020; baseline 0.004 -18"><span class='ocrx_word' id='word_1_697' title='bbox 1155 1968 1258 2004; x_wconf 76' lang='lat' dir='ltr'>Cestii</span> <span class='ocrx_word' id='word_1_698' title='bbox 1290 1967 1377 2003; x_wconf 81' lang='lat' dir='ltr'>Galli</span> <span class='ocrx_word' id='word_1_699' title='bbox 1405 1967 1554 2020; x_wconf 69' lang='lat' dir='ltr'>praesidis</span> <span class='ocrx_word' id='word_1_700' title='bbox 1580 1972 1694 2008; x_wconf 55' lang='lat' dir='ltr'>Sti-ios.</span> <span class='ocrx_word' id='word_1_701' title='bbox 1744 1966 1917 2005; x_wconf 62' lang='lat' dir='ltr'>Sueteflbr</span> <span class='ocrx_word' id='word_1_702' title='bbox 1946 1971 2039 2005; x_wconf 84' lang='lat' dir='ltr'>enim</span> <span class='ocrx_word' id='word_1_703' title='bbox 2066 1968 2180 2006; x_wconf 72' lang='lat' dir='ltr'>millis-s</span> 
     </span>
     <span class='ocr_line' id='line_1_93' title="bbox 1156 2015 2172 2070; baseline 0.004 -18"><span class='ocrx_word' id='word_1_704' title='bbox 1156 2018 1189 2053; x_wconf 89' lang='lat' dir='ltr'>in</span> <span class='ocrx_word' id='word_1_705' title='bbox 1226 2020 1341 2067; x_wconf 79' lang='lat' dir='ltr'>copias</span> <span class='ocrx_word' id='word_1_706' title='bbox 1376 2021 1527 2070; x_wconf 80' lang='lat' dir='ltr'>Syriacas</span> <span class='ocrx_word' id='word_1_707' title='bbox 1567 2015 1807 2070; x_wconf 70' lang='lat' dir='ltr'>Vespasianus.</span> <span class='ocrx_word' id='word_1_708' title='bbox 1882 2022 1999 2069; x_wconf 78' lang='lat' dir='ltr'>Itaque</span> <span class='ocrx_word' id='word_1_709' title='bbox 2034 2020 2172 2070; x_wconf 74' lang='lat' dir='ltr'>Joseph.</span> 
     </span>
     <span class='ocr_line' id='line_1_94' title="bbox 1155 2069 2179 2119; baseline 0.002 -15"><span class='ocrx_word' id='word_1_710' title='bbox 1155 2069 1282 2106; x_wconf 71' lang='lat' dir='ltr'>Exstid.</span> <span class='ocrx_word' id='word_1_711' title='bbox 1308 2083 1336 2106; x_wconf 76' lang='lat' dir='ltr'>c,</span> <span class='ocrx_word' id='word_1_712' title='bbox 1373 2085 1400 2107; x_wconf 84' lang='lat'>1.</span> <span class='ocrx_word' id='word_1_713' title='bbox 1441 2071 1498 2109; x_wconf 86' lang='lat' dir='ltr'>lib.</span> <span class='ocrx_word' id='word_1_714' title='bbox 1525 2084 1601 2107; x_wconf 90' lang='lat'>111.</span> <span class='ocrx_word' id='word_1_715' title='bbox 1655 2084 1763 2119; x_wconf 67' lang='lat' dir='ltr'>agens</span> <span class='ocrx_word' id='word_1_716' title='bbox 1789 2069 1832 2104; x_wconf 59' lang='lat' dir='ltr'>&lt;ie</span> <span class='ocrx_word' id='word_1_717' title='bbox 1861 2072 2003 2106; x_wconf 83' lang='lat' dir='ltr'>Nerone</span> <span class='ocrx_word' id='word_1_718' title='bbox 2038 2083 2076 2106; x_wconf 77' lang='lat' dir='ltr'>ac</span> <span class='ocrx_word' id='word_1_719' title='bbox 2110 2075 2179 2106; x_wconf 68' lang='lat' dir='ltr'>Ve-</span> 
     </span>
     <span class='ocr_line' id='line_1_95' title="bbox 1154 2119 2175 2170; baseline 0.004 -17"><span class='ocrx_word' id='word_1_720' title='bbox 1154 2119 1308 2169; x_wconf 74' lang='lat' dir='ltr'>spasiano</span> <span class='ocrx_word' id='word_1_721' title='bbox 1331 2134 1341 2156; x_wconf 88' lang='lat'>:</span> <span class='ocrx_word' id='word_1_722' title='bbox 1364 2122 1529 2163; x_wconf 75' lang='grc' dir='ltr'>Πέμπει,</span> <span class='ocrx_word' id='word_1_723' title='bbox 1565 2122 1690 2170; x_wconf 73' lang='lat' dir='ltr'>inqui-t,</span> <span class='ocrx_word' id='word_1_724' title='bbox 1722 2122 1770 2155; x_wconf 65' lang='grc' dir='ltr'>τὸν</span> <span class='ocrx_word' id='word_1_725' title='bbox 1805 2119 1907 2168; x_wconf 54' lang='grc' dir='ltr'>ἀνδρα</span> <span class='ocrx_word' id='word_1_726' title='bbox 1927 2120 2175 2165; x_wconf 60' lang='grc' dir='ltr'>ὃιεεληψὸμειου</span> 
     </span>
    </p>
   </div>
   <div class='ocr_carea' id='block_1_7' title="bbox 1121 2170 2002 2246">
    <p class='ocr_par' dir='ltr' id='par_1_13' title="bbox 1121 2170 2002 2246">
     <span class='ocr_line' id='line_1_96' title="bbox 1121 2170 2002 2246; baseline 0.001 -41"><span class='ocrx_word' id='word_1_727' title='bbox 1121 2189 1126 2246; x_wconf 48' lang='grc' dir='ltr'>ξ</span> <span class='ocrx_word' id='word_1_728' title='bbox 1157 2187 1209 2211; x_wconf 66' lang='lat' dir='ltr'>zm</span> <span class='ocrx_word' id='word_1_729' title='bbox 1240 2170 1418 2214; x_wconf 67' lang='grc' dir='ltr'>ἡγεμονίκν</span> <span class='ocrx_word' id='word_1_730' title='bbox 1438 2173 1499 2207; x_wconf 60' lang='grc' dir='ltr'>τῶν</span> <span class='ocrx_word' id='word_1_731' title='bbox 1523 2172 1580 2207; x_wconf 71' lang='grc' dir='ltr'>ἔπι</span> <span class='ocrx_word' id='word_1_732' title='bbox 1604 2178 1725 2218; x_wconf 59' lang='grc' dir='ltr'>Εεριςις</span> <span class='ocrx_word' id='word_1_733' title='bbox 1751 2171 2002 2217; x_wconf 47' lang='lat' dir='ltr'>spumata-airam</span> 
     </span>
    </p>
   </div>
   <div class='ocr_carea' id='block_1_8' title="bbox 1141 2231 2172 2988">
    <p class='ocr_par' dir='ltr' id='par_1_14' title="bbox 1141 2231 2172 2988">
     <span class='ocr_line' id='line_1_97' title="bbox 1205 2231 2169 2282; baseline 0.003 -14"><span class='ocrx_word' id='word_1_734' title='bbox 1205 2231 1349 2268; x_wconf 73' lang='lat' dir='ltr'>Duabus</span> <span class='ocrx_word' id='word_1_735' title='bbox 1369 2232 1546 2282; x_wconf 76' lang='lat' dir='ltr'>legionibus</span> <span class='ocrx_word' id='word_1_736' title='bbox 1564 2261 1575 2275; x_wconf 92' lang='lat'><em>,</em></span> <span class='ocrx_word' id='word_1_737' title='bbox 1593 2236 1666 2280; x_wconf 33' lang='grc' dir='ltr'><em>σεῖο,</em></span> <span class='ocrx_word' id='word_1_738' title='bbox 1687 2232 1774 2275; x_wconf 68' lang='lat' dir='ltr'>alis,</span> <span class='ocrx_word' id='word_1_739' title='bbox 1804 2233 1990 2269; x_wconf 77' lang='lat' dir='ltr'>cohortibus</span> <span class='ocrx_word' id='word_1_740' title='bbox 2014 2235 2169 2281; x_wconf 78' lang='lat' dir='ltr'>decem.]</span> 
     </span>
     <span class='ocr_line' id='line_1_98' title="bbox 1151 2282 2172 2333; baseline -0.002 -13"><span class='ocrx_word' id='word_1_741' title='bbox 1151 2282 1317 2333; x_wconf 83' lang='lat' dir='ltr'>Josephus</span> <span class='ocrx_word' id='word_1_742' title='bbox 1336 2295 1370 2319; x_wconf 86' lang='lat' dir='ltr'>c.</span> <span class='ocrx_word' id='word_1_743' title='bbox 1391 2298 1424 2321; x_wconf 93' lang='lat' dir='ltr'>v.</span> <span class='ocrx_word' id='word_1_744' title='bbox 1448 2283 1505 2321; x_wconf 88' lang='lat' dir='ltr'>lib.</span> <span class='ocrx_word' id='word_1_745' title='bbox 1533 2297 1610 2320; x_wconf 92' lang='grc' dir='ltr'><strong><em>ιιι.</em></strong></span> <span class='ocrx_word' id='word_1_746' title='bbox 1640 2283 1767 2319; x_wconf 73' lang='lat' dir='ltr'>Exstid.</span> <span class='ocrx_word' id='word_1_747' title='bbox 1791 2282 1836 2318; x_wconf 82' lang='lat' dir='ltr'>ad</span> <span class='ocrx_word' id='word_1_748' title='bbox 1857 2282 2033 2320; x_wconf 61' lang='lat' dir='ltr'>{hiumam</span> <span class='ocrx_word' id='word_1_749' title='bbox 2052 2298 2172 2322; x_wconf 48' lang='lat' dir='ltr'>numen.</span> 
     </span>
     <span class='ocr_line' id='line_1_99' title="bbox 1153 2332 2169 2385; baseline 0.002 -15"><span class='ocrx_word' id='word_1_750' title='bbox 1153 2346 1205 2371; x_wconf 80' lang='lat' dir='ltr'>rat</span> <span class='ocrx_word' id='word_1_751' title='bbox 1227 2336 1262 2370; x_wconf 87' lang='lat' dir='ltr'>in</span> <span class='ocrx_word' id='word_1_752' title='bbox 1281 2333 1483 2385; x_wconf 78' lang='lat' dir='ltr'>Vespasiani</span> <span class='ocrx_word' id='word_1_753' title='bbox 1507 2336 1651 2370; x_wconf 87' lang='lat' dir='ltr'>exercitu</span> <span class='ocrx_word' id='word_1_754' title='bbox 1679 2346 1745 2369; x_wconf 83' lang='lat' dir='ltr'>tres</span> <span class='ocrx_word' id='word_1_755' title='bbox 1770 2332 1944 2382; x_wconf 71' lang='lat' dir='ltr'>legiones,</span> <span class='ocrx_word' id='word_1_756' title='bbox 1973 2337 2169 2384; x_wconf 57' lang='lat' dir='ltr'>quinftatm</span> 
     </span>
     <span class='ocr_line' id='line_1_100' title="bbox 1152 2383 2166 2434; baseline 0.002 -12"><span class='ocrx_word' id='word_1_757' title='bbox 1152 2389 1189 2422; x_wconf 75' lang='grc' dir='ltr'>ὅ(</span> <span class='ocrx_word' id='word_1_758' title='bbox 1216 2384 1393 2421; x_wconf 85' lang='lat' dir='ltr'>decimam</span> <span class='ocrx_word' id='word_1_759' title='bbox 1414 2414 1426 2429; x_wconf 95' lang='lat'><em>,</em></span> <span class='ocrx_word' id='word_1_760' title='bbox 1461 2389 1499 2422; x_wconf 69' lang='grc' dir='ltr'>δε</span> <span class='ocrx_word' id='word_1_761' title='bbox 1531 2386 1709 2434; x_wconf 59' lang='grc' dir='ltr'>(μιίιιεῖαιῃ</span> <span class='ocrx_word' id='word_1_762' title='bbox 1733 2383 1921 2420; x_wconf 73' lang='lat' dir='ltr'>decimam.</span> <span class='ocrx_word' id='word_1_763' title='bbox 1949 2400 2026 2422; x_wconf 87' lang='lat'>111.</span> <span class='ocrx_word' id='word_1_764' title='bbox 2047 2390 2083 2422; x_wconf 68' lang='grc' dir='ltr'>δε</span> <span class='ocrx_word' id='word_1_765' title='bbox 2110 2400 2166 2425; x_wconf 80' lang='lat' dir='ltr'>xx,</span> 
     </span>
     <span class='ocr_line' id='line_1_101' title="bbox 1150 2434 2169 2487; baseline 0.002 -16"><span class='ocrx_word' id='word_1_766' title='bbox 1150 2435 1312 2473; x_wconf 87' lang='lat' dir='ltr'>cohortes</span> <span class='ocrx_word' id='word_1_767' title='bbox 1335 2463 1347 2476; x_wconf 89' lang='lat'>,</span> <span class='ocrx_word' id='word_1_768' title='bbox 1394 2436 1463 2472; x_wconf 86' lang='lat' dir='ltr'>alas</span> <span class='ocrx_word' id='word_1_769' title='bbox 1489 2436 1640 2484; x_wconf 82' lang='lat' dir='ltr'>equitum</span> <span class='ocrx_word' id='word_1_770' title='bbox 1678 2434 1743 2470; x_wconf 79' lang='lat' dir='ltr'>sex.</span> <span class='ocrx_word' id='word_1_771' title='bbox 1790 2438 1854 2487; x_wconf 46' lang='lat' dir='ltr'>⁵In</span> <span class='ocrx_word' id='word_1_772' title='bbox 1885 2435 2084 2473; x_wconf 83' lang='lat' dir='ltr'>cohortibus</span> <span class='ocrx_word' id='word_1_773' title='bbox 2111 2448 2169 2473; x_wconf 86' lang='lat' dir='ltr'>au-</span> 
     </span>
     <span class='ocr_line' id='line_1_102' title="bbox 1149 2482 2165 2534; baseline 0.001 -12"><span class='ocrx_word' id='word_1_774' title='bbox 1149 2496 1223 2522; x_wconf 85' lang='lat' dir='ltr'>tem</span> <span class='ocrx_word' id='word_1_775' title='bbox 1244 2483 1368 2521; x_wconf 83' lang='lat' dir='ltr'>decem</span> <span class='ocrx_word' id='word_1_776' title='bbox 1396 2484 1534 2534; x_wconf 75' lang='lat' dir='ltr'>singulis</span> <span class='ocrx_word' id='word_1_777' title='bbox 1566 2484 1692 2533; x_wconf 79' lang='lat' dir='ltr'>pedites</span> <span class='ocrx_word' id='word_1_778' title='bbox 1716 2482 1809 2519; x_wconf 83' lang='lat' dir='ltr'>fuisse</span> <span class='ocrx_word' id='word_1_779' title='bbox 1843 2497 1882 2520; x_wconf 83' lang='lat' dir='ltr'>M.</span> <span class='ocrx_word' id='word_1_780' title='bbox 1909 2486 1943 2521; x_wconf 89' lang='lat' dir='ltr'>in</span> <span class='ocrx_word' id='word_1_781' title='bbox 1976 2487 2034 2522; x_wconf 86' lang='lat' dir='ltr'>alis</span> <span class='ocrx_word' id='word_1_782' title='bbox 2059 2498 2165 2530; x_wconf 81' lang='lat' dir='ltr'>xttt.</span> 
     </span>
     <span class='ocr_line' id='line_1_103' title="bbox 1148 2533 2166 2585; baseline 0.004 -14"><span class='ocrx_word' id='word_1_783' title='bbox 1148 2535 1277 2584; x_wconf 89' lang='lat' dir='ltr'>pedites</span> <span class='ocrx_word' id='word_1_784' title='bbox 1304 2533 1443 2582; x_wconf 79' lang='lat' dir='ltr'>singulis</span> <span class='ocrx_word' id='word_1_785' title='bbox 1480 2546 1542 2570; x_wconf 83' lang='lat' dir='ltr'>DC.</span> <span class='ocrx_word' id='word_1_786' title='bbox 1573 2536 1701 2582; x_wconf 84' lang='lat' dir='ltr'>equites</span> <span class='ocrx_word' id='word_1_787' title='bbox 1731 2547 1801 2570; x_wconf 71' lang='lat' dir='ltr'>ch.</span> <span class='ocrx_word' id='word_1_788' title='bbox 1833 2534 1864 2570; x_wconf 91' lang='lat' dir='ltr'>A</span> <span class='ocrx_word' id='word_1_789' title='bbox 1886 2536 2002 2572; x_wconf 88' lang='lat' dir='ltr'>vicinis</span> <span class='ocrx_word' id='word_1_790' title='bbox 2030 2537 2166 2585; x_wconf 82' lang='lat' dir='ltr'>regibus</span> 
     </span>
     <span class='ocr_line' id='line_1_104' title="bbox 1144 2582 2166 2637; baseline 0.004 -17"><span class='ocrx_word' id='word_1_791' title='bbox 1144 2584 1277 2634; x_wconf 87' lang='lat' dir='ltr'>insuper</span> <span class='ocrx_word' id='word_1_792' title='bbox 1300 2582 1478 2620; x_wconf 62' lang='lat' dir='ltr'>missaxi.</span> <span class='ocrx_word' id='word_1_793' title='bbox 1513 2584 1667 2633; x_wconf 84' lang='lat' dir='ltr'>peditum</span> <span class='ocrx_word' id='word_1_794' title='bbox 1694 2584 1939 2633; x_wconf 73' lang='lat' dir='ltr'>sagittariorum</span> <span class='ocrx_word' id='word_1_795' title='bbox 1959 2615 1970 2628; x_wconf 94' lang='lat'><em>‚</em></span> <span class='ocrx_word' id='word_1_796' title='bbox 2007 2589 2045 2622; x_wconf 72' lang='grc' dir='ltr'>δε</span> <span class='ocrx_word' id='word_1_797' title='bbox 2073 2589 2166 2637; x_wconf 87' lang='lat' dir='ltr'>equi-</span> 
     </span>
     <span class='ocr_line' id='line_1_105' title="bbox 1144 2633 2162 2677; baseline 0.004 -7"><span class='ocrx_word' id='word_1_798' title='bbox 1144 2647 1218 2671; x_wconf 87' lang='lat' dir='ltr'>tum</span> <span class='ocrx_word' id='word_1_799' title='bbox 1242 2634 1312 2671; x_wconf 91' lang='lat' dir='ltr'>duo</span> <span class='ocrx_word' id='word_1_800' title='bbox 1331 2633 1447 2670; x_wconf 88' lang='lat' dir='ltr'>millia.</span> <span class='ocrx_word' id='word_1_801' title='bbox 1506 2634 1559 2670; x_wconf 74' lang='lat' dir='ltr'>Ad</span> <span class='ocrx_word' id='word_1_802' title='bbox 1575 2634 1769 2677; x_wconf 75' lang='lat' dir='ltr'>summam,</span> <span class='ocrx_word' id='word_1_803' title='bbox 1789 2636 1974 2672; x_wconf 80' lang='lat' dir='ltr'>exercitum</span> <span class='ocrx_word' id='word_1_804' title='bbox 1983 2647 2096 2673; x_wconf 83' lang='lat' dir='ltr'>totum</span> <span class='ocrx_word' id='word_1_805' title='bbox 2111 2637 2162 2674; x_wconf 84' lang='lat' dir='ltr'>fu-</span> 
     </span>
     <span class='ocr_line' id='line_1_106' title="bbox 1141 2682 2163 2734; baseline 0.005 -13"><span class='ocrx_word' id='word_1_806' title='bbox 1141 2682 1198 2721; x_wconf 72' lang='lat' dir='ltr'>isse</span> <span class='ocrx_word' id='word_1_807' title='bbox 1215 2698 1272 2724; x_wconf 88' lang='lat' dir='ltr'>v1.</span> <span class='ocrx_word' id='word_1_808' title='bbox 1302 2684 1498 2734; x_wconf 87' lang='lat' dir='ltr'>myriadum</span> <span class='ocrx_word' id='word_1_809' title='bbox 1516 2682 1586 2722; x_wconf 75' lang='lat' dir='ltr'>five</span> <span class='ocrx_word' id='word_1_810' title='bbox 1606 2698 1660 2722; x_wconf 80' lang='lat' dir='ltr'>Lx.</span> <span class='ocrx_word' id='word_1_811' title='bbox 1685 2684 1842 2722; x_wconf 80' lang='lat' dir='ltr'>millium.</span> <span class='ocrx_word' id='word_1_812' title='bbox 1902 2690 1943 2723; x_wconf 90' lang='lat' dir='ltr'>In</span> <span class='ocrx_word' id='word_1_813' title='bbox 1964 2687 2163 2727; x_wconf 82' lang='lat' dir='ltr'>cohortibus</span> 
     </span>
     <span class='ocr_line' id='line_1_107' title="bbox 1144 2734 2161 2785; baseline 0.005 -14"><span class='ocrx_word' id='word_1_814' title='bbox 1144 2736 1243 2784; x_wconf 80' lang='lat' dir='ltr'>igitur</span> <span class='ocrx_word' id='word_1_815' title='bbox 1260 2738 1298 2771; x_wconf 68' lang='grc' dir='ltr'>ὃ(</span> <span class='ocrx_word' id='word_1_816' title='bbox 1326 2747 1449 2783; x_wconf 74' lang='lat' dir='ltr'>regum</span> <span class='ocrx_word' id='word_1_817' title='bbox 1480 2734 1606 2771; x_wconf 82' lang='lat' dir='ltr'>auxiliis</span> <span class='ocrx_word' id='word_1_818' title='bbox 1633 2748 1708 2772; x_wconf 78' lang='lat' dir='ltr'>xxx.</span> <span class='ocrx_word' id='word_1_819' title='bbox 1740 2748 1780 2773; x_wconf 76' lang='grc' dir='ltr'>Μ.</span> <span class='ocrx_word' id='word_1_820' title='bbox 1803 2736 1836 2772; x_wconf 90' lang='lat' dir='ltr'>in</span> <span class='ocrx_word' id='word_1_821' title='bbox 1861 2736 2054 2785; x_wconf 72' lang='lat' dir='ltr'>legionibus</span> <span class='ocrx_word' id='word_1_822' title='bbox 2083 2741 2161 2776; x_wconf 89' lang='lat' dir='ltr'>toti-</span> 
     </span>
     <span class='ocr_line' id='line_1_108' title="bbox 1145 2783 2161 2838; baseline 0.006 -17"><span class='ocrx_word' id='word_1_823' title='bbox 1145 2786 1239 2822; x_wconf 85' lang='lat' dir='ltr'>dem.</span> <span class='ocrx_word' id='word_1_824' title='bbox 1296 2786 1429 2821; x_wconf 85' lang='lat' dir='ltr'>Fuerint</span> <span class='ocrx_word' id='word_1_825' title='bbox 1466 2797 1570 2832; x_wconf 75' lang='lat' dir='ltr'>ergo,</span> <span class='ocrx_word' id='word_1_826' title='bbox 1600 2783 1732 2822; x_wconf 78' lang='lat' dir='ltr'>neceffe</span> <span class='ocrx_word' id='word_1_827' title='bbox 1763 2785 1830 2829; x_wconf 87' lang='lat' dir='ltr'>est,</span> <span class='ocrx_word' id='word_1_828' title='bbox 1864 2787 2020 2837; x_wconf 83' lang='lat' dir='ltr'>legiones</span> <span class='ocrx_word' id='word_1_829' title='bbox 2049 2787 2161 2838; x_wconf 77' lang='lat' dir='ltr'>fingu-</span> 
     </span>
     <span class='ocr_line' id='line_1_109' title="bbox 1145 2835 2158 2887; baseline 0.004 -15"><span class='ocrx_word' id='word_1_830' title='bbox 1145 2836 1184 2872; x_wconf 80' lang='lat' dir='ltr'>lae</span> <span class='ocrx_word' id='word_1_831' title='bbox 1223 2835 1346 2872; x_wconf 85' lang='lat' dir='ltr'>decem</span> <span class='ocrx_word' id='word_1_832' title='bbox 1385 2835 1560 2879; x_wconf 72' lang='lat' dir='ltr'>millium3</span> <span class='ocrx_word' id='word_1_833' title='bbox 1602 2838 1658 2886; x_wconf 87' lang='lat' dir='ltr'>qui</span> <span class='ocrx_word' id='word_1_834' title='bbox 1706 2850 1870 2874; x_wconf 88' lang='lat' dir='ltr'>numerus</span> <span class='ocrx_word' id='word_1_835' title='bbox 1911 2838 2054 2887; x_wconf 77' lang='lat' dir='ltr'>legionis</span> <span class='ocrx_word' id='word_1_836' title='bbox 2086 2843 2158 2877; x_wconf 88' lang='lat' dir='ltr'>uni-</span> 
     </span>
     <span class='ocr_line' id='line_1_110' title="bbox 1144 2886 2158 2936; baseline 0.004 -12"><span class='ocrx_word' id='word_1_837' title='bbox 1144 2900 1182 2924; x_wconf 92' lang='lat' dir='ltr'>us</span> <span class='ocrx_word' id='word_1_838' title='bbox 1218 2886 1381 2923; x_wconf 86' lang='lat' dir='ltr'>immanis</span> <span class='ocrx_word' id='word_1_839' title='bbox 1402 2914 1414 2929; x_wconf 92' lang='lat'><em>,</em></span> <span class='ocrx_word' id='word_1_840' title='bbox 1459 2899 1571 2936; x_wconf 86' lang='lat' dir='ltr'>neque</span> <span class='ocrx_word' id='word_1_841' title='bbox 1606 2887 1688 2924; x_wconf 89' lang='lat' dir='ltr'>alibi</span> <span class='ocrx_word' id='word_1_842' title='bbox 1720 2887 1818 2924; x_wconf 70' lang='lat' dir='ltr'>facile</span> <span class='ocrx_word' id='word_1_843' title='bbox 1858 2889 1997 2929; x_wconf 88' lang='lat' dir='ltr'>inventu</span> <span class='ocrx_word' id='word_1_844' title='bbox 2040 2902 2158 2936; x_wconf 80' lang='lat' dir='ltr'>exem-</span> 
     </span>
     <span class='ocr_line' id='line_1_111' title="bbox 1143 2939 1249 2988; baseline 0 -14"><span class='ocrx_word' id='word_1_845' title='bbox 1143 2939 1249 2988; x_wconf 86' lang='lat' dir='ltr'>plum.</span> 
     </span>
    </p>
   </div>
   <div class='ocr_carea' id='block_1_9' title="bbox 1144 2995 2161 3152">
    <p class='ocr_par' dir='ltr' id='par_1_15' title="bbox 1144 2995 2161 3152">
     <span class='ocr_line' id='line_1_112' title="bbox 1195 2995 2156 3046; baseline 0.006 -12"><span class='ocrx_word' id='word_1_846' title='bbox 1195 2995 1306 3034; x_wconf 71' lang='lat' dir='ltr'>Solitae</span> <span class='ocrx_word' id='word_1_847' title='bbox 1333 3009 1420 3035; x_wconf 81' lang='lat' dir='ltr'>vero</span> <span class='ocrx_word' id='word_1_848' title='bbox 1447 2995 1492 3033; x_wconf 85' lang='lat' dir='ltr'>sic</span> <span class='ocrx_word' id='word_1_849' title='bbox 1524 2998 1668 3043; x_wconf 68' lang='lat' dir='ltr'>junstim</span> <span class='ocrx_word' id='word_1_850' title='bbox 1693 3028 1706 3043; x_wconf 84' lang='lat'><em>‚</em></span> <span class='ocrx_word' id='word_1_851' title='bbox 1742 3011 1778 3036; x_wconf 91' lang='lat' dir='ltr'>ut</span> <span class='ocrx_word' id='word_1_852' title='bbox 1807 3014 1898 3038; x_wconf 86' lang='lat' dir='ltr'>nunc</span> <span class='ocrx_word' id='word_1_853' title='bbox 1925 3014 1944 3038; x_wconf 87' lang='lat' dir='ltr'>a</span> <span class='ocrx_word' id='word_1_854' title='bbox 1969 3001 2156 3046; x_wconf 77' lang='lat' dir='ltr'>Suetonio,</span> 
     </span>
     <span class='ocr_line' id='line_1_113' title="bbox 1144 3047 2159 3103; baseline 0.003 -17"><span class='ocrx_word' id='word_1_855' title='bbox 1144 3048 1316 3088; x_wconf 83' lang='lat' dir='ltr'>numerari</span> <span class='ocrx_word' id='word_1_856' title='bbox 1340 3047 1514 3099; x_wconf 77' lang='lat' dir='ltr'>legiones,</span> <span class='ocrx_word' id='word_1_857' title='bbox 1546 3047 1627 3092; x_wconf 76' lang='lat' dir='ltr'>alae,</span> <span class='ocrx_word' id='word_1_858' title='bbox 1657 3050 1827 3091; x_wconf 81' lang='lat' dir='ltr'>cohortes.</span> <span class='ocrx_word' id='word_1_859' title='bbox 1884 3053 1938 3091; x_wconf 85' lang='lat' dir='ltr'>Sic</span> <span class='ocrx_word' id='word_1_860' title='bbox 1958 3056 2052 3091; x_wconf 64' lang='lat' dir='ltr'>enim</span> <span class='ocrx_word' id='word_1_861' title='bbox 2073 3067 2159 3103; x_wconf 84' lang='lat' dir='ltr'>quo-</span> 
     </span>
     <span class='ocr_line' id='line_1_114' title="bbox 1486 3100 2161 3152; baseline 0.004 -16"><span class='ocrx_word' id='word_1_862' title='bbox 1486 3100 1661 3139; x_wconf 82' lang='lat' dir='ltr'>Cccccc</span> <span class='ocrx_word' id='word_1_863' title='bbox 2096 3116 2161 3152; x_wconf 83' lang='lat' dir='ltr'>que</span> 
     </span>
    </p>
   </div>
  </div>
 </body>
</html>
