2504 3425
221 112 328 170 666

223 205 469 252 danativum
502 205 626 251 militi
659 201 856 251 donaret,

493 111 562 167 C.
613 110 851 166 SUET.
903 103 1502 159 TRANQU1LL1
1559 90 1708 146 L113.
1747 91 1942 149 VIII.

892 206 1119 254 numquam
1151 186 1296 244 instare
1329 181 1561 236 dubitavit,
1594 181 1769 227 relic'lum
1793 184 1836 243 ft
1859 186 2089 250 participem
2121 188 2315 250 Imperii,

2099 92 2138 124 Αὲ
2156 94 2206 124 U.
2237 94 2278 125 e:

2057 135 2315 171 DCCCXXXN.

220 271 294 331 fid
316 270 507 330 fraudem
538 268 752 323 testamento
787 256 1017 304 adhibitam.
1085 251 1245 311 Neque
1292 242 1456 316 eeflavit
1499 260 1548 288 ex
1582 258 1635 286 eo
1667 243 1830 288 infidias
1862 245 2012 292 struere
2033 244 2153 292 fratri
2186 249 2316 301 clam,

232 335 390 394 palam:
427 330 561 394 qumd
576 338 806 385 correptum
821 320 936 380 gravi
960 313 1223 366 valetudine,
1246 323 1355 367 prlus
1375 323 1498 369 quam
1523 305 1641 367 plane
1655 303 1808 349 efflaret
1820 310 2022 365 animam,
2055 326 2131 371 pro
2153 325 2319 356 mortuo

235 395 362 441 deseri
385 396 494 453 justit
518 412 528 438 :

575 387 905 444 dcfunffinnque
938 379 1080 433 nullo,
1117 387 1386 437 praeterquam
1421 368 1743 413 consecrationis
1769 366 1928 415 honore
1962 372 2151 433 dignatus
2175 409 2188 428 ‚
2221 373 2323 435 saepe

236 462 359 504 ctiam
395 455 537 515 cafpfit
567 449 750 509 obiiquis
783 442 1067 494 orationibus,
1103 444 1144 483 ὃ(
1183 436 1339 480 odietis.
1407 437 1521 477 Inter
1555 431 1672 502 initia
1703 430 1958 491 Principatns
1980 468 1992 488 ,
2027 437 2215 495 quotidie
2251 436 2318 481 se-
2347 452 2366 501 3

239 536 395 568 cretum
429 514 735 565 sibivhorariutn
756 509 914 556 sumere
940 504 1116 551 solebat:
1153 516 1228 548 nec
1251 496 1481 561 quidquam
1504 494 1704 556 amphus,
1739 509 1865 554 quam
1887 494 2041 541 muscas
2059 513 2241 558 captare,
2276 515 2321 544 ac

577 654 940 689 TonRENT.

2221 562 2323 609 stilo

1296 642 1355 667 -tus
1374 629 1439 667 effe
1456 629 1533 667 usus
1552 644 1562 667 t
1589 629 1706 680 postea
1725 627 1866 667 mutasse
1891 643 2043 669 morem.
2099 634 2320 675 Contrarium

1305 693 1424 717 tamen
1451 680 1567 718 suadet
1586 681 1710 717 Plinius
1728 682 1764 716 in
1783 682 2014 730 Panegyrico,
2043 694 2125 717 cum
2154 683 2200 718 ait
2220 696 2229 719 ε
2257 697 2323 721 non

293 733 497 780 1⁷³³''ficsl'e772
524 730 668 777 Imperii·
689 727 703 775 i
741 727 792 763 Sic
820 725 926 761 etiam
949 721 1019 759 duo
1047 717 1150 756 ¹¹0st¹‘¹
1178 729 1256 755 Mss.
1304 731 1403 767 adire
1418 731 1618 780 qmsquam,
1643 743 1708 766 non
1735 732 1862 780 alloqui
1878 731 2048 774 audebat,
2072 731 2324 779 tenebrassem..

237 784 354 820 Ceteri
372 812 383 826 ‚
411 786 448 820 δ(
471 781 596 830 vulgati
622 790 770 819 omnes,
802 775 986 824 principem
1014 769 1167 819 Imperii,
1202 767 1257 803 sed

1298 790 1355 828 per
1371 782 1603 829 ftcremmque
1632 789 1834 828 captantem.
1890 783 1991 824 Hac,
2030 780 2159 824 credo,
2191 782 2323 819 ratione

240 832 344 870 male.
374 845 456 869 nam
477 830 572 883 quod
591 831 690 866 Titus
709 840 790 864 eum
815 823 1011 882 consortem
1042 824 1185 877 Imperu
1212 829 1257 852 te·
1305 830 1432 868 fnduffi
1458 831 1522 866 visi
1547 830 1661 873 doffi,
1686 829 1793 867 verba
1810 829 1865 866 ina
1884 858 1896 873 θ
1924 831 2013 866 inm
2033 831 2135 866 initia
2153 830 2328 880 Primi-pa-

240 883 410 927 stssbsstffl',
443 885 501 932 (ut
518 882 588 930 sup.
613 880 659 916 est
674 890 751 927 cap.
769 889 818 913 IX·
836 875 848 921 )
879 873 912 910 ld
928 872 1159 912 Voluntffl'fflm
1173 878 1256 909 ΨΜ»
1304 891 1380 924 tus,
1407 880 1592 926 rejicienda
1610 881 1643 916 in
1655 878 1766 916 finem
1785 879 1965 928 superioris
1983 881 2098 931 capitis
2111 873 2323 920 censuerunt.

228 946 312 970 -non
333 947 374 970 ex
387 933 594 970 testamento
614 929 782 966 debitum.

296 989 360 1018 Pro
378 993 507 1019 mortuo
527 978 668 1028 deseri.]
696 975 858 1026 Xiphilin.
886 976 923 1009 δε
942 976 1117 1013 Zonaras,
1146 968 1255 1026 ambo

244 1033 304 1078 (ut
323 1033 467 1082 opinor)
504 1045 545 1069 ex
555 1031 670 1067 Dione
689 1024 808 1074 jullisl'e
824 1024 962 1060 tiaiunt
982 1024 1016 1058 in
1039 1021 1155 1076 cistam
1176 1031 1261 1076 nivis

244 1083 383 1131 plenam
404 1084 556 1127 conjici,
592 1091 756 1128 tanquam
784 1075 959 1122 refrigerio
984 1071 1104 1108 scilicet
1130 1069 1261 1117 indige-

236 1144 314 1176 ret,
343 1145 443 1183 atque
463 1144 497 1168 ut
518 1131 654 1168 interim
671 1129 765 1165 citius
786 1126 918 1179 periret.
1178 1168 1185 1175 ·

298 1187 465 1218 secretum
485 1180 700 1223 horarium.)
732 1173 896 1225 Xiplnlin.
919 1175 1044 1207 &ante
1056 1172 1261 1217 Imperium,

245 1236 283 1268 δε
308 1245 386 1268 cum
405 1234 474 1276 jam
490 1233 684 1279 Imperator
704 1224 814 1261 factus
828 1223 929 1264 esset,
956 1221 990 1256 in
1005 1219 1142 1255 Albano
1160 1217 1260 1274 dege-

243 1295 279 1316 re
302 1310 313 1323 ,
355 1285 391 1317 ὅ(
413 1278 607 1325 hujufinodi
641 1275 779 1312 ridicula
808 1272 961 1310 faffltare
980 1269 1115 1306 solitum
1139 1266 1262 1304 scribit.

245 1330 346 1367 Idem
368 1329 480 1367 ferme
500 1331 583 1367 Plin.
602 1330 769 1376 Panegyr.
790 1323 910 1363 tradit,
938 1333 974 1358 ut
993 1319 1154 1356 tenebras
1176 1317 1263 1354 sem-

245 1394 306 1430 per
338 1381 574 1431 secretumque
613 1387 795 1426 optantem
811 1403 823 1418 ,
869 1385 979 1422 neque
1014 1381 1183 1418 umquam
1225 1381 1266 1404 ex

246 1431 421 1468 solitudine
444 1433 498 1468 sua
521 1429 774 1481 prodeuntem,
796 1422 857 1461 nisi
884 1434 919 1459 ut
947 1420 1167 1460 solitudinem
1178 1416 1267 1454 face-

247 1492 319 1523 ret,
345 1477 770 1532 graviterreprehendens.
831 1477 915 1522 Quo
939 1470 1006 1514 fit,
1034 1481 1071 1527 ut
1098 1470 1267 1526 secretum

248 1530 332 1568 istud
352 1532 529 1568 horarium
548 1530 663 1569 vocari
680 1541 699 1563 a
719 1526 884 1564 Suetonio
903 1552 914 1566 ,
953 1525 990 1558 ὃ(
1011 1519 1152 1570 quidem
1171 1531 1267 1555 initio

249 1582 476 1631 Principatus,
506 1581 665 1617 admirer.
693 1590 777 1614 nam
798 1579 835 1613 ὅ(
852 1576 975 1611 Vit‘tor
994 1571 1053 1608 has
1073 1582 1182 1620 nugas
1199 1581 1267 1619 pae-

248 1644 291 1673 ne
318 1631 466 1668 -assiduas
495 1630 587 1668 fuisse
615 1628 769 1666 ostendit.
829 1629 914 1662 Sunt
943 1623 1001 1672 qui
1017 1620 1182 1668 fhlarium
1204 1632 1266 1668 pro

247 1681 575 1732 horarium'legant,
604 1692 639 1717 ut
656 1677 824 1716 secretiori
840 1675 936 1712 alicui
952 1672 1094 1713 solario,
1121 1670 1266 1706 seudiae-

248 1743 290 1767 tae
308 1731 351 1769 ad
375 1732 484 1769 solem
506 1731 623 1782 politae
641 1730 674 1767 se
694 1727 870 1764 incluserit.
928 1726 984 1759 De
1003 1734 1073 1772 quo
1089 1719 1263 1758 vocabulo

249 1782 380 1820 dietum
426 1784 460 1819 in
495 1781 632 1824 Claud„
680 1783 721 1823 Et
747 1778 824 1814 sane
861 1774 894 1811 id
931 1787 1012 1809 cum
1036 1770 1163 1808 muscis
1192 1783 1264 1806 non

252 1833 344 1870 male
361 1834 522 1871 convenit
537 1862 549 1877 ,
586 1832 760 1867 horarium
777 1839 899 1864 tamen
916 1825 1049 1860 retineo
1069 1850 1081 1865 ‚
1112 1833 1148 1857 ut
1164 1820 1264 1866 secre-

253 1892 327 1917 tum
344 1883 477 1928 sumere
497 1883 633 1925 dixerit,
659 1875 962 1931 quemadmodum
977 1881 1131 1920 captare,
1161 1872 1264 1907 &de-

245 1931 398 1981 fiderure
415 1931 575 1977 secretum
594 1931 679 1968 Oth.
705 1934 742 1966 δ(
762 1927 884 1964 Claud.
902 1937 977 1973 cap.
989 1937 1019 1959 x.
1044 1921 1148 1972 idque
1166 1921 1263 1956 hora-

254 1983 344 2017 rium
364 1992 466 2020 vocet
483 2010 494 2025 ‚
525 1995 596 2017 non
612 1981 703 2028 quod
723 1980 819 2015 unius
837 1987 970 2013 tantum
988 1973 1103 2014 hone,
1134 1970 1192 2007 sed
1221 1970 1264 2007 ad

255 2043 390 2082 tempus
415 2030 552 2080 aliquod
576 2029 702 2073 fuerit,
743 2039 800 2064 aut
841 2037 931 2063 certa
960 2024 1026 2059 diei
1055 2033 1159 2072 parte.
1218 2025 1265 2057 Ut

253 2081 336 2118 hora
355 2083 528 2118 matutina
541 2110 553 2125 ,
597 2080 791 2118 meridiana
806 2106 819 2121 ,
857 2076 993 2126 vespera
1010 2072 1100 2124 apud
1116 2072 1264 2109 Plinium

255 2131 402 2176 libata.
421 2143 588 2183 cap.x11.

564 2234 960 2274 CAsAunon.

310 2319 513 2370 Priusquam
531 2319 632 2368 plane
647 2317 772 2366 efflaret
792 2314 968 2355 animam,
988 2319 1047 2359 pro
1066 2318 1196 2346 mortuo
1214 2307 1269 2343 de-

247 2365 455 2420 stristtffit.]
487 2375 642 2406 Zonaras
651 2369 770 2404 auetor
782 2394 793 2408 ,
809 2362 865 2402 vel
885 2364 955 2399 Dio
974 2361 1083 2411 potius
1098 2357 1187 2409 apud
1199 2361 1271 2414 Zo-

258 2433 400 2465 narum,
429 2423 513 2457 Tito
531 2419 642 2455 adhuc
672 2419 814 2467 spirante
844 2414 1092 2450 Domitianum
1117 2409 1267 2445 celeriter

260 2473 415 2508 Romam
432 2468 576 2512 venifl'e,
607 2469 772 2505 &statim
795 2464 898 2501 castra
910 2459 1196 2512 Imperatorisque
1207 2470 1269 2515 no:

258 2534 342 2557 men
363 2525 399 2558 &
418 2521 608 2572 potentiam
632 2515 822 2566 occupasse.
880 2513 1036 2550 Scribunt
1053 2523 1137 2567 vero
1153 2512 1267 2545 Graec-t

261 2572 435 2614 nonnulli,
462 2571 646 2621 spirantem
668 2568 778 2605 adhuc
797 2566 937 2606 Titum,
964 2575 982 2597 a
997 2560 1143 2597 fratrem
1152 2571 1269 2595 arcam

260 2621 412 2669 ligneam
432 2623 518 2659 nivis
536 2620 700 2669 plenam,
729 2631 786 2666 per
805 2613 955 2651 causshm
977 2610 1142 2648 faciendae
1159 2609 1269 2645 medi-

260 2673 364 2715 cinae,
391 2673 591 2718 conjestum
606 2698 617 2712 ,
646 2669 760 2718 ibique
771 2665 983 2703 exstine‘tum.
1102 2711 1108 2716 .

317 2724 418 2758 Nullo
428 2731 648 2770 praeterquam
666 2715 914 2760 consecrationis
938 2713 1057 2749 honore
1071 2711 1240 2758 dignatus.
1255 2707 1269 2755 ]

262 2771 371 2818 Atque
391 2772 424 2807 id
450 2785 522 2809 non
539 2770 672 2811 statim,
699 2768 755 2805 sed
772 2767 877 2802 altero
896 2763 970 2814 post
997 2761 1134 2797 obitum
1157 2772 1271 2802 anno5

262 2817 288 2853 ss
308 2818 460 2869 legitimo
479 2822 560 2858 loco
579 2818 685 2870 posita
705 2818 752 2854 est
769 2817 842 2853 liaec
858 2813 988 2851 Eusebii
1008 2823 1089 2847 nota
1106 2811 1141 2845 in
1160 2810 1271 2845 Chro-

260 2868 361 2906 nicot
389 2875 527 2906 Decreto
541 2869 677 2915 senatus
695 2870 789 2904 Titus
808 2868 896 2901 inter
913 2865 985 2899 deos
1003 2862 1158 2906 refertur.

321 2934 349 2962 3.
378 2925 467 2954 Inter
486 2920 588 2955 initia
599 2920 813 2965 principatus
832 2914 979 2964 quotidie
991 2912 1075 2959 seor.
1091 2912 1102 2957 ]
1134 2912 1182 2945 Ut
1199 2908 1270 2944 haec

262 2968 364 3005 lectio
385 2969 431 3004 est
444 2997 457 3012 ,
481 2969 609 3006 videtur
620 2969 841 3004 Domitianus
856 2960 1095 3007 consuetudine
1113 2959 1273 3008 captandi

262 3020 428 3056 incretum
443 3018 528 3058 istud
544 3017 716 3055 horarium
736 3029 796 3065 per
827 3015 919 3052 initia
946 3023 1080 3050 tantum
1100 3010 1269 3060 Principa-
1320 3005 1493 3042 horarum·

1307 931 1491 981 probabilis
1515 932 1743 975 consenui-a:
1780 931 1936 966 maxime
1963 943 2044 968 curn
2073 930 2162 967 dicat
2179 931 2325 976 Plinius,

1300 987 1437 1029 semper.
1495 981 1550 1017 An
1581 981 1680 1028 igitur
1701 981 1747 1015 ita
1767 980 2030 1018 emendandum
2053 983 2064 1019 ἓ
2090 994 2322 1032 nequaquam.

1310 1035 1519 1082 Repugnant
1537 1031 1633 1066 enim
1650 1029 1724 1066 libri
1746 1043 1874 1066 omnes
1897 1030 2029 1080 scripti,
2057 1032 2092 1068 in
2119 1031 2255 1080 Vulgata
2279 1032 2330 1069 di-

1310 1082 1488 1117 stinffione
1515 1079 1775 1116 consentientes.
1825 1083 2067 1130 Repugnat&
2089 1082 2203 1117 ratio:
2247 1094 2329 1117 cum

1311 1130 1426 1179 palam
1454 1129 1494 1165 sit
1521 1130 1564 1166 de
1590 1130 1759 1178 principiis
1782 1130 1988 1179 Principatus
2016 1131 2210 1166 Domitiani
2235 1129 2330 1181 loqui

1312 1181 1534 1222 Suetonium,
1554 1191 1627 1214 non
1644 1179 1687 1214 de
1704 1178 1860 1216 universa
1874 1182 1954 1217 vita.
2012 1180 2183 1224 attende,
2209 1181 2330 1224 lector,

1313 1233 1348 1265 δε
1372 1242 1513 1265 mecum
1534 1256 1543 1271 ,
1574 1228 1642 1264 scio
1659 1253 1673 1270 ,
1709 1228 1839 1264 senties.
1896 1230 2015 1276 Quare
2039 1228 2228 1274 falluntur,
2272 1232 2331 1280 qui

1314 1278 1636 1316 Plinianumlocum
1653 1277 1863 1326 superiorem
1879 1290 1960 1314 cum
1978 1278 2040 1314 isto
2059 1282 2210 1316 Suetonii
2229 1294 2333 1318 com-

1314 1341 1446 1378 parant.
1481 1340 1566 1365 nam
1590 1327 1671 1364 illud
1687 1327 1875 1370 secretum,
1900 1328 1944 1364 de
1960 1340 2031 1373 quo
2049 1328 2194 1371 Plinius,
2219 1331 2330 1369 diver-

1315 1379 1389 1416 sum
1408 1380 1456 1417 est
1476 1379 1520 1416 ab
1541 1378 1605 1415 isto
1622 1378 1770 1415 horario.
1799 1377 1853 1414 ille
1872 1378 1999 1418 ἁπλῶς
2017 1377 2062 1414 de
2082 1379 2240 1416 moribus
2256 1383 2332 1417 Do·

1316 1431 1447 1467 mitiani
1466 1430 1612 1479 loquitur
1633 1443 1642 1464 :
1672 1428 1726 1465 hic
1745 1428 1789 1471 de
1809 1428 1928 1478 primis
1947 1427 2030 1465 illius
2054 1428 2154 1479 gestis
2179 1429 2254 1479 post
2271 1430 2332 1467 ad-

1315 1480 1466 1517 sumtum
1485 1479 1684 1528 imperium.
1711 1478 1841 1515 clarum
1861 1478 1930 1515 hoc
1947 1478 2003 1517 vel
2024 1493 2064 1516 ex
2083 1492 2172 1516 voce
2187 1480 2331 1524 demde,

1315 1544 1391 1580 quoe
1415 1530 1530 1568 statim
1550 1529 1728 1574 subjicitur.
1786 1529 1832 1565 At
1857 1527 2059 1566 clarissimus
2082 1528 2216 1566 senator
2236 1531 2332 1567 Paul-

1318 1581 1366 1618 lus
1382 1582 1540 1619 Petavius
1552 1608 1563 1623 ,
1590 1580 1638 1617 vir
1659 1577 1874 1615 dostiffimus
1888 1607 1900 1622 ,
1929 1590 2114 1616 monuerat
2132 1592 2196 1616 nos
2222 1580 2330 1617 videri

1314 1630 1532 1668 scribendum
1553 1637 1642 1666 Inter
1661 1630 1752 1665 vitia
1768 1628 1914 1677 Princip.
1945 1628 1993 1665 fic
2013 1630 2108 1666 enim
2123 1628 2156 1666 se
2177 1628 2335 1680 legiffein

1315 1683 1423 1718 veteri
1448 1681 1507 1718 suo
1527 1679 1646 1718 codice
1666 1693 1676 1716 ι
1706 1692 1787 1716 cum
1807 1678 1928 1731 postea
1959 1691 2039 1716 eam
2073 1676 2261 1716 let-stionem
2288 1681 2326 1718 in

1312 1746 1382 1770 uno
1401 1746 1420 1769 e
1433 1732 1529 1770 ,libris
1543 1731 1643 1780 regiis
1660 1742 1772 1780 eoque
1795 1730 1996 1780 perantiquo
2015 1726 2229 1768 in'venimus:
2254 1743 2330 1767 ma-

1312 1796 1436 1820 nemus
1448 1794 1571 1821 tamen
1592 1782 1620 1816 ἐν
1638 1779 1746 1827 orsio-32
1760 1807 1775 1823 ,
1809 1792 1921 1829 neque
1940 1779 1989 1816 ab
2009 1780 2101 1816 edita
2114 1779 2263 1816 lestione
2281 1793 2332 1817 re·

1311 1833 1475 1870 cedimus.
1533 1832 1632 1868 Nam
1648 1830 1692 1866 de
1709 1830 1796 1866 vitiis
1813 1829 2006 1867 Domitiani
2021 1830 2133 1880 capite
2151 1829 2262 1867 solum
2273 1830 2337 1871 de:-¹

1311 1883 1405 1920 cimo
1422 1884 1566 1919 tranare
1586 1881 1764 1918 Suetonius
1779 1880 1905 1929 incipit.

1365 1938 1532 1970 Secretum
1545 1931 1611 1981 fibi
1628 1930 1803 1966 horarium
1820 1931 1954 1978 sumere
1970 1927 2136 1977 βλάψῃ]
2167 1931 2255 1966 Non
2273 1930 2334 1966 ho-

1313 1983 1444 2019 rarimn
1463 2012 1474 2026 ,
1503 1982 1561 2019 sed
1583 1980 1747 2016 horarum
1766 1978 1814 2015 est
1838 1978 1997 2029 scriptum
2021 1980 2056 2016 in
2077 1980 2176 2029 regiis
2195 1980 2330 2018 Viterb.

1314 2037 1348 2070 ὅ(
1363 2035 1448 2071 Pith.
1463 2033 1565 2070 codd.
1583 2030 1663 2067 inde
1680 2028 1820 2078 suspicio
1843 2028 1912 2072 est,
1930 2026 2041 2066 deeffe
2051 2030 2332 2072 numerinotam,

1315 2088 1350 2120 ὅ(
1372 2084 1437 2121 hoc
1455 2096 1512 2121 aut
1532 2081 1633 2119 simili
1655 2081 1767 2117 modo
1783 2078 2014 2116 *scribendum
2034 2093 2045 2116 :
2076 2080 2246 2128 secretum
2263 2078 2333 2129 fibi

1312 2134 1473 2172 horarum
1489 2134 1645 2181 Hlsmr,
1655 2131 1717 2178 fhl.

1372 2183 1508 2233 Muscas
1527 2192 1660 2230 captare
1684 2192 1724 2216 ac
1737 2178 1814 2225 stilo
1825 2178 1986 2226 praeacuto
2000 2177 2141 2226 figore.]
2174 2182 2216 2216 Et
2225 2181 2334 2217 animi

1317 2235 1455 2289 quidem
1468 2263 1479 2278 ,
1506 2232 1562 2270 sed
1579 2235 1617 2268 &
1635 2229 1791 2279 corporis
1810 2226 1945 2265 fortafl'e
1960 2229 2082 2266 vitium
2099 2229 2143 2264 ad
2164 2229 2232 2267 hoc
2248 2231 2333 2268 insa-

1317 2288 1382 2322 niae
1399 2297 1509 2334 genus
1531 2281 1776 2318 Domitianum
1796 2278 1924 2328 adegit.
1983 2281 2080 2314 Nam
2103 2280 2333 2328 Hippocrates

1318 2337 1405 2371 inter
1423 2334 1487 2370 alia
1504 2332 1627 2369 indicia
1660 2330 1810 2366 hominis
1827 2356 1839 2372 ,
1874 2341 1982 2378 quem
2012 2340 2083 2365 atra
2110 2328 2185 2367 bilis
2209 2342 2329 2375 vexat,

1317 2386 1385 2422 hoc
1402 2396 1538 2434 quoque
1559 2380 1730 2422 recenset,
1762 2382 1798 2414 ὃ(
1810 2378 1941 2414 muscas
1957 2392 2039 2415 eum
2056 2391 2192 2429 captare
2209 2380 2329 2419 scribit.

1319 2441 1434 2474 Locus
1456 2434 1504 2470 est
1523 2434 1558 2469 in
1575 2432 1662 2468 libro
1688 2431 1731 2467 de
1749 2429 1889 2465 internis
1903 2426 2158 2468 affectionibus.

1677 2553 1981 2589 Van1on.

1373 2652 1576 2699 Participem
1609 2648 1779 2699 Imperia]
1821 2649 1873 2685 Sic
1906 2648 2036 2698 primus
2065 2646 2261 2685 emendavit
2286 2660 2328 2685 ex

1320 2704 1519 2746 coniectura
1547 2701 1731 2739 Turnebus
1749 2700 1807 2737 lib.
1823 2712 1856 2737 v.
1881 2697 2020 2736 Advers.
2042 2710 2115 2746 cap.
2132 2711 2183 2733 10.
2212 2696 2329 2746 postea

1320 2752 1354 2787 in
1372 2752 1482 2800 priscis
1501 2753 1591 2789 libris
1609 2756 1642 2789 F.
1663 2749 1777 2787 Urfini
1791 2777 1804 2792 ,
1839 2747 1981 2785 Salmas
2001 2746 2298 2785 Coriendoncenfi
2314 2773 2327 2791 ,

1321 2802 1434 2839 Alvari
1455 2804 1585 2846 Nonii,
1614 2801 1751 2850 aliisque
1782 2800 1856 2836 haec
1875 2797 1977 2834 lectio
1992 2795 2054 2832 fuit
2074 2797 2222 2833 inventa.

1375 2867 1390 2896 3
1406 2883 1413 2890 .
1428 2857 1592 2890 secretum
1604 2852 1667 2900 fibi
1684 2845 1898 2893 horarium]
1921 2844 2211 2889 Palat.horarum‚
2223 2846 2331 2884 littera

1321 2915 1389 2939 una
1408 2904 1522 2939 minus
1545 2932 1558 2947 ‚
1604 2914 1680 2952 quae
1707 2898 1830 2937 excidit
1854 2896 2069 2944 ignoratione
2098 2893 2209 2932 forsan
2235 2899 2331 2934 vocis

1321 2954 1455 2990 alterius
1471 2954 1585 2992 minus
1605 2950 1745 2990 uiitatae.
1771 2951 1898 2987 Gaui.
1924 2943 2064 2983 salmas.
2091 2945 2169 2984 cod.
2190 2958 2331 2996 quoque

2173 3047 2326 3083 Ton-
