2504 3425
686 119 791 174 IN
868 112 1265 168 esve-r

309 216 504 252 Coaffiones
528 213 736 262 argentarias
752 202 974 256 fafiitavit]
1012 204 1099 237 Non
1113 198 1199 255 'dixit
1216 196 1278 254 ab·

261 264 371 302 solute
386 264 454 302 sive
487 263 616 315 proecise
645 261 817 297 coactione,-
834 284 846 297 ,
882 253 937 290 sed
965 264 1045 286 cum
1085 247 1277 283 d1scr1m1ne

261 308 438 351 evat-‘liskes
466 312 693 363 argentarias:
723 306 833 344 ut&l.
855 314 995 353 propen.
1017 303 1047 342 ς.
1067 297 1125 334 ult.
1146 300 1192 334 D.
1220 299 1278 353 IJe

261 364 350 401 statu
369 354 424 402 lib.
453 366 627 400 coar-iorem
649 355 890 405 argentarium.
949 350 1164 404 CoQOwu
1183 359 1278 401 quip-

266 427 309 465 pe
330 410 455 472 uenei-a
475 411 581 449 multa
600 438 612 451 ‚
640 419 674 443 ut
692 407 847 441 coar-tores
868 409 1056 447 argentam
1078 425 1090 440 ‚
1118 399 1278 453 coacffores

262 446 483 504 aul-limari,
520 461 674 495 coactores
690 454 768 489 auri
789 449 954 498 lustralis,
982 452 1020 485 δε
1037 447 1071 483 id
1095 459 1203 496 genus
1213 444 1276 502 aluz

263 513 452 551 Aroentarii
482 509 655 545 coastores
686 503 781 539 fuere
814 499 1015 538 mercenarii
1042 510 1165 533 eorum
1180 524 1192 539 ,
1221 509 1277 546 qui

262 545 488 598 arfentariam
519 556 587 594 sive
617 553 774 592 mensam
797 551 970 587 haberent.
1029 549 1120 604 Acro
1134 551 1279 605 &tyetus

261 594 425 660 ini-‘ermes
450 608 581 645 Horatii
609 608 645 642 in
663 609 729 641 Sat.
749 617 805 641 νι.
825 601 882 637 lib.
910 616 936 637 1.
986 599 1195 635 Auitionaru
1222 610 1278 633 co-

261 663 395 697 aecor-es
409 688 420 702 ‚
449 659 505 708 qui
527 657 683 706 pecunias
698 655 734 690 in
752 650 967 689 auetionibus
985 648 1166 699 cogebant.
1211 648 1278 684 Au-

261 713 290 748 ri
309 710 444 746 lustralis
471 708 646 743 coastores
663 733 675 747 ‚
705 705 760 753 qui
789 714 914 753 cogere
945 699 1015 739 five
1044 699 1177 748 exigere
1206 696 1279 754 soli-

261 762 287 796 ti
303 771 423 795 aurtun
444 756 572 792 lustrale
593 754 663 793 sive
679 751 845 802 vectigale
864 781 875 795 ‚
914 762 950 787 ut
972 752 1008 787 in
1024 760 1140 788 vetere
1171 747 1280 784 inscrt-

261 811 377 860 ptione
397 807 523 844 Tordae
541 807 576 842 in
591 805 700 842 Dacia
712 819 723 841 ε
752 809 792 837 P.
813 802 902 838 AElio
922 806 959 837 T.
977 807 1013 838 F.
1044 798 1159 848 Qaest.
1173 804 1209 834 R.
1220 810 1281 834 aa-

252 126 286 180 8

256 860 293 895 ri
314 856 480 905 lustralis,
508 860 576 894 &c.
610 856 643 892 id
663 854 732 898 est,
755 852 912 889 collectori
939 851 1018 887 auri
1039 848 1212 896 vec'ligalik
1240 862 1281 884 ex
1305 855 1307 888 ἔ

260 909 384 945 Dacia.
443 905 634 956 Vectigalia
652 916 780 953 nempe
799 903 886 953 exigi
907 901 1001 939 solita
1017 898 1130 936 lustris.
1175 899 1282 945 Quod

256 975 378 1002 autem
395 963 442 1000 est
462 965 496 1000 in
515 961 629 1015 glossis
638 961 984 999 PhiloxenizCoaHor
995 987 1007 1003 ,
1035 948 1255 1014 κωμάκτωξ
1267 984 1282 1009 ,

257 1020 439 1069 οἱνοῖΓκως.
473 1029 633 1079 corrige,
665 1017 955 1082 ἀργυροκόπος,
989 1038 1061 1062 non
1087 1036 1122 1062 ut
1149 1028 1279 1063 Bonav.

251 1085 448 1132 'Vulcanius
481 1085 722 1148 εἷσπςοίκτωξ
740 1119 755 1144 ,
789 1103 825 1129 ut
855 1092 890 1128 in
922 1088 1036 1142 glossis
1069 1089 1185 1126 etiam.
1203 1088 1282 1141 ipsis

259 1161 363 1201 patet.

317 1199 386 1249 Etfi
405 1199 546 1248 quidam
563 1212 639 1235 eum
651 1197 895 1246 primipilarem
906 1225 917 1240 ‚
943 1196 1115 1239 nonnulli,
1132 1209 1207 1232 cum
1219 1197 1280 1232 ad-

257 1249 326 1285 huc
343 1251 470 1285 ordines
489 1247 656 1296 duceret]
684 1249 840 1298 Opponit
853 1245 1079 1294 primipilari,
1106 1246 1280 1283 ducentem

260 1301 399 1335 ordines.
432 1299 498 1334 hoc
515 1299 561 1334 ita
589 1297 746 1348 intellige.
805 1298 1057 1333 Centurionum
1083 1295 1138 1331 alii
1166 1298 1280 1347 primi-

261 1348 344 1399 pili,
371 1347 439 1385 sive
461 1348 680 1398 primipilares
699 1347 768 1386 sive
790 1349 825 1384 in
846 1346 1019 1384 ordinibus
1050 1347 1166 1397 primis
1185 1362 1196 1383 ·.
1226 1348 1280 1383 alii

257 1400 473 1435 centuriones
488 1410 622 1434 tantum
642 1397 711 1436 sive
731 1399 786 1448 qui
807 1397 944 1434 ordines
965 1396 1137 1435 ducerent.
1167 1398 1279 1447 itaque

257 1449 398 1498 intelligi
416 1448 487 1486 vult
499 1452 542 1485 C.
564 1450 757 1491 Suetonius,
787 1448 875 1484 hunc
895 1452 938 1484 T.
951 1447 1101 1484 Flavium
1113 1447 1279 1484 Sabinum

260 1497 459 1549 Vespasiani
473 1511 604 1549 patrem
621 1497 734 1541 fuiss'e,
761 1510 795 1535 ut
813 1498 983 1534 nonnullis
999 1497 1109 1547 placet
1122 1526 1134 1540 ,
1155 1499 1278 1545 primi-

249 1548 362 1598 pilam
380 1577 392 1591 ‚
422 1546 491 1586 five
504 1549 655 1598 primum
664 1550 776 1597 pilam
794 1577 806 1592 ,
844 1547 913 1586 sive
933 1547 1150 1596 primopilam
1164 1575 1176 1590 ,
1206 1546 1276 1586 five

248 1597 520 1646 primipilarem,
561 1597 630 1637 sive
640 1598 909 1647 primipilarium
928 1614 938 1632 :
968 1610 1003 1634 ut
1020 1598 1097 1641 alii,
1127 1609 1275 1635 tantum-

258 1648 370 1684 modo
391 1650 637 1686 centurionem.
696 1648 844 1686 Ordines
865 1651 976 1700 itaque
987 1649 1121 1699 generis
1130 1650 1275 1686 nomine

252 1698 292 1735 in
310 1698 418 1748 specie
436 1698 509 1748 post
521 1701 672 1749 primum
692 1698 808 1749 pilum.

312 1751 367 1784 De
385 1750 577 1800 primipilari
596 1778 608 1794 ,
638 1748 707 1787 five
727 1749 936 1800 primopilari
957 1778 969 1793 ,
996 1748 1066 1788 five
1092 1749 1274 1800 primipila-

258 1799 332 1841 rio,
350 1797 419 1834 sive
459 1799 667 1849 rimopilario
679 1799 889 1838 nonnecesse
899 1801 1013 1838 habeo
1022 1800 1144 1836 dicere.
1175 1803 1273 1838 Nam

258 1848 435 1898 copioseA
449 1848 509 1885 dus
529 1851 698 1887 Manutius
714 1851 749 1886 in
764 1851 965 1901 jugurtham
987 1853 1027 1886 C.
1039 1849 1187 1887 Sallustii.
1216 1853 1272 1894 Ju-
1297 1880 1300 1893 2

254 1898 324 1935 stus
343 1896 473 1948 Lipsius
491 1898 534 1935 de
552 1899 670 1936 Militia
689 1903 852 1937 Romana
870 1901 1008 1951 dialogo
1027 1914 1067 1939 vx
1081 1915 1091 1936 1
1106 1915 1132 1937 1.
1144 1900 1200 1937 lib.
1219 1915 1270 1938 11.

255 1946 326 1986 Etsi
346 1961 418 1984 non
449 1946 574 1986 deesset
592 1948 800 1999 spicilegium
828 1951 955 1989 volenti
975 1980 986 1994 ‚
1023 1962 1058 1987 ut
1086 1949 1272 2001 primipilos

256 1998 342 2034 alios
361 1996 452 2034 fuiffe
471 1998 593 2035 milites
614 2001 788 2051 gregarios
805 2029 817 2043 ,
846 2002 928 2037 alios
954 2002 1169 2037 centuriones
1188 2016 1198 2037 ι
1234 2005 1271 2037 &

257 2047 471 2099 primipilum
493 2047 557 2085 esse
575 2078 586 2091 ,
613 2049 667 2086 vel
693 2049 801 2099 ipsum
826 2051 986 2087 ordinem
1008 2053 1157 2101 primum
1175 2079 1186 2093 ‚
1217 2051 1273 2089 vel

257 2099 530 2135 centurionatum
559 2099 642 2135 illius
669 2099 794 2135 ordinis
822 2099 890 2138 sive
920 2113 954 2137 ut
985 2101 1083 2137 Vale.
1103 2114 1132 2137 c.
1159 2116 1185 2137 1.
1214 2101 1270 2140 lib.

256 2162 314 2186 vi.
342 2152 377 2183 ὃς
408 2151 450 2185 C.
479 2151 616 2185 Tacitus
650 2149 793 2199 loquitur
828 2151 940 2187 annali
973 2165 1077 2187 x111.
1115 2151 1271 2188 honorem

246 2196 416 2248 primipili
435 2228 446 2240 ‚
485 2198 555 2237 sive
574 2211 608 2235 ut
625 2199 644 2236 l.
672 2213 697 2235 ι.
729 2202 770 2236 C.
788 2199 831 2235 de
850 2200 1019 2251 primipilo
1039 2229 1052 2244 ‚
1078 2200 1272 2248 primopila-

255 2258 330 2284 tum
350 2267 360 2292 3
386 2248 442 2284 vel
459 2250 690 2286 commodum
728 2249 810 2285 illius
829 2253 1077 2287 centurionatus
1099 2279 1111 2293 ,
1139 2249 1270 2300 aliaque

254 2299 289 2335 id
310 2311 418 2348 genus
440 2298 593 2349 plurima.
628 2299 693 2336 Sed
710 2313 799 2335 nunc
816 2314 931 2351 operae
949 2315 1022 2338 non
1043 2300 1089 2336 est
1107 2311 1271 2338 centones

252 2347 384 2386 farcire.

307 2403 521 2438 Sacramento
531 2399 680 2448 solatum
692 2410 751 2450 per
771 2402 906 2450 causam
934 2399 1271 2450 valetudinis.]Utfi

253 2449 400 2494 diceret,
429 2452 652 2499 impetraviffe
667 2451 842 2499 miffionem
854 2450 1042 2499 causariam
1054 2480 1066 2494 ,
1091 2463 1124 2487 ut
1137 2451 1155 2488 l.
1166 2465 1205 2488 x1
1220 2467 1230 2488 1
1245 2468 1271 2490 ι.

255 2503 284 2541 §.
316 2500 514 2547 Miffionum.
553 2504 610 2537 De
627 2515 662 2538 re
681 2501 775 2539 milit.
796 2503 816 2540 l.
847 2517 899 2539 11.
921 2505 951 2545 §.
991 2501 1186 2550 Ignominia.
1214 2506 1271 2538 De

257 2549 306 2585 his
324 2552 379 2599 qui
397 2563 468 2588 not.
491 2549 549 2588 inf.
572 2555 617 2588 D.
639 2552 772 2602 Apuleji
791 2551 912 2589 Asinus
934 2551 989 2588 lib.
1021 2565 1071 2588 iv.
1118 2551 1271 2588 Exsertis-

250 2597 340 2635 sime
357 2600 399 2637 de
418 2602 480 2637 hac
498 2600 653 2637 missione
672 2604 864 2639 Gordianus
886 2606 974 2651 Imp.
993 2602 1014 2638 l.
1036 2615 1088 2638 lv.
1108 2603 1148 2637 C.
1161 2601 1203 2637 de
1214 2606 1267 2639 Re

256 2649 351 2685 milit.
374 2651 431 2688 ubi
450 2652 491 2687 de
510 2653 763 2689 examinatione
782 2653 977 2698 hujusmodi
994 2651 1163 2694 militum,
1189 2664 1267 2689 ante

253 2710 359 2745 quam
377 2701 620 2738 dimitterentur
642 2731 654 2746 ,
681 2703 777 2740 solita
795 2702 869 2739 fieri
883 2715 902 2739 a
923 2702 1029 2749 judice
1047 2714 1267 2751 competente

255 2750 293 2782 δ(
312 2750 462 2786 medicis.
528 2760 532 2762 ’

309 2800 559 2852 Sacramentum
577 2813 693 2838 autem
712 2803 861 2839 absolute
880 2803 960 2839 dixit
986 2816 1047 2853 pro
1077 2801 1268 2839 sacramen-

256 2855 293 2880 to
309 2846 446 2884 nulitiae.
503 2853 599 2887 Nam
618 2852 682 2887 hoc
701 2852 950 2890 sacramentum
971 2854 1114 2904 proprie.
1149 2851 1267 2889 Idem-

1171 2902 1177 2917 Ι

254 2916 321 2953 ‘lue
351 2903 542 2959 semela,
582 2922 616 2945 ut
647 2912 798 2950 Gloffae:
836 2919 1120 2965 Sacramentum,
1159 2907 1264 2965 ὅρκος

254 2961 518 3024 ςξοιτιωτικᾶς.
551 2976 664 3019 hem,
690 2969 832 3034 “03205
845 2973 1122 3036 Quarum-„4359
1145 2978 1264 3026 sacm-

1305 119 1438 157 0N.
1517 99 1946 158 Vespiss

1330 205 1495 233 mentum.
1534 193 1695 230 For-mula
1719 193 1921 232 sacramenti
1940 193 2095 235 militaris
2111 194 2160 235 est
2176 196 2268 250 apud
2283 200 2356 239 Ve-

1330 257 1399 295 get.
1419 258 1448 281 c.
1471 257 1502 282 v.
1524 242 1580 281 lib.
1607 258 1618 280 1
1631 258 1658 281 1.
1687 243 1747 280 ubi
1762 245 1855 294 quod
1873 245 1944 289 est,
1972 259 2054 284 nam
2063 250 2262 296 punauris,
2279 254 2349 292 διε.

1329 294 1421 331 male
1441 295 1617 343 corrigitur
1634 305 1717 330 nam
1738 295 1891 332 vicruris.
1949 296 2059 334 Attice
2083 300 2249 348 Vegetius
2263 308 2352 348 pun-

1329 348 1442 380 eiuras
1458 346 1603 391 punfflas
1619 371 1632 387 ‚
1657 354 1697 380 ut
1721 342 1777 379 alii
1795 345 1946 392 pisturas
1970 347 2093 394 pictas.
2140 352 2355 387 Puncruram

1328 408 1413 433 vero
1431 395 1537 431 etiam
1556 393 1621 437 Jul.
1652 394 1812 430 Fir-micus
1829 393 1908 430 dixit
1925 408 1953 432 c.
1972 409 2049 435 xxi.
2063 397 2120 436 lib.
2141 413 2182 437 vi
2196 414 2206 436 ι
2220 414 2247 437 ι.
2277 400 2354 438 Alia

1327 444 1528 532 saci-amlenti
1545 442 1696 531 forriissla
1717 442 1779 481 fuit
1792 445 1829 480 in
1846 445 2038 495 Republica
2055 460 2191 494 vetere,
2218 462 2253 487 ut
2260 450 2353 501 apud

1328 502 1368 540 A.
1393 495 1458 532 Gel
1501 508 1528 532 c.
1555 495 1642 533 1v.·'
1671 508 1771 532 ,xv1.

1378 563 1557 614 Publz‘eum
1584 561 1836 613 quadragefima
1868 562 1933 612 egit
1954 563 1992 599 in
2011 562 2136 614 Afia.]
2169 570 2351 610 publicum

1327 625 1429 663 agere
1449 617 1495 652 V.
1516 616 1556 651 C.
1577 615 1736 652 Laevinus
1757 614 1959 650 Torrentius
1985 615 2219 664 interpretatur
2245 623 2349 657 veni.

1322 663 1382 712 gal
1405 664 1557 712 colligere.
1592 666 1662 713 Qui
1681 663 1776 715 quod
1797 665 1999 701 Suetonium
2014 677 2152 716 quoque
2164 667 2274 719 ipsum
2285 673 2347 708 Vi.

1328 713 1406 750 tellii
1425 728 1452 751 c.
1471 727 1512 751 νι
1526 729 1552 752 ι.
1583 713 1629 751 sic
1651 715 1804 751 locutum
1822 715 1868 751 ait
1884 743 1896 757 ,
1927 715 1998 760 eius
2015 715 2063 750 rei
2081 729 2146 752 nec
2162 718 2282 756 volam
2300 719 2349 757 ibi

1327 778 1390 801 nec
1406 764 1587 814 vestigium
1601 764 1863 815 deprehenderis
1874 779 1885 801 ε
1913 763 2042 801 Tullius
2059 775 2179 804 tamen
2197 782 2272 806 non
2288 768 2351 806 dis-'-

1329 813 1479 852 similiter
1507 814 1588 852 dixit
1618 816 1765 853 Verrina
1789 828 1846 853 v1.
1900 819 2011 862 Agere
2044 817 2171 853 crimen
2205 819 2352 865 ostiatim

1305 891 1306 900 1
1329 878 1392 915 pro
1409 865 1579 915 colligere.
1599 863 1657 903 sed
1674 867 1783 905 verius
1803 864 1850 901 est
1867 894 1880 910 ,
1914 876 2009 911 agere
2020 865 2195 912 publicum
2214 882 2349 907 exerce-

1329 929 1365 951 re
1384 915 1530 965 veffigal
1550 931 1559 952 ε
1593 927 1630 951 ut
1649 929 1744 964 agere
1768 922 1879 964 Remp.
1911 913 2043 952 Paullus
2060 915 2081 952 1.
2099 930 2196 956 xxxv.
2216 924 2245 964 §.
2272 935 2308 957 11
2321 934 2350 959 1.

1328 969 1375 1003 D.
1396 967 1502 1016 Qiib.
1532 979 1573 1001 ex
1590 965 1676 1002 caus]
1692 967 1816 1012 major.
1846 966 2041 1014 mensuram
2061 967 2110 1001 rei
2125 979 2220 1016 agere
2231 998 2243 1013 ‚
2261 970 2349 1010 Plin.

1330 1030 1357 1053 c.
1384 1031 1461 1054 111.
1491 1016 1548 1055 lib.
1568 1029 1623 1055 xv.
1654 1015 1700 1053 sic
1716 1020 1883 1065 secretum
1921 1028 2015 1064 agere
2047 1019 2186 1056 Sueton.
2216 1019 2353 1059 Claudii

1329 1089 1358 1112 c.
1376 1080 1452 1105 XXV-

1384 1133 1564 1170 Publicum
1578 1144 1696 1169 autem
1724 1131 1993 1182 quadragesimae
2021 1161 2033 1177 ,
2065 1146 2138 1171 non
2158 1138 2350 1188 portorium

1329 1179 1400 1220 sive
1420 1183 1587 1220 telonium
1605 1182 1744 1231 intelligi
1761 1180 1851 1224 vult,
1883 1194 1917 1218 ut
1925 1182 2186 1224 FabiiDeclam.
2205 1196 2344 1230 cccmx.

1305 1233 1309 1272 l
1330 1233 1421 1269 Hinc
1458 1231 1713 1283 quadragefima
1741 1232 1929 1280 portorium
1974 1234 2063 1281 apud
2096 1238 2349 1284 Symmachum

1330 1282 1422 1332 epist.
1443 1297 1521 1320 cxci
1535 1298 1561 1320 1.
1583 1283 1638 1320 lib.
1651 1297 1684 1321 v.
1703 1283 1804 1326 Joan.
1817 1280 1963 1319 Cassian.
1975 1295 2003 1318 c.
2013 1296 2096 1319 xxxi
2109 1286 2258 1324 1.collat.
2267 1302 2349 1327 κκῐ.

1327 1345 1368 1378 Et
1388 1344 1455 1381 hoc
1474 1345 1545 1395 ipso
1555 1358 1583 1381 c.
1597 1344 1737 1381 Sabinus
1748 1343 1800 1378 hic
1820 1342 1939 1378 dicitur
1963 1337 2211 1394 τελωνήσας,
2233 1348 2267 1385 id
2276 1348 2348 1394 est,

1304 1416 1306 1432 ι
1326 1399 1509 1452 telonarius
1527 1399 1632 1439 fuiffe.
1661 1402 1706 1437 At
1725 1400 1875 1437 Suetonii
1897 1401 1986 1446 Cajo
2008 1411 2037 1436 c.
2056 1410 2113 1437 xi..-
2141 1402 2246 1441 etiam
2263 1418 2347 1455 qua-

1326 1450 1512 1502 clragefima
1529 1465 1569 1488 ex
1587 1451 1714 1488 litibus.

1382 1521 1638 1570 Manebantque
1655 1517 1858 1569 imagines.]
1887 1518 2034 1568 Intelligi
2051 1519 2123 1557 vult
2142 1519 2244 1559 hodie
2270 1536 2346 1564 non

1294 1565 1300 1622 l
1320 1569 1481 1610 manere.
1512 1576 1631 1621 Itaque
1649 1570 1741 1607 male
1774 1573 1819 1607 V.
1832 1573 1873 1607 C.
1894 1571 1913 1613 J
1916 1569 2003 1606 ustus
2013 1568 2144 1619 Lipsius
2161 1571 2204 1609 ad
2220 1575 2261 1610 C.
2274 1577 2345 1612 Ta.

1325 1625 1380 1660 citi
1407 1621 1529 1660 Annal.
1556 1636 1596 1658 Χι
1610 1636 1621 1658 ι
1635 1636 1662 1658 1.
1692 1622 1866 1663 correxit,
1906 1625 2139 1669 Mantantcjae
2171 1622 2345 1672 imagines.

1322 1674 1430 1723 Quod
1443 1671 1692 1723 reprehendere
1711 1670 1765 1707 alii
1782 1670 1897 1722 postea
1915 1699 1927 1713 ,
1957 1669 2013 1706 sed
2031 1683 2143 1721 neque
2171 1671 2233 1724 ipsi
2252 1676 2345 1713 reth

1323 1724 1466 1763 sublatas
1484 1724 1654 1773 imagines
1674 1721 1744 1759 illas
1762 1733 1782 1757 a
1805 1718 2028 1771 Vespasiano.

1385 1792 1530 1834 Καλῶς
1546 1783 1820 1837 τελωνήσαντι.
1842 1783 1865 1845 ]
1901 1795 1990 1827 Bono
2017 1792 2189 1841 quondam
2219 1794 2343 1833 telona-

1323 1852 1392 1895 rio,
1421 1863 1478 1888 aut
1493 1851 1550 1900 qui
1567 1849 1657 1887 bene
1678 1848 1846 1885 telonium
1866 1850 2021 1886 exercuit.
2065 1848 2265 1888 Publicanus
2281 1866 2339 1904 ge-

1324 1915 1410 1945 nus,
1436 1901 1618 1937 telonarius
1642 1899 1785 1949 species,
1816 1910 1850 1935 ut
1869 1899 1889 1935 l.
1917 1913 1991 1936 111.
2012 1901 2053 1935 C.
2076 1899 2251 1937 Theodos.
2277 1906 2336 1940 De

1322 1952 1508 2002 indulgent.
1533 1949 1638 1986 debit.
1683 1952 1808 1998 Neque
1827 1950 1918 1984 reete
1937 1952 1982 1985 V.
1995 1952 2034 1985 C.
2052 1949 2201 1991 Jacobus
2215 1954 2338 1998 'Cuiam

1322 2003 1365 2039 ad
1386 2003 1406 2040 l.
1425 2016 1504 2039 xvi.
1529 1999 1571 2035 de
1591 1999 1700 2037 Verb.
1725 1997 1808 2048 sign.
1836 1996 1974 2033 differre
2001 1998 2055 2034 illa
2067 1998 2098 2034 d.
2113 1998 2132 2034 l.
2160 2013 2195 2035 ιι
2209 2014 2235 2037 ι.
2265 2015 2340 2040 non

1323 2054 1458 2102 putavit.
1486 2054 1585 2087 Nam
1603 2050 1798 2100 publicanus
1817 2046 1884 2090 est,
1913 2048 1970 2096 qui
1988 2045 2058 2085 five
2076 2059 2163 2084 terra
2183 2047 2254 2087 sive
2263 2064 2339 2089 ma.

1322 2104 1348 2138 ri
1368 2115 1425 2139 aut
1443 2101 1585 2138 flumine
1595 2098 1739 2149 vefflgal
1757 2098 1889 2146 exegit:
1919 2097 2120 2135 Telonarius
2130 2110 2245 2135 autern
2257 2114 2336 2152 pro.

1322 2155 1393 2204 prie
1418 2182 1430 2196 ,
1458 2153 1514 2204 qui
1535 2151 1623 2187 mari
1650 2161 1708 2186 aut
1734 2147 1888 2186 flumine.
1941 2148 1993 2185 Sic
2012 2148 2100 2198 apud
2119 2149 2269 2189 Marcell.
2300 2153 2336 2192 in

1321 2215 1500 2251 Portitores
1519 2243 1531 2259 ,
1555 2211 1710 2250 telonarii
1729 2212 1919 2263 portitores.
1959 2213 1998 2246 Et
2017 2209 2244 2262 Moschopulo
2276 2225 2343 2251 τε·
2385 2258 2387 2263 ¹

1321 2270 1466 2330 λαῖνης,
1497 2276 1514 2318 o‘
1533 2271 1590 2317 τοὶ
1606 2277 1671 2322 τῆς
1689 2267 1908 2319 θαλάσσης·
1928 2274 1996 2312 καὶ
2021 2267 2077 2314 τοὶ
2096 2275 2145 2314 τὲ
2164 2267 2336 2315 dilmari-

1321 2351 1371 2382 λὶς
1393 2341 1608 2399 διενεργῶν.
1640 2346 1694 2381 Sic
1710 2346 1745 2382 in
1764 2342 2015 2380 Constitutione
2041 2344 2195 2381 Friderici
2211 2344 2253 2382 de
2263 2349 2336 2383 Re·

1321 2400 1452 2451 galibus
1472 2400 1601 2437 feudor.
1624 2417 1652 2439 c.
1675 2413 1755 2439 Lvi.
1775 2400 1831 2437 lib.
1860 2414 1912 2436 11.
1929 2398 2172 2448 vee'ligalfa&
2181 2414 2246 2450 qua
2256 2394 2335 2438 vul-

1317 2466 1357 2500 go
1375 2452 1534 2487 dicuntur
1554 2451 1687 2489 telonia.
1719 2453 1770 2488 Sic
1783 2451 1877 2487 enim
1899 2449 1971 2486 libri
1993 2451 2254 2488 emendatiores.
2284 2452 2334 2488 Si-

1322 2502 1446 2538 militer
1464 2502 1625 2538 teloneum
1642 2503 1677 2539 in
1695 2502 1870 2552 privilegio
1881 2529 1892 2543 ‚
1917 2500 2011 2550 quod
2029 2501 2171 2537 Carolus
2187 2505 2236 2539 M.
2253 2515 2333 2538 mo-

1323 2552 1438 2638 naclhis
1455 2557 1485 2589 S.
1506 2554 1672 2639 GleLmani
1697 2551 1828 2589 Parisiis
1855 2550 1949 2588 dedit
1973 2551 2063 2602 apud
2086 2553 2227 2589 Airnon.
2254 2554 2332 2590 Mo-

1322 2616 1419 2639 naci.
1438 2617 1465 2640 C.
1492 2617 1518 2640 Ι.
1548 2617 1557 2639 l
1586 2633 1593 2640 .
1615 2617 1648 2641 V·

1375 2671 1488 2717 Postea
1500 2670 1602 2716 senas
1620 2667 1800 2717 exercuit.]
1831 2670 1882 2706 Sic
1900 2668 2010 2706 dicere
2029 2668 2147 2706 maluit
2160 2699 2172 2712 ,
2197 2672 2233 2706 ὃ(
2250 2681 2332 2720 qua·

1320 2719 1345 2755 si
1365 2722 1587 2765 urbanatim,
1615 2733 1650 2757 ut
1660 2721 1847 2770 Pomponii
1868 2719 1977 2756 verbo
1987 2720 2124 2763 dicam,
2152 2719 2221 2758 five
2239 2719 2331 2769 paul-

1318 2771 1352 2807 lo
1372 2771 1495 2809 civilius
1516 2770 1630 2821 loqui,
1659 2784 1765 2821 quam
1782 2769 1968 2816 rusticatim
1986 2770 2097 2806 dicere
2113 2799 2125 2813 ‚
2153 2776 2328 2805 fenerator

1308 2821 1385 2866 fuit
1401 2834 1457 2858 aut
1475 2823 1647 2868 usurarias
1655 2821 1741 2867 fait.
1800 2823 1898 2856 Nam
1917 2818 2015 2856 fenus
2039 2832 2192 2856 exercere
2207 2846 2219 2861 ‚
2247 2831 2330 2868 qua-

1318 2869 1343 2906 si
1367 2871 1549 2908 artis-icium
1578 2871 1626 2908 est
1650 2900 1663 2914 ,
1701 2870 1872 2907 fenerator
1905 2871 2099 2907 convicium
2122 2898 2134 2911 ‚
2166 2879 2202 2904 ut
2230 2870 2328 2906 Cice-

1317 2935 1390 2958 ron.
1418 2937 1468 2959 11.
1500 2922 1543 2959 de
1563 2920 1670 2958 offic.
1690 2919 1800 2958 odiofi
1813 2921 1986 2969 portitores
2002 2949 2015 2963 ,
2034 2920 2248 2964 fhneratures.
2285 2924 2328 2957 Et

1314 2972 1379 3016 Jul·
1414 2974 1546 3012 Fir-mic.
1584 2985 1613 3011 c.
1644 2985 1749 3014 γιιι.
1785 2970 1842 3009 lib.
1877 2985 1953 3009 ιιι.
1982 2970 2110 3016 junxit,
2139 2966 2326 3013 delatores,

2144 3016 2304 3066 absconfiis
2315 3048 2326 3066 ‚
