2504 3425
595 184 1908 242 T13.CLAun1usCAEsA}t.
2128 194 2299 261 ‘461

208 279 350 336 tibus,
385 279 568 326 damam
591 277 630 324 se
658 277 875 343 promisit,
910 282 950 342 fi
971 296 1106 349 captus
1125 282 1215 341 efflet.
1282 276 1390 324 Illud
1434 295 1605 342 quoque
1640 279 1760 341 plane
1794 279 2061 343 quantumvis
2094 278 2304 331 salubriter

200 345 524 406 &intempore
549 378 563 400 ‚
595 359 693 390 cum
728 344 948 402 effedari0‚
983 362 1059 408 pro
1092 362 1179 408 quo
1211 357 1387 406 quatuor
1419 341 1496 389 filii
1530 343 1881 406 deprecabantur,
1917 361 2072 405 magno
2105 349 2297 396 omnium

197 405 343 454 favore
364 407 590 454 indulsisset
609 410 754 455 rudem
770 445 782 465 ,
816 408 997 455 tabulam
1023 412 1141 455 illico
1161 407 1271 455 misit
1288 443 1302 465 ,
1357 406 1588 454 admonens
1606 409 1812 472 populum
1836 444 1850 465 ‚
1896 423 2122 475 quantopere
2162 410 2300 458 liberos

181 473 370 539 fitfttpere
402 473 590 529 deberet,
623 491 715 537 quos
745 474 899 520 videret
934 483 997 520 (9⁸
1022 474 1243 539 gladiatori
1262 472 1441 536 praefidio
1464 477 1672 538 gratiaeque
1692 476 1769 533 effe.
1833 473 2042 519 Edidit&
2077 476 2121 520 in
2141 475 2299 523 Martio

202 552 353 599 campo
369 539 725 602 expugnationem
747 538 1113 602 direptionemque
1132 537 1279 601 oppidi
1296 538 1346 583 ad
1368 538 1600 600 imaginem
1619 536 1812 584 bellicam
1825 573 1839 594 ,
1875 543 1917 584 &
1933 537 2190 586 deditionem
2204 543 2298 588 Bri-

193 603 345 647 tanniae
372 620 523 666 regum
544 639 558 660 ‚
600 602 868 667 praeseditque
894 602 1123 665 paludatus.
1193 602 1314 661 Qun
1349 604 1394 647 &
1429 600 1645 648 emissurus
1674 604 1879 648 Fucinum
1905 603 2041 649 lacum
2063 638 2076 660 ‚
2121 621 2298 653 nauma-

189 664 331 712 chiam
355 681 450 714 ante
473 667 694 714 commisit.
761 668 843 714 Sed
873 683 968 713 cum
983 666 1332 729 proclamantibus
1352 664 1689 726 naumachiariis,
1722 669 1826 714 Ave
1844 672 2084 734 Imperator,
2118 674 2298 716 morituri

191 742 230 776 te
242 731 447 791 salutant,
479 730 773 795 respondisset,
811 734 952 777 Avete
969 748 1068 777 vos:
1103 747 1242 794 neque
1263 726 1355 793 post
1377 727 1484 775 hanc
1508 746 1655 777 vocem
1676 768 1690 789 ‚
1724 732 1838 793 quasi
1860 734 1983 778 venia
2004 731 2093 778 data
2118 769 2132 790 ‚
2174 736 2295 797 quis-

194 810 323 857 quam
353 796 548 843 dimicare
571 797 723 852 vellet,
758 795 831 841 diu
852 795 1088 852 cunetatus,
1121 812 1174 841 an
1196 810 1347 839 omnes
1366 794 1457 856 igni
1478 791 1676 859 ferroque
1697 793 1956 852 absumeret,
1987 797 2154 844 tandem
2168 799 2292 846 esede

191 857 263 904 sua
274 858 481 920 prosiluit:
506 876 552 906 ac
562 876 635 922 per
644 859 849 905 ambitum
862 861 971 905 lacus
981 895 993 916 ,
1009 876 1098 904 non
1111 858 1196 905 sine
1210 855 1325 904 foeda
1337 857 1624 914 vacillatione,
1640 857 1869 904 discurrens
1882 894 1894 914 ,
1904 861 2052 920 partim
2066 863 2265 909 minando
2276 900 2292 920 ‚

190 924 342 984 partim
364 923 619 970 adhortando
642 923 690 969 ad
711 941 898 987 pugnam
921 924 1139 986 compulit.
1203 924 1305 968 Hoc
1326 920 1560 985 spefflculo
1578 920 1707 968 classis
1728 923 1921 968 Sicula&
1935 922 2105 970 Rhodi-a
2115 942 2294 973 concur-

188 1002 357 1045 rerunt,
392 987 681 1035 duodenarum
699 989 932 1035 triremium
952 986 1146 1052 fingulae,
1180 987 1371 1034 exciente
1384 985 1559 1035 buccina
1571 988 1755 1034 Tritone
1767 1001 1994 1051 argenteo,
2024 990 2293 1051 quiemedio

2198 1055 2291 1102 lacu

183 1124 285 1162 Nam
304 1124 490 1176 palumbus
514 1139 654 1164 nomen
671 1125 718 1163 est
744 1127 819 1164 avis
844 1123 1029 1164 notissimae
1051 1141 1061 1164 ε
1096 1128 1133 1163 3<
1154 1137 1214 1162 eo·
1255 1124 1415 1163 triremes
1432 1127 1604 1177 utrimque
1620 1122 1803 1164 duodenas
1828 1123 1868 1162 sit
1883 1120 2049 1176 imposita
2065 1151 2079 1169 ,
2116 1126 2211 1175 quod
2242 1127 2291 1166 di-

183 1174 269 1212 dem
291 1178 438 1214 nomine
455 1176 626 1228 gladiator
643 1176 798 1215 famosus
815 1177 1084 1228 nuncupabatur.
1146 1179 1215 1214 Po-

184 1225 282 1276 pulus
290 1230 479 1266 Romanus
492 1229 634 1279 petebat
645 1228 800 1266 exhiberi
818 1228 1047 1279 gladiatorem
1066 1228 1212 1265 nomine

181 1276 396 1316 Palumbum
409 1293 419 1316 ε
440 1279 602 1318 Claudius
611 1279 767 1317 alludens
777 1280 822 1316 ad
832 1292 967 1317 nomen
983 1278 1087 1325 alitis,
1098 1278 1210 1324 Dabo,

181 1328 312 1379 inquit,
325 1328 360 1379 fi
377 1338 494 1380 captus
501 1331 628 1378 fuerit.
654 1334 898 1369 Benearnus.

512 1403 884 1439 'sannen-r.

238 1458 445 1509 Effedario]
474 1463 560 1497 Sunt
580 1460 639 1509 qui
654 1461 793 1495 retiario
814 1458 1004 1508 legendum
1029 1457 1211 1499 censeant,

181 1507 242 1546 sed
261 1511 365 1548 male.
390 1511 478 1547 inter
501 1509 707 1558 gladiatores
731 1510 827 1546 enim
848 1508 944 1546 fuisse
969 1511 1026 1559 qui
1060 1507 1213 1557 essedarii

184 1560 420 1604 vocabantur,
444 1560 529 1596 alter
539 1560 690 1596 Suetonii
709 1559 804 1597 locus
823 1559 983 1597 ostendit.
1011 1560 1208 1610 Calig.cap.

184 1622 286 1649 xxxv.
318 1611 474 1659 Eſjedum
490 1610 632 1661 quidem
651 1610 836 1661 Belgarum
854 1612 1037 1650 inventum
1053 1609 1138 1655 fuit,
1170 1623 1212 1647 ex

183 1673 257 1710 quo
273 1661 385 1705 Galli,
423 1674 464 1698 ac
480 1662 631 1698 Britanni
648 1674 802 1712 pugnare
818 1661 915 1700 soliti.
973 1661 1076 1698 Unde
1105 1662 1210 1698 etiam

181 1710 334 1758 effidariz
355 1724 430 1748 tam
446 1711 539 1762 apud
553 1710 731 1748 Caesarem
750 1712 808 1749 lib.
828 1725 866 1751 v.
920 1715 978 1749 De
1005 1712 1098 1749 bello
1121 1712 1208 1750 Gall.

181 1772 292 1809 quam
338 1761 429 1812 apud
473 1762 688 1799 Ciceronem
727 1763 874 1813 epistolis
906 1762 950 1800 ad
987 1763 1208 1802 Trebatium.

187 1812 259 1860 Qui
286 1811 387 1861 igitur
419 1811 512 1861 apud
540 1815 727 1849 Romanos
765 1814 891 1850 horum
926 1814 1088 1864 exemplo
1123 1816 1211 1851 inter

188 1862 397 1918 gladiatores
418 1861 666 1914 depugnabant
683 1892 695 1908 ‚
727 1863 878 1912 effedarii
901 1863 1019 1915 &ipsi
1038 1865 1212 1905 vocaban—

191 1924 255 1950 tur.

241 1962 412 2000 Tabulam
429 1963 517 2000 illico
534 1962 670 2013 mista]
701 1966 786 2001 Sunt
809 1965 866 2014 qui
882 1964 1049 2012 fabulam
1078 1965 1205 2017 legant.

183 2012 311 2065 inepte.
351 2013 418 2051 Alii
433 2013 588 2051 tabulam
608 2016 739 2066 pictam
759 2015 959 2064 intelligunt.
993 2017 1102 2066 Qasr
1120 2031 1208 2056 vero

181 2064 237 2102 illa
253 2064 388 2103 Claudii
407 2065 558 2103 monitio
573 2066 703 2116 pistura
731 2066 881 2115 exprimi
905 2070 1063 2117 potuerit.
1120 2071 1209 2107 Dio-

179 2129 266 2154 nem
289 2116 389 2168 igitur
403 2116 593 2154 audiamus.
620 2117 647 2154 is
668 2117 763 2154 enim
777 2116 820 2153 de
832 2116 999 2162 Claudio,
1029 2121 1205 2168 Qoniam

182 2167 341 2217 (inquit)
380 2169 418 2204 in
438 2167 637 2217 spetflaculis
658 2166 772 2217 populo
797 2166 933 2216 benigne
950 2169 1073 2205 aderat
1092 2199 1103 2214 ‚
1148 2170 1202 2214 Εἴ

179 2231 246 2267 que
278 2220 404 2255 vellent
424 2246 436 2262 ,
477 2218 640 2267 prebebat
654 2247 666 2263 ‚
705 2231 762 2255 nec
783 2219 982 2266 preconibus
1017 2222 1202 2266 utebatur,

171 2268 236 2317 sed
262 2267 422 2318 pleraque
459 2271 578 2306 omnia
618 2269 777 2318 inscripta
820 2269 949 2308 tabulis
986 2270 1203 2321 divulgabat.

183 2318 229 2358 εἱς
249 2318 388 2358 σανίδας
405 2318 555 2367 γράφων.
604 2321 656 2357 Sic
675 2320 841 2357 nimirum
862 2322 968 2358 etiam
987 2320 1109 2360 libellis
1131 2335 1203 2360 ute-

181 2368 317 2413 bantur.
359 2369 451 2406 Vide
467 2370 555 2419 Aug.
575 2382 769 2420 cap.xL11‚

238 2419 302 2455 Ad
321 2418 505 2468 imaginem
531 2419 722 2468 bellicam]
779 2421 863 2457 Belli
879 2419 1070 2470 simulacra
1096 2432 1200 2463 vocat

185 2471 324 2508 Lucret.
340 2469 398 2506 lib.
420 2483 471 2505 11.
512 2469 578 2506 Sed
596 2473 634 2507 &
653 2471 768 2509 Livius
787 2471 845 2509 lib.
868 2485 970 2510 xxix.
1008 2472 1138 2521 claffem
1162 2475 1199 2512 in

175 2529 278 2570 portu
289 2518 516 2569 fimulacrum
533 2520 685 2557 edentem
705 2521 843 2558 navalis
856 2532 992 2571 pugna,
1017 2527 1086 2561 &c-

240 2569 499 2607 Naumachiam
518 2579 598 2606 ante
616 2569 790 2620 commisit.
809 2574 825 2621 ]
866 2577 911 2611 In
929 2573 1005 2610 lacu
1019 2574 1092 2626 ipso
1108 2576 1203 2612 Fuci-

183 2634 243 2659 no.
271 2622 384 2658 Tacit.
395 2619 542 2658 lib.x11.

239 2672 487 2708 Duodenarum
505 2670 737 2719 triremium]
778 2672 888 2709 Dioni
904 2671 1065 2723 scriptum
1084 2673 1205 2712 diserte

186 2724 439 2772 quinquaginta
456 2723 629 2773 utrimque
646 2734 751 2759 naves
769 2720 999 2773 depugnasse,
1037 2723 1204 2774 idemque

186 2773 363 2823 xiphilino
389 2772 560 2810 traditum.
621 2772 786 2810 Liberem
820 2774 942 2810 erroris
976 2773 1176 2824 scripturam
1193 2780 1204 2814 ἓ

187 2826 277 2863 Non
292 2837 371 2874 ego.
400 2836 485 2860 nam
504 2836 585 2860 ecce
611 2825 694 2860 citra
717 2823 834 2860 mendi
852 2823 1078 2872 suspicionem
1089 2827 1202 2864 Tacit.

187 2874 401 2925 undeviginti
420 2874 607 2912 hominum
629 2874 736 2910 millia
766 2874 912 2911 armasse
943 2875 1127 2912 Claudiurn
1154 2890 1205 2913 re-

185 2923 261 2963 fert.
316 2927 372 2961 An
398 2925 577 2964 censemus
603 2924 726 2962 scilicet
751 2937 974 2963 centenarum
1011 2926 1204 2964 triremium

188 2974 324 3013 classem
340 2989 413 3012 non
430 2976 503 3025 plus
514 2975 723 3013 Corneliana
742 2976 880 3014 summa
898 2973 1040 3025 cepisse?
1065 2979 1203 3027 Nugae,

186 3029 226 3064 ὃ(
243 3055 255 3070 ,
304 3025 330 3063 si
349 3037 466 3063 nautas
485 3027 694 3064 consulimus
710 3056 722 3070 ,
765 3028 841 3064 satis
859 3026 997 3077 singulae
1027 3029 1207 3078 quingenis

191 3077 372 3128 capitibus,
389 3077 486 3127 quod
504 3078 616 3114 notari
636 3078 722 3114 mibi
738 3077 823 3116 volo
839 3077 884 3115 ad
895 3078 1079 3127 sequentia.
1090 3081 1206 3118 Enim-

187 3139 275 3169 vero
295 3127 365 3167 haec
375 3126 443 3178 ipsa
461 3127 677 3166 Corneliana
699 3128 887 3169 hominum
911 3128 1096 3170 multitudo
1118 3143 1154 3169 ut
1170 3132 1208 3170 in

1261 1178 1357 1213 etum
1377 1179 1511 1215 auetori
1528 1176 1646 1215 nostro
1665 1205 1677 1220 ,
1705 1190 1778 1214 non
1795 1189 1884 1213 ame
1895 1177 2066 1228 impetro,
2088 1187 2124 1213 nt
2136 1177 2192 1216 vel
2202 1180 2291 1217 veri-

1261 1224 1370 1264 simile
1389 1227 1556 1266 videatur.
1613 1229 1723 1277 Igitur
1753 1227 1869 1279 (quod
1893 1240 2002 1264 unum
2019 1225 2187 1277 reliquum
2211 1229 2287 1276 est)

1261 1279 1424 1316 Tacitum
1446 1278 1488 1316 ad
1506 1279 1659 1316 Suetonii
1668 1290 1782 1329 partes
1799 1279 1981 1321 traxerim,
2004 1278 2221 1327 &capiendo
2241 1280 2289 1318 illi

1263 1341 1412 1367 numero
1430 1331 1588 1369 triremes
1602 1328 1857 1367 duodevicenas
1877 1330 1954 1366 hinc
1972 1328 2052 1366 inde
2065 1328 2233 1374 fabricet,
2253 1331 2288 1369 id

1264 1378 1332 1423 est,
1352 1394 1428 1430 quae
1443 1381 1599 1419 utrimvis
1619 1379 1882 1430 duodevigesies
1892 1380 2063 1431 quingena
2073 1381 2203 1431 capita,
2230 1381 2287 1421 seu

1261 1442 1393 1468 novem
1412 1431 1598 1469 hominum
1610 1430 1721 1468 millia
1740 1430 1979 1468 conduxerint.
2036 1432 2124 1468 Non
2143 1431 2190 1469 est
2202 1446 2287 1482 ergo

1261 1480 1355 1529 quod
1374 1483 1425 1519 vir
1442 1482 1563 1519 dostus
1582 1481 1735 1519 audiatur
1751 1510 1765 1526 ,
1806 1482 1915 1531 qui&
1931 1483 2209 1530 quinquagenum
2231 1484 2286 1522 lu'c

1262 1529 1447 1581 rescripsit.
1473 1533 1622 1569 immani
1641 1542 1773 1582 quanto
1786 1531 1981 1569 discrimine
1997 1558 2011 1574 ,
2044 1534 2090 1569 ’δε
2107 1532 2142 1570 in
2161 1535 2287 1572 Tacito

1262 1580 1377 1630 explet
1394 1594 1566 1621 centenas.
1622 1586 1732 1632 Supra
1749 1583 1989 1632 ign-{ferroque
2006 1582 2125 1620 nescio
2142 1583 2225 1634 quid
2240 1586 2288 1623 ita.

1263 1631 1473 1670 mendosum
1491 1634 1608 1671 eidem
1625 1634 1735 1674 visum
1746 1660 1759 1677 ‚
1786 1645 1852 1683 pro
1868 1634 1908 1670 vi
1916 1634 2088 1682 ferroque.
2117 1637 2192 1686 Ego
2202 1634 2286 1674 nihil

1262 1695 1394 1721 temere
1410 1685 1610 1723 immutem.

1590 1758 1984 1794 Casaunou.

1315 1813 1533 1865 Praefi’ditque
1542 1814 1766 1865 paludatus]
1796 1816 1909 1854 Lislaei
1929 1815 2008 1854 cod.
2018 1815 2286 1866 paludamenta-

1259 1877 1323 1905 tus.
1381 1867 1544 1904 Memmii
1553 1866 1759 1916 paludatus.

1314 1923 1398 1955 Ave
1417 1923 1619 1965 Imperator,
1648 1918 1806 1955 mortturi
1823 1925 1855 1952 te
1868 1913 2065 1964 salutant.]
2096 1917 2168 1954 Dio
2180 1917 2281 1968 legit,

1252 1967 1448 2016 salutamus
1468 1982 1478 2002 .·
1525 1970 1627 2017 χαῖρε
1646 1965 1857 2016 ειῦτοκράτος
1877 1994 1890 2011 ,
1933 1965 1962 2002 οἱ
1993 1966 2209 2013 defatigem
2240 1971 2280 2007 σὲ

1257 2017 1505 2069 ἀσπαζόμεθα.

1312 2076 1375 2106 An
1403 2081 1514 2106 omnes
1530 2069 1600 2118 igni
1615 2069 1775 2119 ferroque
1795 2067 2026 2118 absumeret.]
2073 2068 2125 2106 Sic
2154 2082 2282 2108 omnes

1255 2119 1494 2163 membranae,
1526 2121 1633 2157 etiam
1650 2121 1904 2166 Memmianae;
1934 2131 2007 2157 non
2020 2130 2056 2157 ut
2074 2120 2150 2159 viro
2171 2120 2280 2160 dosto

1254 2170 1426 2222 placidum
1448 2170 1657 2214 emendare,
1683 2170 1722 2207 vi
1730 2171 1901 2220 ferroque.

1310 2222 1562 2259 Duodenarum
1579 2222 1775 2258 triremium
1793 2219 1968 2270 stragula]
2022 2222 2202 2258 Numerus
2228 2222 2278 2259 est

1253 2283 1370 2323 aperte
1384 2284 1582 2323 corruptus:
1613 2273 1706 2315 Dio,
1726 2270 1768 2307 Οἱ
1790 2271 1825 2307 δὲ
1843 2268 2125 2317 ναυμαχήσαντες
2135 2269 2276 2318 ,θανάτῳ

1256 2321 1298 2364 ab}
1317 2321 1656 2367 xaeeaeded‘cnaeoepcs'ma
1676 2320 1779 2365 ἦσαν,
1807 2321 1868 2357 καὶ
1889 2318 2094 2361 πεντήκοντα
2111 2324 2186 2361 ναῦς
2199 2320 2277 2358 ἑκά·

1256 2389 1344 2422 τεροι
1363 2373 1479 2420 εἶχον,
1507 2373 1536 2409 οἱ
1556 2372 1614 2417 μὲν
1633 2371 1778 2417 Ῥὂὸιοι,
1806 2371 1835 2407 οἱ
1855 2369 1892 2407 δὲ
1912 2372 2051 2408 Σικελοὶ
2085 2371 2277 2416 &repexo-eir-

1253 2441 1316 2465 τες.
1352 2426 1398 2462 ita
1417 2423 1518 2462 firerit
1545 2423 1733 2475 legendum
1761 2423 2091 2473 quinquagenarum.
2146 2423 2275 2464 Fumat

1253 2476 1365 2513 Taciti
1382 2477 1542 2513 narratio.

1306 2526 1466 2563 Exciente
1484 2525 1623 2563 bacciam
1639 2524 1776 2561 Tritone
1791 2533 1944 2572 argenteo
1955 2553 1966 2568 ,
1994 2524 2054 2574 qui
2074 2525 2208 2561 emedio
2225 2524 2278 2562 la.-

1254 2590 1293 2612 eu
1305 2585 1365 2624 per
1383 2575 1580 2612 machinam
1597 2574 1785 2622 emerserat.
1838 2574 1977 2624 Duplex
1993 2575 2047 2611 hic
2069 2573 2249 2612 artificium
2263 2592 2274 2613 ε

1255 2626 1350 2677 quod
1376 2638 1517 2676 repente
1540 2640 1561 2663 ο
1589 2625 1710 2663 medio
1735 2625 1809 2662 lacu
1843 2625 2006 2661 excitatur
2037 2627 2162 2663 Triton
2188 2639 2199 2662 ε
2235 2629 2274 2664 ὅ(

1255 2676 1348 2727 quod
1370 2676 1481 2727 prodit
1496 2676 1555 2713 iste
1574 2690 1647 2713 non
1665 2687 1802 2719 mutus,
1828 2674 1886 2711 sed
1897 2687 2062 2718 canorus,
2080 2687 2121 2711 ac
2131 2675 2275 2714 buccina

1256 2728 1390 2765 sonans.
1450 2726 1537 2764 illud
1557 2740 1616 2776 per
1633 2726 1833 2764 machinam
1852 2724 1984 2762 faustum
2003 2725 2147 2763 adnotat
2155 2728 2275 2764 Sueto-

1257 2780 1331 2815 nius
1350 2793 1360 2815 :
1390 2777 1457 2815 hoc
1473 2791 1559 2817 vero
1579 2776 1765 2813 rationibus
1782 2777 1860 2813 artis
1884 2775 2076 2813 hidraulicae
2103 2779 2276 2827 organarii

1257 2827 1467 2872 effecerunt,
1495 2841 1582 2879 quos
1597 2827 1722 2865 scimus
1738 2838 1836 2877 aquae
1852 2827 1885 2865 vi
1910 2830 1949 2863 ὃ(
1984 2826 2129 2877 impulsu
2154 2829 2274 2866 omnis

1257 2881 1394 2930 generis
1412 2891 1518 2918 voces
1536 2891 1638 2929 atque
1656 2890 1789 2929 organa
1808 2875 2000 2915 suaviffima
2016 2877 2208 2914 imitatione
2220 2892 2275 2916 ex-

1258 2931 1406 2981 primere
1422 2958 1435 2973 ,
1471 2928 1555 2967 sicut
1588 2942 1630 2966 ex
1666 2931 1810 2967 Herone
1844 2929 2007 2965 novimus
2034 2931 2072 2965 ὃς
2102 2930 2273 2967 Vitruvio.

1257 2983 1371 3031 Atque
1394 2980 1461 3018 boc
1486 2980 1721 3031 spectaculum
1746 2977 1913 3016 transtulit
1940 2978 2103 3016 Claudius
2130 2981 2165 3016 in
2194 2992 2276 3017 nau-

1259 3033 1436 3068 machiam
1454 3030 1550 3069 suam
1570 3044 1588 3068 e
1612 3031 1763 3068 theatris.
1823 3032 1923 3066 Nam
1950 3028 1997 3066 ibi
2025 3029 2111 3067 soliti
2135 3030 2277 3081 produci

1260 3085 1425 3121 Tritones
1448 3082 1594 3122 buccina
1611 3083 1816 3134 mugientes.
1869 3080 2054 3118 Cornelius
2073 3084 2218 3121 Severus
2242 3082 2277 3116 in

1259 3136 1382 3173 AEtna:

1709 3185 1846 3222 Mmm
1872 3194 1893 3219 2
2190 3183 2288 3217 Nm
