2504 3425
626 169 1755 233 THE-01).M'AR011.1US.

116 258 170 298 nis
194 266 352 298 matrem.
418 257 536 309 synest
564 260 659 312 epist.
695 277 771 303 cxv.
804 263 887 317 legit
913 266 982 305 hoc
1008 281 1139 320 nempe

71 364 75 366 η
105 309 146 347 ‘in
163 309 376 360 Aphorismis
391 320 473 348 tunc
491 312 660 362 Synefius.

459 442 491 477 C
519 441 549 478 A
575 443 612 478 P.
667 445 782 482 XXI.

159 556 327 594 Ordinem
342 567 420 594 vite
430 560 507 605 fiere
523 559 614 597 hunc
637 561 788 611 tenuit.]
817 562 984 600 Ordinem
1002 565 1080 600 vita
1088 574 1135 601 te-

105 619 182 644 nere
208 621 299 644 nunc
326 608 440 654 dixit,
481 611 574 660 quod
593 613 683 649 diem
712 614 875 662 disponere
892 643 904 658 ,
938 616 972 651 in
990 615 1134 652 Tiberio

103 671 136 696 c.
160 672 217 696 xi.
248 659 478 710 Similiterque
512 664 554 700 C.
573 662 699 699 Plinius
728 664 821 714 epist.
850 678 974 702 xxxvi.
1008 664 1067 704 lib.
1095 679 1133 703 lx

100 708 146 744 At
166 712 207 748 L.
237 711 368 747 Seneca
386 740 399 755 ‚
427 712 517 747 diem
543 714 703 750 ordinare
720 744 732 758 ‚
762 715 857 764 epist.
882 729 966 754 ΧΗ.
1024 720 1064 753 Et
1089 729 1131 753 c..

45 789 49 793 .
100 770 144 797 vr
157 774 185 798 1.
215 762 272 797 De
292 760 412 800 brevit.
438 763 528 800 vitae.
552 764 708 807 Juvenal.
733 779 817 802 vero
843 769 911 803 Sat.
939 781 967 804 1.
1028 769 1131 802 Diem

97 809 295 860 distinguere
313 813 429 848 ordine
452 826 585 858 rerum,
614 815 647 851 id
667 815 743 859 est,
773 818 1006 865 negotionun.
1064 819 1132 853 Or-

96 859 217 898 dinem
255 860 353 899 illum
392 864 466 900 Dio
495 865 531 900 in
562 864 775 915 Vespasiano
800 894 812 908 ‚
857 870 895 903 δε
930 868 965 903 in
1001 870 1129 905 Severo

92 911 291 950 κωτοὲςαο-ιν
313 914 360 951 u?
375 913 443 957 βίε
459 915 622 958 vocavit,
650 913 720 953 sive
730 915 866 961 statum
886 916 980 953 vitaz.
1021 920 1128 953 Lam-

93 962 180 1012 prid.
204 963 240 999 in
261 962 484 1008 Alexandro,
513 965 609 1011 usum
631 965 790 1001 vivendi.
849 965 929 1002 Tali
945 978 1129 1004 antemor-

93 1012 174 1049 dine
206 1012 277 1053 sive
296 1012 546 1063 dispositione,
571 1013 645 1050 usus
673 1027 812 1065 quoque
845 1018 917 1063 jam
943 1017 1031 1054 olim
1058 1021 1127 1054 Xe-

86 1075 255 1102 nocrates
279 1063 510 1114 philosophus„
571 1063 727 1102 Stobaeus
767 1069 879 1104 Serm.
908 1080 1033 1107 cxxvi.
1065 1076 1124 1105 Ξε-

1946 260 1952 265 „
2165 202 2230 259 35

1257 268 1369 302 Unum
1391 273 1467 314 opus
1485 265 1538 311 Εἴ
1559 269 1708 318 requiem
1721 269 1855 318 pariter
1872 267 2076 320 disponimus
2096 274 2206 315 ambo.

1201 316 1244 352 L.
1263 318 1394 353 Seneca
1409 345 1421 360 ‚
1464 321 1569 354 Diem
1591 320 1682 356 inter
1704 320 1813 356 otium
1833 319 1886 364 Εἴ
1905 335 2003 359 curas
2022 325 2180 362 dividere
2200 341 2230 365 c.

1202 365 1264 403 ult.
1287 366 1331 403 de
1352 368 1671 418 Tranquill.animi.
1685 370 1744 408 ubi
1767 369 1902 410 Asinius
1921 373 2033 411 Pollio
2052 374 2230 415 decimam

1197 418 1234 451 δε
1256 417 1585 464 undecimam,five
1605 420 1688 459 duas
1706 434 1785 459 ante
1805 422 1916 461 solem
1941 424 2105 464 occasum
2126 427 2231 467 horas

1197 466 1437 518 tribuitquieti.

1194 518 1251 552 De
1269 519 1460 567 gestatione
1488 532 1607 559 autem
1628 521 1825 574 longissima
1842 523 1979 562 historia
1994 554 2007 571 ‚
2045 530 2082 564 ὅ(
2103 528 2157 565 cui
2176 528 2227 567 lo-

1193 578 1252 604 cus
1270 570 1472 619 propediem
1495 572 1590 610 alius.

1245 619 1446 656 Accubante
1464 622 1585 672 aliqua
1612 623 1830 672 pallacarum
1855 655 1868 670 ,
1901 637 1985 674 quas
2007 626 2219 681 plurimun]

1190 666 1370 716 signanter
1389 683 1461 707 non
1481 672 1566 709 dixit
1588 675 1851 713 concubinarum
1863 705 1874 720 ,
1903 676 1960 713 sed
1971 676 2192 725 pallacurum
2206 711 2218 727 ‚

1190 714 1262 755 sive
1281 719 1440 768 pellicum
1462 748 1474 764 ,
1503 735 1539 759 ut
1569 723 1732 762 indicaret
1753 755 1763 770 ‚
1791 728 1873 764 nibil
1895 739 2014 765 contra
2046 731 2098 776 jus
2119 732 2219 770 civile

1187 765 1320 806 faustum
1346 781 1367 805 a
1388 772 1617 820 Vespafiano.
1683 778 1906 816 Concubinas
1931 779 2060 829 quippe
2093 783 2221 820 multas

1189 815 1317 855 habere
1345 819 1443 858 nefas
1473 824 1545 867 jure
1570 824 1674 862 civili.
1741 831 1862 878 Itaque
1896 830 2102 873 Justim'anus
2137 835 2220 871 No·

1188 867 1256 906 Vel.
1278 882 1372 908 xle
1387 886 1414 908 1.
1444 884 1472 908 C.
1497 885 1530 911 v.
1546 872 1688 914 ’Ἄλλως
1708 874 1764 912 ἐπ’
1782 878 1908 919 ἄλλους
1938 880 2136 924 ἐπεισάγειν
2173 886 2220 925 ⁷23⁶

1187 918 1338 969 προτέρᾳ
1376 922 1580 963 παλλακάς.
1609 925 1712 972 fhper
1738 926 1827 963 alias
1850 956 1861 971 ,
1890 933 1969 976 jzve
2002 931 2090 967 alias
2107 926 2217 980 priori

1178 967 1440 1016 superinducere
1466 974 1666 1010 concubinus
1684 1003 1697 1018 ‚
1725 975 1758 1012 id
1788 976 1854 1014 esse
1872 979 1919 1014 ait
1945 1007 1956 1021 ‚
1997 979 2215 1027 ἐκκεχυμένοι

1186 1019 1276 1066 ἔχειν
1295 1021 1340 1058 τοὶ
1359 1024 1418 1063 τῆς
1447 1022 1632 1067 ἐπιθυμίας
1648 1053 1659 1068 ,
1697 1025 1814 1074 effusas
1830 1027 1953 1064 habere
1971 1027 2050 1075 five
2067 1033 2214 1069 indomi-

1184 1079 1238 1106 tas
1276 1071 1433 1110 libidines
1451 1102 1464 1117 ‚
1504 1075 1567 1111 uui
1586 1078 1716 1117 πλῆθος
1743 1076 1835 1123 ’ἔχειν
1868 1080 2038 1121 γυναικῶν
2059 1096 2213 1127 πορνευο-

90 1114 273 1162 impu-1275,
304 1123 433 1165 snqmt,
463 1112 603 1162 διαιρῶν
634 1116 763 1154 ‘inus-w
793 1117 892 1179 μέρΙος
915 1121 973 1160 τῆς
992 1118 1122 1168 ἡμέρας
1182 1120 1282 1165 μένων
1302 1153 1314 1168 ‚
1355 1123 1409 1167 Εἴ
1440 1124 1566 1162 habere
1595 1126 1856 1165 multitudinem
1885 1141 2030 1166 uxorum
2062 1132 2214 1176 [cortun-

91 1166 137 1204 εἷς
179 1166 300 1213 πρᾶξίν
330 1180 403 1202 τινα
428 1193 441 1208 ,
486 1168 546 1202 καὶ
577 1168 621 1214 τῇ
658 1182 773 1215 ecem-p
822 1183 922 1217 μέρος
957 1171 1119 1215 ἀπένεμε.

89 1222 290 1252 Xenocrates
300 1229 377 1255 cum
395 1219 497 1264 suam
520 1219 637 1266 cuique
657 1219 784 1254 ac‘tiom'
802 1226 941 1267 purtem
964 1220 1034 1257 diei
1051 1221 1118 1269 dis-

87 1265 251 1303 tribueret
278 1295 289 1311 ,
330 1265 437 1303 etiam
471 1265 603 1313 filontio
627 1276 763 1316 partem
794 1270 893 1315 suam
929 1271 1111 1310 adtribuit.

84 1317 203 1354 Etiam
220 1320 365 1368 Regum
388 1318 528 1369 AEgypti
547 1317 637 1357 ordo
657 1317 850 1366 ejusmodi,
880 1320 924 1358 de
939 1334 1008 1372 quo
1028 1324 1118 1360 Dio-
1140 1356 1144 1362 .

88 1367 165 1405 dor.
182 1368 308 1407 Siculus
324 1368 383 1407 lib.
410 1382 439 1405 1.

141 1437 183 1468 In
196 1431 396 1480 Princzpatu
414 1432 586 1469 maturius
596 1431 726 1481 semper
744 1445 784 1470 uc
802 1435 844 1470 de
859 1437 953 1471 nobie
973 1434 1113 1484 evigil.]
1141 1451 1143 1461 ’

86 1480 195 1530 Qasi
215 1495 259 1518 ex
276 1483 373 1526 Jovis
402 1483 585 1520 Homerici
608 1495 782 1534 praecepto
811 1485 916 1522 Iliade
943 1499 995 1523 11.
1015 1488 1114 1522 Prin.

83 1533 148 1579 cipi
163 1545 229 1568 non
244 1532 300 1578 effi:
319 1535 449 1570 nonem
468 1542 576 1569 totam
601 1534 851 1574 dormiendum.
913 1539 996 1574 Hoc
1018 1538 1115 1575 Silius

87 1581 226 1619 Italicus
244 1585 368 1621 Latine
388 1582 435 1622 fic
453 1584 666 1628 enunciavit,
695 1584 752 1623 lib.
777 1600 855 1623 111.

140 1651 247 1695 Turpe
265 1640 354 1684 ‘duci
361 1656 471 1684 totam
480 1646 599 1695 fhmno
609 1645 793 1694 consternere
811 1649 962 1692 nouem,
987 1652 1059 1687 ἃς.

83 1699 143 1734 De
170 1698 350 1747 praecepto‘
367 1697 427 1735 illo
445 1698 551 1733 etiam
569 1697 767 1735 Plutarchus
792 1701 826 1736 in
852 1699 921 1737 vita
941 1702 1112 1745 Homeri,

83 1752 123 1785 &
141 1747 229 1785 libro
248 1749 292 1786 ad
314 1749 511 1799 Principem
540 1747 759 1786 ineruditum.
830 1750 935 1787 Theo
956 1752 1112 1801 Sophista

71 1801 118 1838 ⁴in
147 1799 415 1849 Progymnasm.
472 1798 524 1834 Sic
543 1799 706 1847 Princeps
724 1800 890 1850 pervigili
916 1802 1114 1849 cogitatione

83 1848 304 1888 Theodosius
326 1851 368 1887 A.
387 1848 519 1887 Novel.
541 1850 599 1884 De
618 1849 758 1892 Judaeis.
819 1856 861 1888 Et
877 1850 920 1887 de
937 1851 1112 1901 vigilantia

88 1903 162 1950 ejus
184 1900 408 1951 Nicephorus
428 1913 457 1936 c.
468 1911 528 1936 111.
550 1899 701 1937 lib.X1v.

135 1964 270 2001 Deinde
283 1963 437 2013 perleb‘t‘is
452 1959 624 2009 epistolis]
667 1964 756 2000 Non
780 1963 963 2002 matutinas
982 1977 1017 2002 ut
1037 1969 1110 2006 Ve-

82 2013 284 2061 spasianus,
326 2013 385 2052 sed
421 2011 679 2063 pomeridianas
707 2013 786 2051 huic
821 2014 961 2054 leffioni
988 2030 1110 2068 operas

77 2063 174 2103 dedit
192 2065 386 2104 Alexander
395 2068 540 2103 Severus
551 2090 563 2107 ,
575 2064 664 2115 apud
677 2065 854 2116 Lamprid.

82 2126 149 2162 Per
170 2124 335 2163 lectiones
361 2137 447 2164 vero
466 2122 687 2172 epistolarum
713 2125 862 2176 intellige
888 2140 978 2163 nunc
1003 2127 1109 2165 dieta-

83 2176 218 2212 tionem
246 2187 383 2227 qnoque
402 2178 436 2212 &
470 2174 762 2224 subscriptionem.
830 2181 869 2214 In
900 2177 951 2214 his
977 2180 1107 2216 Princi-

81 2238 146 2275 pes
161 2223 210 2261 usi
227 2225 349 2263 officio
367 2225 528 2270 illorum,
557 2227 774 2276 quimagislri
783 2227 1003 2276 epistolarum.
1027 2233 1106 2269 Hos

84 2276 145 2326 qni
171 2275 313 2312 eosdem
344 2275 472 2314 facitmt
500 2275 669 2325 magistris
703 2277 901 2316 libellorum
921 2307 933 2323 ,
967 2283 1004 2317 δε
1028 2293 1106 2318 ma—

80 2326 190 2375 gistris
212 2327 411 2368 memoriae,
441 2324 708 2370 hallucinantur,
731 2339 765 2364 ut
781 2327 824 2365 ad
849 2330 1013 2367 Trebellii
1030 2332 1108 2369 Pol-

81 2370 183 2415 lionis
204 2376 398 2413 Claudium.
456 2376 619 2412 Nituntur
645 2389 762 2414 autem
783 2378 804 2417 l.
831 2393 879 2417 xi.
907 2383 950 2418 C.
975 2384 1031 2420 De
1051 2396 1107 2419 ex-

84 2428 151 2464 cus.
173 2440 307 2464 muner.
327 2440 402 2476 qnae
427 2425 474 2462 est
495 2439 635 2475 quoque
661 2427 681 2464 l.
707 2442 787 2466 xiv.
821 2433 863 2466 C.
883 2431 1022 2470 Theod.
1049 2436 1105 2470 De

85 2477 254 2515 extraorei.
291 2475 362 2515 sive
391 2475 481 2514 sord.
512 2476 683 2514 munerib.
740 2479 806 2516 Sed
835 2479 945 2518 fraudi
972 2484 1018 2519 eis
1044 2483 1106 2521 filit

11 2535 36 2547 ²
83 2529 312 2580 interpunciio
331 2557 343 2571 ‚
379 2539 456 2577 quae
490 2527 670 2576 utrobique
695 2528 812 2565 vitiosa
831 2530 887 2567 est.
918 2531 1104 2580 legendum

83 2593 224 2617 nutem:
256 2583 317 2614 Eos
336 2581 393 2628 qui
415 2589 490 2612 cum
508 2576 628 2612 honore
645 2578 805 2615 comitum
826 2608 837 2622 ,
875 2583 1008 2618 nomine
1029 2596 1104 2619 nau-

85 2630 263 2678 gzssrorum
282 2657 294 2672 ‚
330 2627 493 2665 memoria
514 2627 672 2675 profuere
690 2653 702 2669 ,
723 2628 781 2663 vel
799 2629 956 2677 epistolis,
981 2633 1038 2668 vel
1065 2633 1104 2669 li-

81 2680 175 2717 bellis
191 2708 202 2723 ‚
240 2683 308 2718 &c.
368 2677 485 2727 Vulgo
512 2677 604 2714 male
622 2676 696 2714 est:
727 2682 789 2714 Eos
816 2681 965 2728 quicum
984 2681 1102 2718 honore

80 2735 262 2774 comitum,
291 2729 424 2765 nomine
441 2728 672 2777 magistrorum
691 2732 852 2765 memoria
867 2731 1024 2778 profuere
1044 2734 1101 2769 vel

81 2781 216 2829 epistolis
234 2779 291 2816 vel
306 2778 446 2821 libellis,
474 2782 543 2816 &c-
602 2777 865 2829 Distinguuntur
880 2793 996 2819 autem
1016 2782 1101 2834 saepe

80 2832 119 2870 in
135 2833 216 2876 Jure
235 2830 324 2869 civili
346 2829 496 2878 magistri
514 2828 673 2866 memoria
690 2857 701 2871 ,
739 2830 945 2878 epistolarum
963 2862 974 2876 ,
1011 2834 1111 2869 libel-=

65 2881 191 2919 -lorum
211 2911 224 2926 ‚
263 2878 508 2929 dispositionum
525 2907 538 2925 ,
575 2890 611 2917 ut
633 2879 653 2916 l.
684 2891 742 2918 vl.
775 2885 812 2918 δε
834 2880 956 2933 passim
978 2886 1020 2921 C.
1046 2887 1102 2922 De

80 2944 178 2982 prox.
199 2933 281 2970 sacr.
300 2931 395 2969 scrin.

132 2996 203 3042 Post
227 2993 337 3042 decisa
364 2995 495 3044 negocia
516 3023 528 3038 ,
550 2990 723 3043 gestationi
742 2991 794 3037 Εἴ
814 2993 893 3031 inde
912 2995 1021 3044 quieti
1041 3010 1104 3032 va-

83 3044 182 3094 zuh]
214 3047 295 3082 Hoc
317 3043 584 3086 A,Pei·1iusSat.
602 3057 634 3088 v.
652 3044 743 3085 dis-it.
770 3049 858 3096 Opus
883 3044 936 3093 ξεί
954 3048 1102 3097 requiem

84 3096 257 3146 disponere.

1181 1174 1280 1211 tium.
1357 1176 1526 1212 Γυναικῶν
1566 1177 1777 1229 interpretati
1811 1180 1935 1217 Latine
1959 1206 1971 1223 ,
2013 1183 2213 1219 concubina-

1177 1234 1256 1259 rum
1275 1239 1286 1258 .·
1321 1225 1446 1263 melius
1467 1225 1624 1265 dtxiffent
1651 1257 1663 1272 ‚
1705 1241 1862 1268 uxorum.
1896 1227 1981 1270 svin*
2008 1244 2072 1281 pro
2102 1246 2211 1272 uxore

1177 1272 1287 1311 Attice
1312 1303 1325 1319 ,
1367 1289 1404 1314 ut
1443 1277 1567 1314 Latine
1622 1278 1745 1316 mulier
1767 1308 1779 1323 ,
1817 1293 1893 1331 quae
1936 1293 1991 1317 res
2023 1283 2209 1323 notissima.

1175 1325 1392 1364 Concubinas
1418 1341 1543 1366 uxores
1563 1341 1699 1374 vocat,
1728 1331 1807 1381 quia
1829 1331 2025 1369 concubina
2047 1332 2095 1369 est
2112 1336 2210 1385 quali

1166 1374 1356 1421 finni-uxor
1382 1408 1393 1422 ,
1432 1377 1502 1418 five
1526 1393 1612 1416 uxor
1635 1380 1879 1431 semilcgitima
1909 1381 1981 1420 sive
2002 1382 2207 1431 ἧμίγαμος,

1176 1437 1210 1461 ut
1229 1427 1321 1476 apud
1340 1429 1581 1467 Philostratum
1617 1432 1653 1468 in
1674 1432 1880 1483 Scopeliano
1904 1462 1914 1477 ,
1960 1437 2142 1472 Zonaram
2170 1439 2207 1474 in

1174 1477 1344 1515 Micliaele
1373 1481 1600 1531 Paphlagone
1626 1510 1640 1525 ‚
1675 1485 1714 1519 ὃ(
1743 1484 1974 1521 Constantino
2003 1484 2204 1533 gladiatore.

1173 1528 1348 1575 Quocirca
1376 1532 1482 1569 etiam
1514 1533 1536 1568 Ι.
1565 1546 1644 1571 ιιι.
1670 1535 1711 1574 C.
1734 1536 1791 1571 De
1809 1535 1952 1572 natural.
1979 1534 2037 1572 lib.
2060 1536 2079 1573 l.
2105 1551 2132 1575 1.
2162 1542 2204 1577 C.

1173 1579 1349 1619 Theodos.
1369 1582 1412 1619 de
1439 1581 1621 1632 Collegiat.
1682 1586 1946 1623 Concubinatns
1981 1585 2101 1623 dicitur
2128 1589 2204 1626 ina-

1171 1629 1271 1677 quale
1305 1634 1503 1682 conjugium.
1563 1632 1729 1681 lnequule
1748 1663 1759 1678 ,
1795 1636 1954 1674 videlicet
1980 1638 2060 1686 quia
2090 1650 2204 1687 patro-

1172 1680 1206 1715 ni
1227 1679 1275 1717 est
1303 1695 1382 1720 cum
1408 1683 1539 1721 liberta.
1602 1687 1644 1720 Et
1669 1685 1821 1728 Julianus
1852 1686 2048 1724 antecessor
2070 1691 2202 1727 Novel.

1171 1742 1277 1768 x111.
1305 1735 1503 1771 Concubina
1520 1764 1533 1778 ‚
1563 1734 1674 1784 inquit
1693 1763 1705 1779 ‚
1739 1749 1879 1773 uxorem
1905 1740 2080 1775 imitatur.
2135 1742 2201 1778 Sed

1169 1782 1247 1829 quia
1267 1784 1460 1822 concubina
1487 1787 1624 1836 proprie
1650 1799 1723 1823 non
1758 1786 1805 1823 est
1840 1802 1924 1825 uxor
1944 1817 1957 1834 ,
1994 1788 2203 1831 Justinianus

1169 1832 1202 1867 cl.
1222 1834 1350 1872 Novel.
1369 1850 1497 1874 xviii.
1517 1849 1546 1872 c.
1563 1849 1595 1874 v.
1625 1835 1720 1886 quasi
1742 1836 1934 1886 ἐπιέιορθῶν
1971 1838 2056 1875 dixit
2082 1868 2094 1883 ,
2124 1840 2199 1878 ἕτω

1167 1881 1240 1931 ‘soie
1261 1884 1367 1922 εἰπεῖν
1392 1886 1556 1929 κάλλιον,
1579 1885 1630 1935 fic
1654 1889 1743 1923 enim
1774 1888 1881 1924 dicere
1899 1889 2040 1937 prestat.
2096 1894 2201 1929 Intel-

1166 1932 1223 1981 ligi
1243 1933 1313 1971 vult
1334 1965 1346 1978 ,
1385 1936 1431 1973 fic
1450 1937 1563 1974 dicere
1583 1937 1681 1974 satius
1707 1937 1772 1975 effe
1792 1966 1803 1981 ,
1854 1951 1890 1975 ut
1908 1940 2022 1990 magis
2051 1953 2199 1990 ponatur

1166 1982 1261 2032 quasi
1289 1997 1369 2023 ante
1403 1987 1526 2025 oculos
1552 1987 1723 2038 turpitudo
1753 1990 1800 2024 rei
1830 2014 1842 2031 ,
1876 1988 1948 2027 sive
1970 1990 2195 2031 multitudinis

1135 2035 1439 2076 *concubinarum
1463 2067 1475 2083 ,
1524 2038 1602 2089 quia
1643 2036 1683 2075 sit
1724 2037 1819 2089 quali
1870 2041 2053 2078 multitudo
2110 2057 2196 2081 uxo-

1166 2098 1256 2123 rum.

1167 2137 1221 2172 Sic
1243 2137 1357 2188 itaque
1372 2139 1486 2177 Caenis
1506 2138 1592 2177 dum
1614 2140 1770 2183 viveret,
1802 2139 1872 2177 sola
1891 2140 2093 2192 Vespasiani
2110 2157 2192 2181 con-

1164 2187 1290 2224 cubina
1317 2187 1399 2231 fuit,
1429 2202 1470 2226 ac
1492 2204 1590 2240 paene
1607 2191 1698 2235 iustae
1716 2192 1829 2227 uxoris
1858 2191 1960 2236 loco,
1991 2204 2026 2229 nt
2054 2193 2124 2230 dixi
2145 2195 2190 2232 ad

1163 2249 1194 2276 c.
1211 2252 1222 2274 1
1237 2252 1288 2276 11.
1322 2240 1357 2276 in
1375 2240 1493 2278 locum
1512 2255 1598 2279 vero
1616 2241 1812 2285 deiunctae,
1841 2241 1964 2278 deinde
1976 2243 2191 2293 Vespasiano

1163 2287 1280 2326 multae
1304 2303 1378 2327 non
1397 2291 1600 2329 concubinae
1620 2320 1631 2335 ‚
1677 2291 1733 2328 sed
1760 2290 1901 2341 pallacae
1938 2290 2009 2331 sive
2027 2293 2187 2344 pellices,

1166 2337 1237 2375 five
1254 2341 1390 2378 amicae.

1163 2389 1278 2428 Pellex
1306 2393 1442 2442 proprie
1462 2392 1657 2430 concubina
1675 2406 1745 2430 non
1764 2392 1833 2436 est,
1862 2390 1919 2429 sed
1942 2393 2077 2438 amica,
2113 2393 2185 2434 five

1162 2439 1289 2491 absque
1325 2442 1392 2479 ulla
1427 2443 1536 2494 specie
1566 2446 1680 2480 uxoris
1705 2472 1715 2486 ,
1767 2442 1838 2480 five
1876 2456 1948 2481 non
1984 2443 2185 2484 semiuxor.

1161 2492 1214 2527 Sic
1251 2492 1418 2541 capienda
1454 2494 1475 2531 l.
1505 2506 1632 2532 cxtiv.
1692 2497 1748 2530 De
1797 2493 1894 2531 verb.
1944 2492 2030 2543 sign.
2086 2499 2181 2546 Ergo

1159 2539 1361 2579 discriminis
1393 2544 1493 2580 causa
1529 2557 1618 2581 nunc
1656 2547 1698 2580 C.
1720 2545 1903 2581 Suetonius
1941 2547 2062 2581 Graeca
2088 2559 2179 2584 voce

1153 2593 1306 2637 pallaeus
1334 2592 1446 2635 dixit,
1496 2605 1530 2630 ut
1569 2598 1606 2630 δε
1641 2597 1683 2630 C.
1705 2594 1828 2631 Plinius
1865 2607 1894 2631 c.
1913 2608 1944 2631 x.
1983 2594 2041 2632 lib.
2073 2610 2176 2637 xxxv.

1159 2643 1276 2679 Novae
1318 2645 1449 2680 Romae
1487 2644 1661 2693 Principes
1699 2657 1818 2680 tamen
1871 2658 1934 2695 pro
1979 2647 2176 2686 concubina

1151 2692 1302 2738 pellicem
1337 2693 1455 2730 dixere
1475 2722 1487 2737 ,
1526 2707 1560 2730 ut
1587 2695 1798 2739 justinianus
1831 2694 1865 2733 d.
1888 2696 2017 2734 Novel.
2039 2711 2171 2737 xvxxi.

1158 2754 1189 2778 c.
1213 2755 1247 2780 v.
1286 2745 1365 2793 quia
1405 2757 1537 2794 nempe
1576 2745 1643 2782 alio
1677 2745 1823 2782 destituti
1866 2746 2022 2783 nomine.
2079 2752 2174 2799 Ergo

1159 2795 1197 2828 ὃ(
1237 2794 1274 2830 in
1310 2792 1461 2833 Gloffis:
1512 2796 1710 2832 Παλλάκιον
1735 2825 1745 2839 ‚
1788 2795 2052 2836 Concubinatus.
2109 2803 2173 2844 Et,

1158 2844 1382 2889 Concubma,
1429 2845 1613 2886 παλλοικῆ.
1679 2849 1837 2897 Qaeque
1884 2847 2016 2885 ibidem
2051 2848 2173 2895 adjun.

1157 2905 1284 2943 guntur
1313 2924 1327 2940 ,
1361 2898 1503 2937 σύνευνος
1523 2925 1534 2940 ,
1569 2898 1746 2940 σόγκοιτις
1788 2899 1990 2936 communia
2032 2913 2172 2951 quoque

1157 2957 1263 2983 uxon.

1210 3001 1266 3032 Ac
1283 2995 1410 3044 ficreto
1447 2999 1485 3035 in
1513 2997 1669 3035 balneum
1695 2997 1946 3050 tricliniumque
1962 2998 2174 3051 tranfibat.]

1156 3051 1285 3083 Secreto
1307 3065 1317 3091 3
1344 3050 1461 3101 accipe
1488 3050 1605 3086 itinere
1632 3063 1726 3090 caeco
1742 3078 1754 3094 ‚
1795 3050 1894 3101 quale
1932 3051 2022 3103 apud
2054 3051 2174 3102 Vir-gil.

1158 3097 1301 3137 AEneide
1324 3113 1376 3137 11.

1373 3153 1553 3190 Eeeeee
1579 3163 1601 3188 2
2059 3150 2178 3188 Limen
