2504 3425
229 167 342 225 414
587 149 1592 221 C.SuET.TRANQu1L1.1
1657 160 1980 224 Lislv.

239 241 360 287 nium
384 236 596 286 feciffent:
632 258 809 288 necnon
824 243 1142 288 &matrimonia
1165 243 1350 289 obnoxia
1369 244 1508 293 essent.
1573 251 1827 308 Huiusmodi
1851 259 2121 323 veffigalibus
2141 263 2331 325 indietis,
2350 287 2405 332 [ῃ

240 319 380 366 neque
406 304 647 366 propositis,
683 322 777 350 cum
803 322 875 365 per
897 307 1176 365 ignorantiam
1204 306 1559 378 scripturaeqmulta
1582 317 1792 362 commissa
1811 318 1959 368 fierent
1974 358 1988 378 ,
2023 325 2190 373 tandem
2214 329 2333 393 flagi-

244 382 356 414 tante
377 371 534 430 populo
552 370 748 413 Romano
773 367 985 428 proposuit
1002 369 1172 430 quidem
1192 372 1351 433 legem:
1399 375 1465 419 ied
1487 380 1530 420 δε
1555 378 1834 426 minutiffimis
1857 384 2024 443 litteris,
2060 394 2104 435 δι
2129 392 2333 454 angustis.

247 430 354 478 simo
379 433 497 487 loco,
533 433 591 476 uti
614 446 665 474 ne
687 431 754 473 cui
777 430 1003 476 describere
1027 432 1179 478 liceret.
1248 439 1315 480 Ac
1337 454 1390 482 ne
1412 439 1526 500 quod
1551 457 1638 484 non
1663 444 1952 493 manubiarum
1970 467 2104 512 genus
2128 459 2334 516 experire-

247 509 341 550 tur,
374 496 540 556 lupanar
558 495 602 537 in
623 494 773 554 palatio
797 493 1031 540 constituit:
1068 496 1351 561 distinctisque
1368 506 1409 545 &
1425 501 1631 548 instructis
1653 521 1728 566 pro
1751 508 1834 554 loci
1848 511 2339 580 dignitatecompluribus

249 560 382 613 cellis,
415 560 457 601 in
473 555 626 618 quibus
646 569 839 603 matronae
865 559 1126 622 ingenuique
1145 560 1304 608 starent.
1371 564 1489 611 Misit
1506 568 1662 612 circum
1695 567 1786 617 fora
1818 578 1861 619 δε
1894 576 2074 625 basilicas
2105 598 2338 629 nomencu-

249 624 395 667 latores
410 620 459 664 ad
471 619 704 666 invitandos
717 622 761 665 in
771 609 991 668 libidinhem
1004 627 1176 682 juvenes
1186 624 1382 691 senesque
1396 647 1406 673 ε
1445 630 1608 691 praebita
1621 630 1942 685 advenientibus
1954 646 2129 702 pecunia
2140 644 2338 703 fenebris,

252 683 507 746 appositique
531 686 604 746 qui
624 683 798 731 nomina
820 688 952 748 palam
975 684 1242 736 subnotarent

252 764 303 792 ex
324 745 413 792 lusu
439 747 610 810 quidem
628 749 723 796 aleae
742 750 1041 813 compendium
1066 751 1263 814 spernens

1266 727 1278 748 ‚
1325 692 1438 755 quasi
1460 695 1739 754 adjuvantium
1760 701 1930 749 Caesaris
1952 706 2118 756 reditus,

1277 790 1290 812 ‚
1324 757 1415 818 plus
1438 759 1659 805 mendacio
1680 777 1805 825 atque
1825 768 1948 813 etiam
1963 774 2146 833 perjurio
2159 773 2343 820 lucraba-

2185 713 2254 755 ΑΕ
2286 727 2339 756 ne

249 825 330 857 tur.
395 811 453 855 Et
486 812 699 874 quondam
731 816 925 876 proximo
958 816 1151 863 collusori
1184 818 1426 867 demandata
1449 823 1538 868 vice
1557 821 1650 880 sua,
1684 829 1912 891 progressus
1933 834 1977 878 in
2000 838 2148 882 atrium
2170 837 2342 894 domus,

250 890 349 919 curn
370 889 657 936 praetereuntes
681 877 785 923 duos
806 881 967 941 equites
980 881 1198 927 Romanos
1209 884 1303 929 locu

251 938 382 994 fiffet,
416 938 617 986 exsultans
637 941 780 999 rediit,
815 942 1078 1006 gloriansque
1099 962 1283 1009 numqua

1288 966 1330 993 m
1350 947 1389 993 se
1408 949 1664 1013 prosperiore
1687 956 1772 1001 alea
1793 957 1923 1006 usum.

1309 886 1436 946 pletcs
1452 920 1465 941 ,
1499 885 1583 932 fine
1606 905 1720 934 mora
1739 896 1917 958 corripi,
1952 899 2345 963 confiscariquejus-

1994 964 2098 1008 Filia
2110 982 2209 1010 vero
2222 980 2313 1010 nata
2330 1000 2344 1022 ,
2361 987 2423 1032 4²*

253 1017 560 1065 paupertatem,
597 1022 674 1051 nec
691 1011 773 1064 jam
795 1010 1054 1069 imperatoria
1075 1010 1230 1066 modo,
1266 1010 1332 1057 sed
1355 1018 1399 1058 &
1423 1017 1550 1075 patria
1569 1032 1833 1080 conquerens
1848 1039 1998 1083 onera,
2033 1029 2275 1075 collationes
2295 1031 2340 1074 in

255 1067 502 1112 alimoniam
527 1083 651 1131 atque
672 1068 812 1114 dotem
835 1073 978 1132 puellae
1006 1075 1172 1134 recepit.

254 1127 449 1193 stetitque
473 1133 518 1176 in
542 1131 749 1179 vestibulo
769 1134 919 1179 aedium
944 1134 1121 1180 Kalend.
1160 1137 1210 1201 Ja

251 1269 385 1317 genarii
400 1280 558 1318 generare
578 1282 644 1307 non
655 1268 802 1320 poffint,
829 1273 960 1310 addim.
987 1274 1161 1312 GRONOV.

310 1325 355 1355 Et
373 1320 432 1369 qui
450 1319 650 1357 lenocinium
658 1321 846 1370 jecissent]
877 1324 948 1361 Pal.
963 1324 1025 1360 sec.
1058 1337 1097 1362 ac
1115 1326 1276 1374 te1·r.qut‘-

255 1382 300 1405 ve
318 1369 515 1405 lenocinium
525 1370 686 1419 fhciffimt.
715 1385 785 1409 non
805 1373 906 1410 male.
934 1375 1068 1410 interim
1083 1376 1273 1413 notandum

255 1419 399 1469 publico
418 1419 572 1470 obligare
592 1421 787 1470 Caligulam
806 1452 817 1467 ‚
855 1425 911 1473 qui
934 1422 1076 1462 defiiffet
1096 1425 1208 1463 facere
1223 1440 1274 1463 ar-

253 1480 329 1506 tem
351 1469 443 1505 illam
458 1471 617 1508 inertem.
659 1472 726 1509 hoc
745 1475 839 1509 enim
870 1474 1020 1511 indicare
1046 1476 1179 1513 videtur
1205 1490 1274 1515 vox

244 1519 407 1567 ficissent.
438 1517 503 1555 esse
525 1531 642 1558 autem
662 1535 780 1559 contra
796 1525 967 1561 rationem
986 1553 998 1568 ,
1029 1538 1065 1564 ut
1081 1526 1135 1564 lex
1151 1526 1274 1565 statua-

251 1580 306 1605 tur
332 1570 367 1605 in
385 1571 613 1619 praeteritum,
641 1574 790 1611 memini
815 1588 888 1612 non
916 1586 1052 1616 notum.
1110 1580 1141 1622 J.
1171 1580 1268 1616 Gau-

251 1629 395 1658 τεκιις.

580 1702 943 1740 TORRENT.

309 1765 382 1799 Nec
397 1776 464 1801 non
484 1764 538 1809 ξδ’
558 1769 781 1806 matrimonia
799 1770 942 1806 obnoxia
961 1771 1068 1820 effla-nt.
1086 1771 1100 1820 ]
1128 1775 1210 1810 Hoc
1231 1774 1276 1810 ita

256 1808 479 1862 interpretor,
509 1815 534 1853 fi
549 1819 608 1868 qui
626 1819 660 1854 in
672 1822 899 1857 matrimonio
917 1823 1054 1872 turpiter
1070 1826 1108 1859 &
1132 1824 1277 1861 inconti-

257 1872 380 1898 nenter
406 1866 587 1912 viverent,
622 1881 681 1907 aut
705 1873 811 1909 etiam
840 1873 973 1921 quoties
1001 1875 1276 1912 concumberent

258 1923 436 1962 coniuges.

305 1976 363 2005 4¹·
392 1965 531 2002 Indictis
547 1979 651 2016 neque
662 1970 867 2020 propqfitis]
895 1973 1035 2010 Publice
1046 1974 1176 2014 scilicet.
1193 1980 1272 2027 Sup.

259 2011 340 2049 Tib.
362 2026 435 2064 cap.
457 2028 611 2054 xrvnr.

315 2064 435 2100 Multa
448 2067 615 2116 commiffa
624 2067 784 2118 fierent.]
812 2075 892 2108 Hoc
912 2072 958 2109 est
987 2075 1046 2121 (ut
1059 2089 1126 2125 ego
1135 2078 1275 2126 quidem

263 2112 492 2164 interpretor)
525 2130 603 2154 cum
625 2119 732 2156 multa
750 2123 786 2156 in
796 2123 1018 2170 commiffum,
1055 2125 1110 2162 seu
1137 2131 1173 2162 m
1199 2142 1279 2164 cau-

251 2161 333 2209 fhm
353 2165 511 2213 commissi
525 2167 697 2206 caderent.
740 2168 786 2206 sic
807 2173 901 2208 enim
921 2173 1104 2224 loquuntur
1117 2178 1194 2219 JCti
1213 2191 1276 2215 no-

259 2211 328 2249 stri.
383 2218 425 2251 Et
448 2218 615 2254 committi
633 2219 788 2256 dicuntur
808 2235 959 2266 merces,
987 2226 1133 2274 praedia,
1159 2228 1276 2277 resque

258 2263 359 2307 aliae,
398 2278 474 2314 quae
501 2267 535 2303 in
555 2268 731 2316 publicum
759 2270 965 2309 deferuntur.
1023 2276 1128 2312 Aliter
1157 2290 1275 2315 tamen

260 2312 461 2364 interpretes
481 2329 674 2367 exponunt,
702 2333 786 2370 pro,
817 2336 898 2359 cum
916 2323 1024 2360 multa
1054 2327 1210 2365 adversus
1229 2329 1276 2365 le-

261 2375 346 2412 gem
364 2368 674 2406 committerentur.

317 2416 485 2462 MinutisJL
501 2417 557 2454 lit.
574 2417 627 2461 Εἴ
645 2420 809 2470 anguftiff
826 2421 926 2472 loc0.]
958 2425 1061 2475 Atqui
1079 2428 1113 2463 in
1123 2427 1206 2465 locis
1223 2443 1274 2466 ce-

260 2462 453 2502 leberrimis
469 2495 481 2509 ,
509 2479 609 2517 atque
633 2470 689 2506 ubi
707 2471 750 2507 de
768 2472 872 2521 plano
884 2474 928 2510 ab
948 2477 1111 2513 omnibus
1123 2478 1189 2526 legi
1202 2481 1277 2528 pos-

260 2512 353 2555 sent,
384 2515 495 2552 edista
523 2520 814 2568 proponebantur.
872 2524 1039 2563 Ausonius
1077 2531 1273 2567 Gratiarum

259 2565 397 2600 actione
415 2566 458 2602 ad
469 2571 558 2618 Imp.
579 2572 780 2608 Gratianum
798 2574 862 2610 huc
886 2575 1018 2619 alludit,
1040 2591 1119 2614 cum
1137 2580 1181 2614 ita
1199 2580 1276 2617 scri-

261 2613 310 2650 bit
331 2629 339 2650 :
368 2622 441 2651 Has
460 2631 531 2666 ergo
551 2619 681 2657 litteras
697 2631 773 2659 tuas
790 2626 828 2659 in
837 2624 988 2662 omnihus
996 2628 1074 2673 pilis
1090 2638 1272 2679 atquepor-

259 2666 398 2708 ticz'hus,
428 2673 516 2703 unde
535 2670 575 2704 de
589 2671 691 2718 plano
711 2673 772 2721 legi
784 2674 917 2721 pcffint,
947 2676 1050 2722 instar
1069 2680 1171 2714 eda-ii
1194 2693 1271 2729 pen-

257 2716 334 2750 dere
351 2718 572 2755 mandavero.
634 2721 731 2758 Adde
762 2735 861 2760 notas
888 2737 922 2761 V.
942 2738 979 2763 D.
997 2740 1030 2764 Ρ.
1053 2741 1090 2765 R.
1111 2741 1143 2766 L.
1164 2742 1196 2767 P.
1237 2732 1269 2768 id

258 2765 329 2805 est,
359 2766 447 2801 unde
467 2767 508 2802 de
528 2769 629 2817 plano
649 2774 743 2809 recte
762 2773 827 2823 legi
851 2775 961 2824 poffit.

313 2815 563 2853 Manubmrum
580 2834 691 2867 genus.
714 2823 727 2868 ]
760 2827 845 2862 Haec
858 2827 1021 2864 nimirum
1039 2829 1189 2879 praeclari
1199 2834 1271 2868 Im-

261 2865 424 2913 peratoris
439 2865 483 2901 ab
502 2866 595 2904 hoste
625 2870 744 2919 spolia.

312 2913 544 2960 Compluribus
559 2920 653 2955 cellis.
671 2922 684 2966 ]
723 2926 817 2960 Cella
837 2939 1044 2977 pauperum,
1074 2928 1268 2968 servorum-

255 2977 353 3014 que,
390 2975 428 2999 ac
456 2967 679 3006 meretricum
706 2973 962 3016 manfiunculae.
999 2980 1158 3023 Juvenal.
1197 2986 1263 3021 Sat.

263 3028 337 3052 ιιι.

366 3067 411 3099 Et
434 3064 568 3104 dubitas
586 3067 662 3105 alta
682 3069 844 3109 ebionem
865 3076 1022 3116 deducere
1041 3081 1143 3119 cella..

1238 1075 1381 1121 Edixit
1408 1082 1451 1122 &
1483 1076 1636 1125 strenas
1660 1083 1838 1131 ineunte
1862 1105 1974 1134 anno
1990 1089 2030 1136 se
2055 1106 2337 1154 recepturum:

1212 1141 1363 1186 nuariis
1386 1140 1434 1186 ad
1457 1144 1673 1205 captandas
1694 1144 1841 1209 stipe8,
1875 1169 1974 1215 quas
1996 1156 2128 1218 plenis
2139 1170 2230 1201 ante
2244 1172 2340 1201 eum

2207 1221 2348 1267 mani·

1328 1280 1429 1318 Idem
1447 1285 1514 1320 Sar.
1535 1297 1592 1322 vr.

1441 1338 1487 1369 Et
1505 1335 1621 1372 cellam
1639 1350 1792 1376 vacuam
1808 1349 1908 1389 atque
1917 1341 2038 1390 fitam.

1328 1384 1481 1420 Iterum:
1720 1410 1735 1418 -
1762 1413 1777 1419 -
1804 1412 1819 1420 -
1840 1390 1965 1429 ultima
1979 1397 2101 1432 cellam·

1439 1434 1581 1484 Claufit.

1328 1483 1471 1520 Mar-rial.

1442 1535 1579 1583 Intrasti
1595 1540 1720 1588 quoties
1735 1541 1891 1591 i‘nscrzjvtae
1903 1542 2026 1581 limina
2043 1545 2138 1584 cella.

1329 1580 1423 1621 Vide
1447 1586 1529 1623 Tib.
1543 1599 1616 1639 cap.
1628 1602 1691 1627 κω
1705 1605 1716 1628 1
1730 1605 1757 1629 1.

1385 1639 1426 1669 ln
1444 1634 1657 1688 libidinem]
1686 1654 1763 1679 mss.
1784 1643 1897 1692 plures
1913 1645 1961 1680 ad
1975 1643 2163 1685 libidinem.

1383 1688 1457 1722 Pec.
1467 1687 1617 1732 fenebris
1638 1690 1869 1743 appofitique.]
1909 1695 2031 1732 Melius
2051 1710 2129 1735 mss,
2155 1696 2226 1736 duo
2239 1697 2351 1748 senes-

1308 1728 1309 1731 ’
1331 1745 1414 1781 que,
1436 1737 1578 1782 praebita
1587 1742 1730 1787 pecunia
1734 1743 1868 1788 fenebri
1886 1773 1897 1787 ,
1926 1745 2140 1796 apposttiffiue
2156 1778 2169 1793 ,
2197 1748 2280 1787 ficut
2307 1753 2346 1787 ὅ(

1333 1782 1422 1823 edit..
1445 1787 1672 1829 Frobeniana.

1385 1850 1446 1880 42.
1466 1843 1536 1874 Nec
1542 1853 1621 1889 sam
1630 1842 1848 1889 imperatoria
1862 1846 1997 1893 m0d0.]
2026 1849 2110 1884 Duo
2121 1848 2346 1899 pnobatiffimi

1331 1885 1433 1924 codd.
1460 1886 1513 1930 Εἴ
1524 1891 1604 1938 jam
1620 1891 1863 1939 imperatoria,
1882 1894 1945 1942 sed
1961 1894 2013 1939 Εἴ
2024 1900 2154 1946 patria.

1384 1937 1466 1974 Kal.
1486 1938 1601 1987 Jam]
1631 1944 1719 1979 Tres
1736 1943 1812 1980 libri
1829 1957 1853 1980 a
1869 1945 1950 1983 Kal:
1977 1946 2182 1993 Januasiis,
2210 1961 2247 1987 ut
2275 1950 2347 2001 plu-

1330 1985 1421 2024 ribus
1451 2001 1535 2025 eum
1564 1989 1684 2028 stetiffe
1711 1992 1830 2031 diebus
1855 1996 2084 2047 intelligamus
2100 2027 2112 2041 ,
2146 2012 2345 2051 quanquam

1330 2037 1488 2074 Tiberius
1503 2040 1672 2091 edixerat,
1708 2056 1752 2080 ne
1770 2044 1959 2083 strenarum
1980 2052 2232 2087 commercium
2262 2051 2344 2088 ultra

1330 2087 1407 2124 Kal.
1433 2091 1509 2131 jan.
1531 2103 1763 2137 exerceretur,
1792 2107 1865 2146 cap.
1882 2108 2007 2138 xxxxv.
2051 2098 2141 2137 Vide
2159 2101 2248 2151 Aug.
2267 2115 2347 2152 cap.¹

1327 2149 1390 2176 rvr
1404 2151 1432 2175 1.

1638 2246 2030 2287 Casauaon.

1373 2319 1442 2350 Nec
1461 2327 1525 2353 non

1324 2362 1343 2398 li
1359 2364 1509 2404 instituto
1525 2397 1536 2411 ,

1323 2413 1463 2460 der-ent,

1544 2316 1597 2362 Εἴ
1614 2322 1836 2360 matrimonia
1850 2325 1992 2363 obnoxia
2013 2328 2143 2378 effint.]
2172 2334 2337 2386 Vectiga-

1578 2371 1671 2419 quod
1697 2371 1854 2422 legitimo
1885 2379 2114 2418 matrimonio
2135 2383 2237 2428 junsti
2256 2398 2348 2435 pen->

1491 2420 1622 2468 quoties
1638 2420 1751 2459 liberis
1770 2438 1915 2474 operam
1930 2428 2060 2467 darent.

1371 2480 1412 2509 41
1448 2472 1650 2516 Luprwarin
1652 2471 1787 2519 palatio
1796 2478 2000 2527 constituit.]
2030 2482 2101 2517 Dio
2111 2480 2153 2517 de
2164 2482 2338 2522 Messalina

1325 2516 1478 2554 Claudii:
1498 2520 1589 2560 'Hb-n,
1609 2526 1683 2571 ’γᾶς
1701 2526 1760 2559 καὶ
1788 2525 1841 2562 ἐπ’
1862 2529 2043 2573 οἰκήματος
2065 2531 2091 2567 ἕν
2108 2534 2158 2578 τῷ
2168 2537 2336 2582 παλσιτίῳ

1324 2567 1412 2606 ἀυτή
1433 2584 1466 2603 τε
1488 2568 1698 2620 ἐκαθέζετο,
1728 2575 1788 2611 καὶ
1812 2577 1872 2619 τὰς
1892 2579 2003 2621 ἄλλοις
2024 2581 2084 2622 τοὶς
2103 2583 2236 2630 πρώτοις
2257 2586 2335 2620 ἐκά-

1320 2618 1426 2666 θιζεν.
1457 2620 1646 2670 Xipliill'nus
1664 2624 1698 2659 ln
1717 2626 1846 2671 Avito,
1865 2630 1924 2666 καὶ
1937 2630 2032 2671 τέλος
2054 2631 2082 2667 ἕν
2101 2633 2153 2677 τῷ
2166 2635 2333 2681 παλαιτίῳ

1319 2668 1448 2710 οἴκημά,
1460 2685 1491 2705 τι
1513 2671 1702 2720 οε-π-οὲείξως
1720 2704 1733 2719 ,
1763 2681 1798 2713 ὅ(
1812 2692 1886 2728 qux
1906 2679 2107 2730 sequuntur:
2137 2683 2227 2732 piget
2238 2686 2334 2722 enim

1318 2718 1394 2754 ralia
1410 2719 1608 2761 describere.
1668 2726 1724 2762 Est
1742 2739 1858 2765 autem
1880 2730 1913 2766 in
1933 2732 2118 2768 amborum
2140 2737 2333 2772 narratione

1319 2779 1410 2805 tanta
1430 2769 1637 2816 similitudo,
1671 2788 1708 2812 ut
1726 2777 1880 2817 videatur
1897 2782 2017 2818 Avitus
2033 2781 2195 2831 Caligulae
2217 2797 2333 2823 exem·

1317 2819 1414 2869 plum
1433 2834 1495 2870 per
1511 2824 1631 2860 omnia
1644 2824 1785 2865 secutus.

1667 2928 1969 2967 Van1or..

1370 3002 1428 3032 41.
1448 2990 1590 3028 Praebita
1605 2992 1866 3032 advenientibus
1878 3001 2213 3054 pecuniafenebris.]
2238 3010 2328 3044 Tor-

1318 3040 1414 3074 rentii
1430 3038 1499 3075 duo
1521 3054 1601 3077 mss,
1621 3042 1724 3079 Palar.
1747 3045 1881 3084 secund.
1894 3051 1987 3088 Rob.
2006 3055 2121 3106 Steph.
2136 3060 2173 3094 &
2192 3060 2333 3095 Gruteri:

1320 3087 1424 3126 editio
1440 3104 1449 3124 z
1469 3090 1607 3137 petalam
1625 3092 1887 3134 advenientibus
1898 3103 2042 3150 pecunia
2048 3106 2193 3152 fenebri.

2182 3160 2349 3199 Tol*
