2504 3425
492 140 1879 205 ‚T1'n·zn1uannoeAEsA.n.
2119 166 2243 223 2329

117 233 124 237 .
151 236 222 293 ‘ias
251 235 573 301 legum'poenas
600 239 689 297 jure
721 253 766 283 ac
799 235 1000 299 dignitate
1033 240 1248 285 matronali
1280 239 1606 297 exsolverentur,
1638 240 1896 287 lenocinium
1930 239 2116 301 profiteri
2150 259 2246 290 coe·

145 315 319 363 perant:
366 305 409 345 δέ
432 317 483 347 ex
504 304 721 360 juventute
742 301 953 363 utriusque
976 300 1136 348 ordinis
1163 303 1513 368 profligatissimus
1538 302 1738 368 quisque,
1773 320 1861 366 quo
1883 306 2020 350 minus
2045 307 2088 351 in
2115 322 2240 368 opera

144 366 275 410 scenae
300 380 516 428 arenaeque
546 363 705 412 edenda
719 363 1068 411 senatusconsulto
1089 381 1354 424 tenerentur,
1388 367 1536 416 famosi
1555 368 1698 429 judicii
1712 383 1854 414 notam
1867 365 2013 430 sponte
2032 366 2239 418 subibant.

142 445 214 473 eos
244 427 389 491 easque
423 445 571 475 omnes
594 465 609 488 ,
655 446 709 475 ne
743 429 858 492 quod
893 427 1108 492 refugium
1141 433 1186 476 in
1218 433 1288 477 tali
1323 431 1466 478 fraude
1501 435 1697 495 cuiquam
1730 431 1827 478 effer
1850 467 1863 487 ,
1909 431 2054 477 exfilio
2076 432 2233 482 affecit.

140 493 329 549 Senatori
350 493 476 540 latum
499 494 658 539 clavum
682 493 861 549 ademit,
896 509 993 539 cum
1012 495 1267 557 cognovisset
1293 495 1368 541 sub
1386 495 1599 559 Kal.Julii
1621 493 1860 559 demigraffe
1881 497 1925 540 in
1946 495 2087 542 hortos
2101 532 2112 550 .-
2148 515 2236 560 quo

139 557 264 603 vilius
288 555 380 619 post
403 556 517 602 diem
537 556 642 602 'aedes
665 559 711 603 in
736 556 838 602 urbe
864 558 1127 603 conduceret.
1195 559 1346 604 Alium
1370 564 1413 604 δε
1437 559 1635 621 quaestura
1656 561 1836 606 removit
1857 594 1871 615 ,
1909 561 2025 623 quod
2061 578 2233 609 uxorem

60 635 121 693 36
140 619 271 681 pridie
289 620 503 667 sortitione
527 619 690 666 duCiam
707 656 720 677 ,
753 619 947 683 postridie
967 619 1220 684 repudiasset.
1288 624 1488 668 Externas
1508 625 1771 669 caeremonias
1791 659 1803 679 ,
1846 627 2064 687 AEgyprios
2082 625 2236 683 judai-

141 683 294 746 cosque
318 686 417 730 ritus
439 682 695 745 compescuit
722 702 733 728 :
783 686 935 729 coaffis
968 688 1041 746 qui
1073 683 1360 744 superstitione
1380 702 1425 731 ea
1447 686 1719 743 tenebantur,
1754 688 1964 749 religioias
1985 687 2115 734 vestes
2137 706 2234 737 cum

139 745 413 793 instrumento
431 750 549 793 omni
572 747 830 792 comburere.
896 747 1137 808 Judaeorum
1157 753 1419 806 juventutem
1433 784 1446 805 ‚
1479 767 1551 811 per
1572 752 1751 811 speciem
1774 749 2040 807 sacramenti,
2076 755 2119 797 in
2135 770 2235 814 pro-

140 812 298 856 vincias
310 812 506 874 gravioris
527 810 624 855 coeli
649 808 877 854 distribuit:
912 812 1094 872 reliquos
1109 814 1247 872 gentis
1268 811 1472 870 ejusdem,
1506 815 1571 859 vel
1593 812 1738 857 fimilia
1761 815 1982 869 sperantes,
2016 816 2117 861 urbe
2131 815 2230 862 sub-

140 876 275 920 movit
291 909 305 931 ,
340 874 413 920 sub
435 889 560 935 poena
586 887 790 935 perpetuae
815 872 1042 930 servitutis,
1089 875 1166 919 nisi
1191 875 1550 936 obtemperasti-mr.
1617 877 1791 936 Expulit
1814 880 1857 920 ὃς
1891 877 2228 928 mathematicos:

60 954 116 1003 37
138 935 207 983 sed
230 936 544 1001 deprecantibus
552 973 566 996 ,
590 952 636 984 ac
660 937 700 984 se
723 950 851 983 artem
872 935 1069 983 desituros
1091 939 1456 999 promittentibus,
1490 941 1655 989 veniam
1678 939 1805 986 dedit.
1872 942 1924 983 In
1942 942 2085 1002 primis
2107 960 2231 989 tuen-

286 1115 290 1121 ,
460 1081 495 1116 T
523 1091 546 1115 o
574 1091 599 1115 R
627 1091 651 1116 R
679 1090 701 1115 E
732 1091 756 1116 N
789 1091 825 1116 T.

188 1130 279 1164 Cum
293 1127 522 1179 cognovzffit]
550 1129 648 1166 Libri
666 1142 744 1167 Mss.
765 1129 835 1167 duo
853 1143 951 1179 quem
967 1128 1118 1179 cognosset
1137 1159 1149 1174 ,

135 1190 221 1215 unus
243 1179 352 1216 etiam
378 1180 459 1218 Kal.
478 1180 674 1225 Januarii,
701 1193 765 1229 pro
788 1180 893 1225 Julii.
954 1184 1088 1217 Verum
1118 1194 1153 1217 ut

135 1227 216 1265 illud
235 1243 336 1279 quem
355 1232 505 1279 cognoffet
534 1230 648 1280 probo
666 1259 677 1273 ,
721 1228 768 1266 fic
795 1230 890 1275 Julii
922 1232 1064 1268 retineo.
1110 1244 1153 1268 eo

137 1280 233 1316 enim
250 1278 322 1316 fere
341 1281 396 1318 die
415 1280 505 1317 aedes
532 1293 552 1316 a
580 1281 891 1329 commigrantibus
920 1282 1151 1318 mutabantur.

134 1329 210 1371 Cic.
238 1330 391 1380 quadam
409 1330 454 1368 ad
470 1330 674 1380 eratrem
694 1330 836 1381 epistola
854 1359 865 1374 ,
890 1345 997 1382 quam
1015 1332 1154 1368 Beroal-

133 1378 196 1417 dus
216 1393 318 1425 citat,
347 1385 385 1418 ὃ(
405 1380 557 1421 ΥΜαι-[ἰεῦ.
589 1381 819 1431 pulcliernmo
839 1380 898 1418 illo
914 1382 1155 1431 Epigramma-

134 1441 189 1474 te,
217 1433 248 1467 O
264 1431 449 1477 Juliarum
471 1431 613 1468 dedecm
633 1430 870 1468 Kalendarum
887 1435 902 1467 !
938 1445 1023 1468 xxxx
1037 1447 1048 1469 1
1075 1432 1150 1470 libri

139 1493 179 1517 xi
192 1495 221 1517 1.

189 1536 331 1568 Uxorem
346 1530 461 1579 pridie
472 1531 648 1579 firtitione
663 1530 842 1578 dubiam]
885 1525 1044 1574 Turneb.
1083 1533 1152 1570 Ad-

133 1580 349 1619 Verfi11·.x1v.
369 1594 441 1631 cap.
465 1595 528 1618 xxl
541 1595 568 1618 ι.
590 1581 704 1629 pridie
711 1581 924 1628 fhrtitionem
941 1610 952 1625 ‚
994 1595 1028 1619 ut
1043 1584 1152 1631 pridie

132 1629 324 1674 calendas,
355 1631 459 1680 legit,
496 1632 710 1667 sortitionem
729 1632 916 1681 provinciae
938 1632 1150 1682 intelligens,

131 1692 175 1717 ex
193 1693 259 1729 qua
280 1680 427 1730 quaestor
443 1681 498 1717 ille
515 1681 639 1730 ingens
659 1681 791 1718 lucrum
800 1681 957 1732 speranS,
982 1695 1150 1726 uxorem,

129 1728 341 1779 quam-forre
374 1733 489 1767 minus
513 1729 722 1779 locupletem
740 1732 846 1781 pridie
873 1732 1046 1777 duxerat,
1087 1747 1151 1783 po-

126 1778 499 1830 stridie·1·epudiaverir.
558 1780 624 1816 Alii
648 1780 801 1818 similiter
812 1782 925 1830 pridie
942 1783 1149 1830 finitionis,

128 1831 409 1878 autfhrtitionem
427 1831 567 1880 legunt,
594 1830 651 1867 sed
676 1831 722 1867 ad
753 1831 871 1882 legem
889 1834 1034 1883 Papiam
1062 1832 1148 1869 refe-

125 1890 205 1917 runt
222 1899 232 1925 ς
267 1894 345 1931 quae
363 1894 446 1918 cum
463 1881 596 1918 caelibes
612 1893 633 1918 a
658 1881 859 1932 magistratu
878 1895 1009 1920 arceret
1029 1912 1040 1927 ‚
1088 1884 1151 1921 ho-

124 1942 190 1968 mo
209 1930 264 1967 hic
286 1944 394 1981 quam
418 1931 739 1969 antesortitionem
760 1934 1015 1982 provinciarum
1045 1933 1151 1970 duxe-

123 1992 198 2025 rat,
223 1981 365 2019 obtenta
392 1983 463 2027 jam
483 1984 660 2032 provincia
670 1982 854 2032 eblegarit.
918 1988 960 2020 Et
984 1997 1058 2020 non
1087 1997 1148 2021 ne-

123 2033 281 2081 gaverim
303 2033 448 2082 quidem
471 2032 547 2082 lege
564 2033 670 2082 Papia
691 2032 765 2080 plus
785 2033 969 2070 commodi
988 2035 1093 2070 etiam
1103 2048 1145 2071 ex

122 2082 307 2132 provinciis
323 2082 490 2120 accedere
510 2082 572 2120 illis
590 2111 603 2126 ,
643 2083 702 2132 qui
723 2096 870 2120 uxorem
889 2083 1069 2121 &liberos
1087 2084 1146 2122 ha-

123 2132 247 2177 beant,
272 2135 384 2183 magis
402 2145 522 2171 tamen
541 2133 629 2170 mihi
644 2133 804 2170 Ber-oaldi
828 2133 998 2171 sententia
1013 2134 1145 2185 placet,

120 2193 158 2219 ut
185 2183 265 2220 ideo
286 2183 341 2220 hic
378 2184 594 2234 (quicunque
621 2182 747 2230 fuerit)
788 2195 809 2219 a
833 2183 999 2233 quaestura
1029 2197 1148 2222 motus

122 2230 189 2277 fir,
222 2234 315 2284 quod
346 2235 419 2283 pari
443 2233 582 2273 levitate
610 2237 647 2270 ὃς
677 2233 766 2270 sorte
793 2234 897 2273 veluti
935 2248 994 2285 per
1022 2234 1143 2273 ludum

122 2294 268 2320 uxorem
283 2283 415 2321 duxerit
434 2312 447 2326 ,
483 2288 520 2322 ὃ(
540 2284 682 2321 ductam
698 2285 863 2331 reiecerit.
907 2283 954 2322 fic
986 2287 1081 2323 enim
1105 2290 1143 2323 ὃ(

122 2333 215 2381 apud
231 2332 391 2370 Plautum
407 2333 570 2371 Chalinus
592 2338 629 2371 δε
654 2334 827 2383 Olympio
855 2337 1020 2383 conjectis
1037 2338 1072 2373 in
1101 2335 1145 2373 fi-

948 2389 1028 2423 Nec
1057 2385 1148 2424 diffi-

942 2436 1029 2474 Caefi
1057 2449 1132 2488 cap.

122 2382 242 2420 tellam
270 2382 413 2420 sortibus
444 2397 508 2433 pro
535 2383 662 2421 Casina
695 2385 889 2422 sortiuntur.

122 2432 206 2471 mile
230 2434 430 2485 exemplum
461 2432 603 2473 refertur
628 2434 719 2486 apud
745 2438 884 2474 sueton.

123 2495 254 2522 xtni.

183 2542 239 2578 36.
267 2533 443 2583 Religiosas
460 2532 596 2582 vasten]
624 2535 717 2575 Vide
734 2537 871 2575 Domit.
893 2549 968 2589 cap.
984 2551 1013 2575 1.
1041 2536 1143 2587 {fiaco

120 2582 251 2621 celatus
270 2584 402 2622 habitu.

178 2635 378 2671 Provincias
391 2635 560 2683 gravioris
578 2634 687 2683 eceli]
742 2636 908 2686 Josephus
934 2636 992 2674 lib.
1010 2650 1098 2675 xv11
1111 2650 1138 2675 1.

123 2685 239 2735 Antiq.
257 2698 328 2735 quo
345 2685 480 2729 modo,
505 2688 543 2721 ὅ(
564 2697 631 2734 qua
653 2685 695 2721 de
717 2687 814 2723 causa
830 2687 1009 2731 Judaicos,
1035 2689 1138 2738 AEgy-

121 2735 274 2786 ptiosque
302 2737 385 2774 ritus
410 2734 655 2785 compescuerit
681 2736 840 2775 Tiberius
858 2764 869 2779 ‚
907 2737 1036 2786 prolixe
1064 2750 1141 2774 nar-

124 2835 318 2874 Sardiniam
336 2835 445 2874 tradit.
505 2837 607 2886 Atqui
628 2838 699 2882 eius
716 2836 828 2873 insulae
848 2836 967 2875 aestivis
983 2838 1137 2875 maxime

124 2883 302 2923 meussbus
342 2887 561 2937 intemperies
578 2914 588 2929 ,
639 2887 695 2926 vel
739 2888 840 2927 Livio
884 2889 923 2923 ὅ(
966 2888 1134 2925 Strabone

123 2936 261 2973 testibus
284 2964 296 2980 ,
350 2939 386 2974 in
431 2937 658 2986 proverbium
698 2936 790 2975 abiit.
873 2939 1013 2975 Notmn
1057 2938 1138 2977 illud

127 2986 271 3025 Martial.
489 3018 492 3021 Δ

239 3038 341 3075 Nullo
344 3038 429 3084 fata
443 3036 509 3075 loco
521 3036 611 3087 poffi's
631 3038 824 3083 excludere,
854 3050 932 3075 cum
949 3051 1038 3076 mors

300 3090 452 3134 Venerit,
474 3089 512 3129 in
529 3090 638 3129 medio
655 3089 777 3130 Tibure
794 3090 956 3131 Sardinia
972 3088 1024 3138 est.

2167 1007 2227 1052 dae

1204 1081 1316 1120 Tibur
1335 1081 1597 1120 saluberrimum
1617 1080 1778 1118 Sardiniae
1798 1080 1948 1130 opponit
1971 1079 2146 1130 pestilenti.

1259 1139 1386 1170 Artem
1407 1132 1599 1182 (lefimros.]
1658 1133 1710 1168 Sic
1740 1131 1867 1168 Gellius
1900 1131 2049 1179 loquitur
2079 1131 2136 1167 lib.
2165 1145 2224 1169 xv.

1204 1195 1278 1232 cap.
1297 1198 1354 1220 xv.
1376 1189 1412 1220 ὃ(
1429 1195 1502 1234 cap.
1524 1184 1580 1221 ult.
1602 1181 1670 1232 ipse
1699 1182 1772 1218 Cic.
1805 1181 1905 1232 Epist.
1937 1181 1980 1216 ad
1999 1182 2148 1217 Marium
2167 1182 2225 1219 lib.

1204 1247 1285 1272 V11.
1309 1233 1448 1270 libenter
1469 1234 1578 1271 hercle
1591 1241 1704 1268 artem
1723 1229 1915 1279 definerem.
1954 1233 2013 1268 De
2030 1232 2225 1269 mathema-¹

1206 1285 1278 1321 ticis
1297 1295 1413 1322 autem
1432 1283 1604 1334 eleganter
1620 1282 1731 1319 Tacit.
1743 1281 1801 1319 lib.
1819 1296 1870 1319 11.

1515 1366 1903 1411 CASAUBON.

1253 1428 1469 1468 Lenocinlum
1480 1430 1629 1479 profiteri
1653 1428 1854 1479 coeperant]
1885 1427 1986 1478 Apud
2002 1428 2134 1473 aediles,
2167 1441 2219 1468 cu»-

1204 1478 1254 1522 jus
1282 1481 1391 1516 moris
1421 1478 1571 1517 caussam
1602 1481 1732 1517 erudite
1757 1481 1898 1531 explicat
1927 1477 2062 1528 Lipsius
2090 1480 2132 1517 ad
2153 1482 2225 1517 Ta-

1203 1528 1310 1613 lcitum
1338 1544 1389 1566 11.
1420 1531 1542 1569 Annal.
1569 1531 1647 1571 vide
1671 1532 1777 1569 etiam
1805 1529 2056 1569 Tertullianum
2083 1530 2127 1566 de
2149 1530 2223 1567 Pal-

1216 1591 1261 1614 10.

1257 1629 1375 1665 Pridie
1383 1630 1596 1676 sortitionem
1613 1632 1765 1670 duffam.
1782 1630 1799 1678 J
1838 1633 1891 1667 Ita
1912 1631 2149 1668 Memmianus
2168 1644 2221 1668 re·-

1204 1679 1258 1714 ete
1272 1707 1284 1721 ,
1315 1693 1388 1716 non
1396 1682 1584 1728 sortitione.

1259 1736 1314 1771 36-
1342 1730 1572 1780 Jmlalcosque
1590 1733 1677 1768 ritm
1691 1728 1922 1780 compefiuit.]
1952 1731 2144 1769 Calumniis
2163 1735 2222 1769 Se-

1200 1778 1267 1823 jani
1285 1780 1458 1829 impulsus.
1498 1780 1566 1818 fuse
1593 1782 1692 1818 Philo
1717 1781 1856 1826 Judaeus
1881 1785 1980 1819 Orat.
2017 1781 2060 1818 ad
2077 1785 2214 1828 Caium.

1202 1829 1292 1865 Vide
1315 1832 1517 1868 Cornelium
1542 1834 1706 1870 Tacitum
1733 1833 1769 1868 in
1794 1845 1888 1870 anno
1910 1831 2105 1869 eorundem
2125 1835 2221 1870 Cone·

1198 1877 1328 1924 sulum,
1353 1885 1391 1918 ὅ(
1408 1882 1608 1932 Josephum.

1252 1933 1384 1968 Coac‘hs
1397 1933 1457 1980 qui
1466 1932 1695 1980 superstitione
1713 1945 1752 1968 ea
1769 1931 1981 1969 tenebantur.
1999 1930 2011 1978 ]
2053 1931 2217 1982 Intelligo

1195 1978 1238 2015 de
1248 1980 1379 2019 civibus
1391 1993 1525 2019 tantum
1539 1984 1713 2019 Romanis
1727 1997 1737 2019 :
1763 1996 1875 2034 neque
1887 1985 1981 2020 enim
1990 1982 2114 2028 Judaeis
2122 1982 2218 2022 suam

1195 2029 1401 2079 religionem
1421 2033 1480 2071 ivit
1499 2044 1655 2083 ereptum
1673 2033 1841 2071 Tiberius.

1255 2095 1309 2127 37.
1341 2083 1498 2129 Inprimis
1520 2084 1645 2119 tuenda
1655 2084 1751 2132 pacis
1767 2097 1790 2119 a
1802 2083 2001 2132 graffizturis
2022 2097 2062 2121 ac
2082 2083 2219 2121 latroci«

1195 2130 1262 2166 niis
1270 2132 1545 2182 seditionumque
1562 2133 1701 2169 licentia
1719 2147 1837 2170 curam
1858 2135 2023 2181 habitin]
2067 2138 2147 2172 Huc
2166 2147 2218 2171 re-

1194 2178 1292 2225 fero,
1317 2183 1412 2232 quod
1430 2183 1473 2219 de
1493 2184 1638 2220 Tiberio
1656 2184 1754 2221 Philo
1773 2184 1905 2222 scribit:
1930 2185 1972 2220 ‘0
1989 2183 2093 2228 μηδὲν
2112 2184 2216 2233 σπέρ-

1193 2246 1247 2275 μα.
1268 2233 1434 2277 noneste,
1461 2232 1546 2277 μήτε
1565 2234 1660 2270 κατὰ
1677 2232 1732 2275 τήν
1752 2232 1933 2277 Ἐλλάδα,
1962 2234 2047 2278 μήτε
2057 2234 2147 2270 κατὰ
2160 2236 2215 2276 ⁷²3⁹

1195 2280 1364 2332 βάρξοορον
1389 2283 1637 2329 ὑποτυφόμενον
1657 2284 1780 2327 ἐσίγας,
1823 2285 1877 2325 τήν
1895 2283 1932 2319 δὲ
1954 2283 2068 2331 εἰρήνην
2087 2287 2148 2320 καὶ
2168 2284 2213 2321 τοὶ

1193 2333 1252 2372 τῆς
1275 2331 1393 2380 εἰρήνης
1414 2333 1539 2377 ἁγαθοὶ
1558 2333 1822 2383 παρασχόμενος
1841 2335 1925 2383 ἄχρι
1945 2336 2002 2374 τῆς
2016 2336 2064 2371 τέ’
2081 2334 2150 2379 [Sis
2161 2349 2214 2371 τε·

1193 2385 1313 2425 λευτῆς
1333 2384 1465 2432 ἀφθόνῳ
1484 2384 1543 2421 καὶ
1565 2385 1734 2431 nmmo-iffi
1755 2385 1844 2434 χειρὶ
1865 2385 1926 2422 noo)
1947 2383 2075 2433 γνώμῃ.

1543 2468 1847 2505 VARIOS..

1239 2533 1392 2582 Profiteri
1413 2532 1617 2582 coeperant]
1673 2532 1774 2582 Apud
1793 2531 1921 2569 aediles.
1951 2533 2070 2573 Nam,
2102 2543 2137 2569 ut
2158 2530 2211 2569 hic

1191 2584 1235 2621 de
1254 2584 1436 2627 lenocinii,
1466 2582 1511 2620 fic
1528 2583 1619 2634 apud
1634 2584 1799 2619 Tacitum
1818 2583 1861 2619 de
1877 2583 1980 2631 stupri
2003 2579 2209 2632 profeffione

1190 2634 1356 2686 legimus,
1387 2635 1477 2671 Ann.
1497 2647 1547 2670 11.
1580 2631 1712 2678 Vestilia
1722 2632 1896 2669 licentiam
1911 2633 2117 2680 stuprinpim'
2134 2632 2208 2668 ‹cdi-

1189 2684 1234 2722 les
1254 2685 1484 2733 vulgaverat,
1511 2696 1601 2719 more
1618 2682 1708 2718 inter
1725 2693 1852 2718 veteres
1878 2690 2019 2729 recepta,
2048 2681 2106 2730 qui
2117 2681 2209 2729 Jiztis

1178 2745 1361 2784 poenarum
1377 2734 1562 2782 adversum
1578 2732 1766 2780 impudicas
1791 2733 1829 2767 in
1854 2732 1923 2779 ipsa
1944 2730 2129 2779 prcffiffone
2145 2729 2209 2777 fia-

123 2797 203 2822 rans
217 2814 230 2829 ,
271 2787 356 2824 inter
377 2785 441 2822 alia
460 2785 661 2829 Judaeorum
679 2797 825 2835 quatuor
849 2787 957 2822 millia
982 2786 1077 2824 miffi
1105 2789 1140 2824 in
1180 2786 1259 2835 gitiz
1279 2784 1466 2822 credebant.

1525 2784 1675 2832 Apparet
1702 2793 1818 2818 autem
1835 2811 1846 2825 ‚
1885 2783 1920 2818 in
1941 2783 2054 2830 stupra
2073 2793 2208 2818 matro-

1186 2849 1310 2873 narum
1334 2834 1462 2871 ordinis
1496 2834 1596 2884 primi
1633 2844 1690 2868 aut
1722 2832 1860 2868 secundi
1895 2833 2042 2881 graviter
2069 2831 2206 2880 semper

1185 2884 1460 2924 animadversum
1476 2912 1487 2927 ,
1511 2883 1555 2919 ad
1574 2882 1779 2921 servandum
1789 2881 2078 2933 publicumdecus
2096 2896 2105 2918 ε
2134 2895 2206 2919 non

1187 2949 1261 2974 tam
1289 2937 1437 2988 graviter
1457 2936 1492 2971 in
1515 2933 1752 2970 libertinarum
1779 2944 1835 2969 aut
1859 2946 1877 2968 e
1905 2932 2005 2982 plebe
2023 2961 2034 2975 ,
2081 2934 2206 2986 quibus

1187 2988 1260 3025 haec
1279 2987 1395 3023 militia
1417 2988 1580 3024 Venerea
1595 2983 1750 3020 moribus
1772 2995 1906 3019 tantum
1924 2997 1997 3019 non
2023 2982 2198 3031 pei-misia:

1189 3037 1283 3088 quod
1298 3036 1354 3076 vel
1371 3050 1411 3072 ex
1421 3035 1589 3078 Horatio,
1613 3034 1764 3077 Ovidio,
1793 3034 1926 3083 aliisque
1943 3033 2068 3083 liquere
2079 3032 2200 3084 potest.

1189 3087 1256 3129 Sed
1285 3091 1323 3129 ὅ(
1356 3085 1436 3128 illud
1467 3097 1586 3139 patet,
1633 3086 1739 3125 cuivis
1766 3082 1924 3125 foemina:
1963 3083 2092 3123 licitum
2127 3080 2202 3166 luiss-

1623 3138 1682 3174 Tt
2184 3139 2205 3166 e
