2504 3425
332 187 596 244 Nom:
666 200 731 237 m
791 176 1255 235 SUETON11
1319 176 1850 232 Tum-:ntum

2067 184 2176 243 797

84 282 181 324 rent-²
220 280 312 320 Hinc
349 283 387 317 δε
403 287 556 316 annuam
575 274 672 313 diem
689 274 736 311 eis
757 268 990 324 persolvendis
1014 281 1097 307 con·
1151 271 1246 320 Nep.
1271 271 1477 308 Cimonem.
1528 267 1723 305 Exercitum
1742 267 1869 317 recepit
1886 276 2024 316 quoque
2040 266 2087 300 R.
2104 265 2178 298 Steo

85 335 193 375 stituit.
251 335 436 382 Propterea
463 328 543 380 quia
560 338 634 364 tam
656 325 733 362 sero
748 324 821 361 haec
840 322 951 372 legata
974 333 1097 358 nume·
1153 320 1256 370 phani
1275 322 1391 359 editio.
1446 321 1682 357 Exercitatarn
1701 329 1821 354 tamen
1835 317 1913 353 ferri
1930 327 2067 367 quoque
2083 310 2175 362 polle

85 387 244 425 rabantur
261 411 273 425 ,

87 438 173 487 Qus
194 433 310 471 credat
328 429 520 482 Augustum

87 488 320 537 relinqueret,
353 494 508 519 annuam
536 479 631 516 diem
657 475 785 517 vicenis
811 475 964 512 sestertiis
994 472 1104 524 praefi-

86 534 193 575 xiffe?

150 601 227 624 101.
259 582 387 631 Polyhii
410 580 462 624 δ’
492 575 715 622 Hilarionis]
761 574 902 613 Salmas.
926 575 1032 610 etiam
1049 585 1107 609 co-

89 636 156 674 dex
185 635 302 683 Polybi
328 632 380 676 Εἴ
401 631 607 672 Hilarionis,
638 639 672 664 ut
689 630 727 663 δε
745 627 840 663 Rob.
860 625 975 674 Steplx.
1036 626 1108 658 Hu-

83 690 142 735 jus
159 686 294 737 Polybii
312 682 474 721 meminit
492 682 672 730 antiquum
690 677 908 727 epigramma
917 673 1006 724 apud
1022 676 1107 709 Gru-

90 750 202 778 terum
216 753 226 775 ε

163 791 206 825 C.
247 784 468 831 JVLIVS.
503 781 735 817 POLYBI.
772 777 920 813 DIVI.
956 775 1048 811 AV-

204 837 393 875 GVSTI.
444 831 696 869 LIBERTI.
734 828 903 863 ANTH
918 829 947 860 V
962 828 992 860 S.

117 888 370 927 SALTVM.
404 880 743 919 FORTVNAE.
782 873 1087 911 OP1FERAE.

195 933 540 975 RESTITVIT.
590 930 721 964 PRO.
755 924 1000 961 SALVTE.

98 998 100 1000 ’
154 987 411 1025 POLYBII.
456 976 776 1018 LIBERALIS.
818 973 1047 1009 PATRIS.

94 1038 175 1078 Post
196 1052 207 1074 ι
246 1049 311 1085 qua
331 1044 410 1070 ante
433 1029 657 1077 Mausoleum.
705 1023 828 1061 Codex
853 1022 994 1059 Salmas.
1012 1033 1111 1069 quem

94 1099 175 1128 ante
195 1084 416 1133 Maufhleum.
439 1079 519 1116 inde
535 1076 722 1128 legendum
740 1073 830 1112 forte
848 1084 944 1123 putat
972 1070 1112 1110 Salmas.

96 1152 163 1192 qua
181 1141 218 1175 in
237 1145 318 1172 ante
334 1130 558 1179 Mausoleum.

149 1187 381 1234 Produxitque
405 1181 567 1231 quadam.
582 1179 598 1227 ]
645 1176 786 1215 Salmas.
814 1180 852 1213 ὃς
881 1172 1007 1225 Copes.
1036 1177 1117 1208 Per-

98 1241 263 1288 duxitque
287 1235 449 1285 quedam.

150 1290 216 1325 Sub
226 1284 362 1336 fignis]
414 1281 557 1321 Palatini
576 1280 678 1317 etiarn
696 1277 832 1317 codices
849 1288 975 1314 omnes
998 1272 1116 1322 essent,

99 1355 187 1394 quos
206 1340 338 1390 sequor.

381 1466 427 1510 T
442 1464 505 1509 1ss
518 1460 556 1506 E
568 1459 625 1504 R.
667 1459 715 1505 N
729 1461 766 1506 E
780 1463 837 1509 R.

158 1607 266 1642 CAP.
295 1616 328 1640 2.
353 1608 448 1640 Secus
478 1594 660 1646 admiffit]
713 1593 804 1632 Cod.
831 1590 977 1629 Salmas.
1012 1591 1129 1640 [equus

105 1654 260 1702 admiffa.
291 1653 385 1690 idem
406 1667 416 1689 ι
453 1646 694 1696 notatissimum
719 1646 761 1694 est
780 1673 792 1688 ,
830 1655 895 1692 pro
915 1640 1127 1689 notiffimum.
1154 1680 1156 1685 ‚

104 1705 152 1742 id.
173 1703 323 1740 tribunos
334 1701 431 1750 plebi.
458 1699 525 1748 leg.
546 1696 662 1746 plebei.

157 1758 282 1790 Statua
291 1753 360 1801 fibi
376 1765 453 1788 cum
470 1744 706 1791 diademata]
749 1742 873 1781 Codex
894 1742 1036 1781 salmas.
1054 1746 1129 1779 Sta-

107 1814 170 1853 tua
185 1803 245 1850 [ibi
265 1803 478 1839 diademata.
1120 1785 1136 1792 '

163 1871 194 1900 3.
223 1853 364 1900 Insertus
389 1851 430 1898 est
456 1847 510 1892 ΕΞ
540 1846 720 1882 Liviorum
735 1842 881 1888 familia
918 1842 1075 1890 adoptato
1092 1842 1130 1878 ln

105 1917 181 1943 eam
198 1913 351 1941 materno
367 1900 475 1946 avo.]
509 1897 612 1946 Atqui
628 1893 717 1945 apud
735 1894 897 1930 Tacitum
917 1905 974 1929 vt.
995 1904 1076 1927 ann.
1100 1904 1128 1927 c.

111 1970 166 2003 5¹·
196 1955 268 1997 ait,
305 1964 457 1990 matrem
481 1948 612 1986 Tiberii
639 1947 673 1982 in
701 1944 839 1982 Liviam
858 1941 1027 1977 familiam
1046 1941 1132 1977 ado·

107 2017 240 2057 ptatam
265 2001 344 2041 effe.
400 2001 466 2039 Sed
493 1998 599 2036 credo
640 2009 722 2033 cum
766 1992 905 2029 Theod.
926 1992 1064 2041 Ryckio
1085 1995 1129 2028 V.

108 2056 162 2093 cl.
183 2069 287 2094 avum
306 2053 493 2104 adoptione
511 2045 675 2087 transiiffe
694 2047 729 2083 in
747 2044 841 2081 illam
854 2054 1016 2093 gentem,
1045 2055 1128 2079 cum

107 2109 179 2156 jam
204 2108 236 2144 ei
253 2117 333 2143 nata
347 2101 456 2140 ruisset
480 2102 600 2145 Livia,
627 2096 761 2136 Tiberii
779 2106 913 2143 parens.

164 2163 255 2200 Nec,
293 2166 332 2192 ut
339 2156 464 2201 fama,
493 2148 700 2196 extortum]
731 2145 822 2182 Cod.
843 2144 949 2183 Salm.
978 2146 1014 2180 δ(
1034 2142 1129 2180 Rob.

107 2207 222 2257 steph.
242 2220 321 2249 nec,
348 2215 387 2240 ut
402 2205 513 2250 fama
531 2202 597 2250 est,
623 2207 804 2235 extortum-

158 2272 202 2343 ἓ.
227 2262 330 2293 Pater
365 2268 445 2291 vero
479 2250 644 2299 Tiberii.]
692 2254 770 2286 Vero
796 2243 890 2283 deest
923 2246 959 2282 in
986 2243 1128 2281 Salmas.

111 2321 155 2345 co
185 2333 192 2342 .

166 2364 206 2393 In
227 2354 319 2404 queis
355 2353 520 2392 Narbona
538 2349 589 2394 Εἴ
618 2349 804 2396 Aulam]
854 2345 944 2383 Cod.
966 2345 1073 2382 Salm.
1093 2345 1132 2381 in

112 2409 202 2461 queis
220 2405 337 2443 Narbo
356 2405 408 2448 ξς
430 2402 582 2439 Arelate.
624 2402 723 2436 Putat
740 2411 860 2436 tamen
878 2399 1031 2441 Joannes
1049 2399 1132 2434 Ort-

111 2456 272 2509 wynius‘,
310 2455 512 2494 moderator
539 2449 718 2501 Gymnafii
749 2446 958 2498 Delphensss
984 2445 1130 2485 doffiffi-

111 2524 212 2555 mus,
239 2510 345 2546 etiam
376 2505 443 2542 dici
469 2503 632 2538 Narbona
650 2529 661 2543 ‚
699 2511 735 2536 ut
753 2504 876 2535 Ancon
909 2501 947 2534 ὃ(
970 2503 1124 2534 Ancona.

112 2563 228 2602 Potuit
246 2561 353 2597 etiam
374 2553 515 2592 Narbon
533 2546 690 2599 scripsisse
709 2550 905 2590 Suetonius,
932 2547 980 2582 uti
997 2558 1130 2583 veteres

114 2615 270 2653 dixerunt
301 2608 399 2644 Plato
424 2608 462 2641 ὃς
481 2603 627 2644 Platon,
654 2599 721 2635 Dio
756 2601 795 2635 δε
822 2599 938 2639 Dion,
980 2598 1077 2631 Cimo
1093 2599 1129 2633 δε

113 2668 250 2703 Cimon.

175 2729 204 2761 5.
230 2708 301 2755 Post
320 2707 441 2744 bellum
459 2698 703 2749 Philippense]

118 2766 190 2803 lum
207 2757 422 2807 Philippense·
440 2753 472 2791 id
493 2748 592 2794 esset,
623 2761 785 2798 tempore
804 2750 875 2794 ejus
892 2745 981 2783 belli.

120 2819 158 2854 ὅ(
194 2812 324 2851 bellurn
358 2802 592 2856 Philippense,
627 2802 689 2844 iis,
718 2811 807 2849 quos
826 2797 1006 2835 Suetonius
1024 2796 1129 2839 dicit,

119 2879 208 2905 coss.
226 2861 361 2914 gestum
381 2857 439 2895 est.

120 2960 124 2963 ι
173 2923 207 2952 6.
237 2911 366 2950 Habuit
390 2904 599 2954 luxuriosam
619 2899 672 2944 Εἴ
690 2897 950 2945 exercitatam]
979 2899 1044 2934 Ms.
1064 2896 1134 2933 Sal-

121 2963 243 3005 mafii=
271 2957 481 3007 luxoriosum.
538 2953 641 2991 Unde
671 2952 763 2989 reste
788 2951 850 2989 viri
868 2948 960 2985 dosti
979 2948 1135 2991 coniece-

118 3012 358 3064 ,relegendum
370 3038 382 3055 ,
408 3006 604 3055 laboriosam
624 3001 675 3045 Εἴ
693 3001 934 3043 exercitam,ut
950 2998 1039 3048 apud
1049 2998 1134 3034 Plin-

124 3067 160 3103 in
176 3067 302 3112 Paneg.
358 3065 399 3099 Et
423 3057 470 3096 sic
495 3057 625 3108 primus
642 3054 731 3090 hunc
748 3051 866 3089 locum
884 3048 1137 3086 rescribendum

125 3114 201 3168 eise·
215 3113 299 3172 vidit
311 3116 384 3152 Err.
401 3108 591 3150 Memmius
606 3104 751 3145 testante
769 3101 947 3147 Lambino
965 3099 1010 3138 ad
1027 3102 1135 3137 Corn.

319 379 488 418 excusavit
517 379 566 415 rei
596 375 772 413 familiaris
808 373 1097 410 mediocritatem.
1155 373 1355 423 Ortwynius
1372 370 1508 415 censet,
1541 383 1623 408 cum
1648 368 1738 419 apud
1757 372 1881 406 Horat.
1900 367 2033 417 legatur
2065 361 2177 413 Epod.

537 457 549 473 ,
591 441 673 464 cum
698 427 808 464 milies
826 428 862 461 δε
887 423 1103 473 quingenties
1158 436 1192 467 9.
1231 424 1445 460 Exercitatat
1477 432 1540 458 aut
1563 421 1647 467 petit
1665 425 1774 467 Syrtes
1792 429 1888 461 note,
1913 409 1946 455 h‘.
1972 431 2001 454 e.
2024 424 2179 453 vexatas·

1159 473 1322 524 Virgilius
1346 485 1465 511 tamen
1481 501 1493 516 ,
1534 471 1628 508 idem
1653 471 1718 513 ait,
1748 472 1929 505 exercitam
1945 465 2041 517 quasi
2059 476 2182 503 tuetur.

1162 527 1230 560 111.
1260 526 1345 562 Aen.
1372 538 1408 563 v.
1432 530 1510 561 182.
1532 526 1568 559 δε
1590 524 1640 558 V.
1657 521 1744 557 Aen-
1766 534 1799 557 v.
1823 532 1904 565 725.
1954 525 2046 554 Nate
2070 513 2182 551 Iliacis

1159 578 1301 657 ῗτςνεὲιε
1313 576 1415 621 fatis.
1435 573 1527 624 quod
1538 568 1771 608 Noninus'ftc
1790 570 1933 619 explicat
1955 584 1981 616 ².
2012 567 2154 604 exercite
2169 592 2182 610 ,

1176 634 1311 672 atigate.

1215 677 1280 707 Per
1303 672 1454 711 Siciliam
1475 684 1600 722 quoque
1624 670 1676 714 Εἴ
1697 670 1873 708 Achaiam
1893 664 2183 712 circumductus]

1163 721 1252 759 Cod.
1284 723 1388 760 Salm.
1411 732 1467 769 per
1488 723 1636 758 Siciliam
1648 720 1835 770 quoque&
1848 728 1907 767 per
1925 719 2101 757 Achaiam
2119 716 2185 753 cir-

1164 773 1374 828 cumducius.
1404 773 1497 809 idem
1517 772 1631 822 paullo
1661 771 1757 821 post,
1784 772 1871 818 quod
1898 770 1934 806 in
1951 770 2060 806 tutela
2079 767 2186 804 Clau·

1163 822 1298 877 morunt
1327 832 1437 859 erant.
1468 822 1535 872 leg.
1560 835 1643 858 cum
1671 821 1767 858 Rob.
1793 820 1909 870 Stepli.
1937 821 1996 869 qui
2015 820 2051 856 in
2073 816 2184 855 tutela

1168 871 1396 908 Claudiorum
1417 882 1527 908 erant.

1172 970 1177 976 Π
1218 921 1370 969 Proftdit
1387 921 1580 967 Actiacis]
1614 919 1736 957 Codex
1754 919 1894 956 Salmas.
1915 919 2060 964 Asticis.
2088 918 2162 966 lege
2176 930 2187 952 2

1164 969 1353 1018 zftlasticis,
1391 971 1469 1011 vide
1489 971 1533 1008 ad
1556 969 1664 1020 Calig.
1685 983 1714 1006 c.
1742 983 1798 1005 zo.

1221 1036 1253 1067 7.
1285 1029 1338 1058 Ne
1356 1035 1509 1072 unquam
1530 1022 1567 1057 in
1586 1021 1786 1069 conspeelum
1806 1016 2005 1066 ejuspofihac
2015 1013 2185 1061 veniret}

1166 1072 1256 1128 Cod.
1276 1072 1415 1111 salmas.
1437 1087 1478 1111 ne
1494 1084 1646 1122 unquam
1664 1070 1702 1107 in
1721 1069 1920 1116 conspectam
1941 1068 1968 1103 ei
1983 1064 2114 1115 posthac
2125 1077 2185 1098 vc:a

1165 1135 1266 1160 niret.

1225 1188 1258 1217 9.
1289 1174 1424 1212 Exhinc
1448 1173 1679 1221 Rhoeticum.]
1721 1170 1827 1209 Salm.
1847 1165 1926 1205 cod.
1947 1164 2039 1202 Exin
2060 1162 2190 1201 Rhoetl-

1169 1237 1257 1261 cum.

1227 1279 1326 1311 Poene
1335 1276 1482 1324 yunfiim
1496 1270 1700 1323 percurrit.]
1727 1270 1873 1320 Optime
1894 1266 2033 1306 Salmas.
2056 1263 2189 1303 codex:

1166 1326 1387 1373 percucurrit.

1235 1391 1246 1413 1
1260 1391 1286 1417 1.
1321 1382 1416 1412 Forte
1441 1373 1630 1425 quodam]
1678 1369 1802 1408 Codex
1828 1366 1967 1406 Salmas-
2004 1379 2084 1403 cum
2120 1377 2196 1403 non

1175 1426 1272 1464 nullis
1292 1425 1384 1463 aliis:
1404 1428 1498 1473 sorte
1515 1426 1698 1475 quondam.
1755 1419 1925 1468 scripserit
1944 1416 2059 1454 forsan
2078 1420 2197 1453 Sueto-

1175 1478 1271 1514 nius:
1303 1478 1398 1522 forte
1418 1478 1583 1527 quadarn.
1608 1486 1643 1512 ut
1660 1473 1776 1510 Florus
1795 1471 1917 1521 aliique
1934 1467 2110 1518 scriptores
2129 1470 2199 1504 La·

1176 1528 1236 1565 tini
1256 1528 1450 1578 loquuntur.

1231 1579 1407 1628 Qicquzd
1432 1590 1585 1626 agrorum
1617 1577 1654 1612 in
1670 1574 1814 1611 civitate
1831 1570 1929 1618 esset,
1967 1569 2052 1605 velle
2063 1565 2096 1614 fi
2115 1564 2199 1610 vifi-

1176 1630 1293 1676 tare.]
1327 1632 1407 1673 Jure
1434 1630 1484 1666 vir
1504 1624 1740 1666 doetiffimus‚
1767 1626 1804 1659 δε
1823 1620 1928 1663 mihi,
1957 1632 2037 1655 cum
2056 1619 2091 1654 in
2109 1617 2201 1655 vivis

1179 1676 1279 1723 esset,
1307 1677 1555 1721 amiciffimus,
1584 1673 1807 1724 Tanaquillus
1825 1671 1932 1708 Faber
1951 1671 1985 1706 in
1995 1667 2135 1718 epistola
2150 1665 2197 1704 ad

1180 1730 1364 1766 Urbanum
1396 1729 1608 1767 Chevraeum
1628 1726 1719 1763 hunc
1747 1724 1864 1760 locum
1884 1720 1989 1757 habet
2006 1717 2199 1769 suspeetum

1178 1779 1438 1831 depravationis.
1497 1780 1569 1826 Qu
1608 1777 1720 1818 enim,
1762 1774 1889 1823 inquit,
1907 1770 1986 1818 fieri
1994 1772 2128 1816 potuit,
2158 1777 2200 1803 ut

1179 1833 1266 1878 quod
1291 1843 1314 1866 a
1335 1830 1463 1866 liberio
1486 1830 1616 1864 dictum
1634 1826 1780 1872 fuerat,
1811 1823 1900 1859 male
1921 1833 1944 1856 a
1957 1819 2122 1868 proximis
2141 1829 2198 1853 ex-

1179 1890 1306 1928 ceptum
1324 1881 1486 1916 dicatur?
1517 1878 1581 1915 Sed
1603 1890 1683 1913 cum
1709 1872 1892 1914 emendat,
1919 1868 2078 1920 quicquid
2103 1867 2203 1903 libro-

1179 1943 1256 1967 rum
1274 1931 1311 1967 in
1327 1932 1474 1967 civitate
1492 1928 1578 1976 effet,
1612 1925 1757 1975 vifitare
1765 1923 1802 1971 se
1822 1921 1930 1963 velle,
1959 1919 1993 1956 id
2013 1930 2100 1956 vero
2123 1929 2202 1967 pro-

1181 1980 1262 2018 bare
1281 1995 1353 2017 non
1373 1978 1520 2029 polium·
1576 1978 1663 2032 Qis
1682 1976 1777 2011 enim
1793 1968 2063 2018 dixeritvifitare
2073 1967 2202 2005 libros?

1180 2034 1278 2069 Nam
1298 2032 1441 2068 Latinos
1465 2027 1641 2080 appellasle
1668 2024 1767 2077 libros
1784 2022 1944 2060 tabernas
1961 2021 1996 2056 in
2016 2018 2140 2069 quibus
2161 2016 2201 2054 li-

1182 2081 1231 2118 bri
1254 2081 1447 2120 venduntur
1472 2109 1484 2124 ,
1529 2090 1564 2115 ut
1583 2076 1708 2115 Graecis
1726 2078 1809 2114 ἑινος
1831 2072 1950 2109 dicitur
1966 2069 2172 2105 ὄινοπωλεῒον
2191 2096 2206 2112 ,

1180 2132 1222 2168 de
1241 2146 1311 2181 quo
1331 2131 1492 2181 loquendi
1510 2141 1638 2178 genere
1657 2128 1691 2162 in
1709 2123 1914 2162 lestionibus
1932 2119 2115 2157 Hefiodeis
2127 2131 2145 2154 e
2171 2119 2203 2162 i,

1180 2196 1290 2220 nemo
1316 2183 1441 2220 credet.
1469 2193 1532 2217 nec
1554 2178 1600 2215 fic
1622 2175 1859 2227 accipiendum
1880 2170 1944 2210 esst.
1964 2170 2072 2207 Faber
2088 2131 2199 2206 senia.

1156 2214 1223 2270 lne
1256 2234 1370 2270 dicam
1386 2261 1400 2276 ,
1431 2243 1538 2282 quam
1572 2230 1676 2278 longe
1706 2227 1808 2263 abeat
1832 2224 1995 2260 librorum
2024 2230 2131 2258 voxa
2150 2221 2202 2264 τῷ·

1179 2295 1346 2332 egrorum.
1403 2287 1480 2331 Ego
1517 2281 1639 2317 censeo
1664 2277 1796 2315 Tiberii
1816 2273 1907 2310 male
1925 2282 2066 2319 accepta
2088 2268 2198 2308 verba

1177 2333 1301 2372 fuiffie:
1340 2333 1518 2382 Qicquicl
1550 2336 1728 2378 GraJorum
1758 2328 1795 2362 in
1822 2325 1968 2361 civitate
1987 2320 2059 2368 esset
2085 2347 2098 2363 ,
2133 2318 2201 2356 hoc

1179 2386 1248 2430 est,
1276 2384 1587 2434 Philosophorum,
1619 2379 1815 2417 Rhetorum
1835 2404 1846 2418 ,
1883 2377 1920 2410 ὃ(
1943 2370 2200 2409 Grammatico..

1177 2450 1269 2475 rum.
1327 2436 1410 2474 Illos
1426 2435 1521 2471 enim
1544 2431 1658 2479 Grajos
1678 2432 1714 2465 ὃ(
1735 2431 1875 2467 Gracos,
1904 2421 1996 2474 quod
2015 2420 2108 2456 idem
2127 2418 2196 2462 est,

1179 2500 1199 2523 a
1217 2488 1389 2525 Romanis
1416 2483 1606 2535 appellatos
1622 2479 1762 2517 inferius
1785 2474 1827 2512 ad
1846 2475 1934 2511 hanc
1958 2470 2067 2521 ipsam
2086 2469 2195 2506 Tibe-

1180 2539 1218 2573 rii
1243 2540 1350 2575 vitam
1370 2535 1558 2572 docebitur.
1616 2534 1716 2567 Hanc
1741 2524 2025 2563 emendationem
2049 2519 2195 2555 damna.-

1180 2588 1249 2628 bit,
1275 2587 1397 2629 credo,
1427 2596 1557 2624 nemo,
1583 2583 1638 2630 qui
1657 2579 1783 2618 verba,
1812 2588 1890 2625 quae
1921 2572 2078 2624 proxime
2099 2579 2196 2605 ante-

1180 2637 1322 2681 cedunt,
1354 2649 1426 2673 non
1444 2634 1624 2672 oscitanter
1640 2630 1748 2680 leget:
1769 2625 1842 2674 fine
1861 2624 1973 2660 lictore
1999 2630 2059 2656 aut
2078 2621 2195 2655 viato-

736 2695 815 2734 Cod
832 2694 971 2733 Salmas.
989 2702 1049 2744 per
1067 2693 1132 2730 bel.
1179 2702 1213 2723 re
1234 2685 1410 2736 gymnasia
1441 2685 1615 2721 interdum
1641 2676 1879 2718 obambulans,
1912 2682 2103 2720 mutuaque
2120 2681 2198 2706 cum

1034 2747 1132 2782 Nam
1179 2737 1331 2774 Graculis
1360 2735 1467 2784 officia
1490 2733 1650 2781 usurpans
1667 2736 1763 2778 prope
1794 2738 1835 2761 ex
1868 2737 1964 2774 aquo.

2021 2720 2197 2769 Sequitur:

1169 2790 1262 2835 forte
1290 2790 1437 2838 quodam
1472 2786 1509 2820 in
1534 2782 1728 2830 disponendo
1763 2777 1818 2812 die
1844 2787 1944 2811 mane
1972 2772 2200 2821 praedixerat,

1178 2840 1346 2890 quidquid
1363 2849 1536 2886 agrorum,
1567 2837 1604 2869 &e
1626 2843 1702 2883 quae
1718 2828 1909 2877 sequuntur.
1964 2821 2074 2860 Vides
2091 2832 2199 2871 quam

1180 2891 1303 2929 omnia
1326 2889 1518 2926 cohaereant
1538 2896 1634 2934 apte,
1667 2879 1692 2917 si
1711 2880 1805 2929 legas
1828 2876 2020 2924 Grajorum.
2075 2873 2195 2908 Mutua

1181 2942 1260 2991 quia
1293 2954 1376 2977 cum
1401 2937 1527 2976 Graecis
1545 2932 1723 2983 usurpabat
1744 2926 1883 2970 officia,
1911 2924 1996 2961 dixit
2012 2921 2196 2971 aliquando

1183 2991 1342 3029 Tiberius
1361 3001 1466 3027 mane
1484 3015 1496 3030 ‚
1528 2985 1562 3022 se
1578 2984 1635 3021 illo
1653 2983 1706 3019 die
1725 2990 1849 3017 ornnes
1872 2979 2013 3013 Graecos
2034 2972 2122 3012 velle
2146 2973 2197 3009 vi-

1185 3042 1306 3086 snare,
1331 3054 1406 3078 non
1427 3035 1615 3090 promiscue
1633 3045 1759 3072 omnes
1783 3027 1911 3069 incolas
1927 3025 2013 3062 illius
2033 3023 2201 3065 civitatis,

1185 3092 1244 3133 sed
1254 3092 1404 3132 eruditos
1412 3088 1603 3133 homines,
1620 3096 1771 3137 quorum
1793 3075 1977 3131 gymnasia
1994 3072 2200 3162 obambssila-

2145 3131 2202 3166 at.
