2504 3425
164 162 274 237 696
388 159 460 217 C,
490 113 1649 216 SUET.TRANQ.L1B.V1112T.FLAv.
1678 151 2106 214 D0M1T1ANL

167 262 255 314 ejus
279 271 419 303 coram
442 252 620 308 detrahi,
655 256 698 297 δε
733 248 891 295 ibidem
913 242 1001 288 solo
1024 237 1152 301 affligi
1177 237 1338 297 juberet
1363 256 1373 283 :
1419 240 1640 288 noviffime
1665 243 1888 294 eradendos
1912 249 2068 313 ubique
2087 247 2258 306 titulos,'

168 320 501 382 abolendamque
522 331 694 363 omnem
718 310 964 357 memoriam
987 303 1256 349 decerneret..
1307 305 1425 349 Ante
1453 321 1603 367 paucos
1638 323 1760 368 quam
1787 311 2046 360 occideretur
2077 313 2261 368 menses,

171 387 317 431 cornix
346 386 390 430 in
415 382 629 444 Capitolio
654 377 816 421 elocuta
837 370 920 428 est,
955 370 1043 419 ’έςοιι
1064 365 1205 415 πάντα
1223 373 1370 416 καλῶς.
1437 370 1535 415 Nec
1560 369 1722 427 defuit,
1755 372 1830 434 qui
1851 373 2058 424 ostentum
2074 378 2263 426 sicinter-

173 462 418 512 pretarettlr:

670 506 818 569 Nuper
850 499 1019 565 Tarpejo
1051 515 1128 561 quae
1151 497 1254 557 fidit
1287 500 1456 542 culmine
1489 502 1651 555 cornix,

738 566 812 615 Est
845 565 978 619 bene,
1010 580 1086 607 non
1109 566 1235 627 potuit
1265 564 1394 607 dicere
1417 579 1430 606 :
1466 563 1598 619 dixit,
1635 565 1724 610 erit.

170 637 311 699 Ipsum
333 638 456 683 etiam
481 636 779 683 Domitianum
803 629 944 677 ferunt
961 625 1196 681 somniasse,
1229 625 1403 688 gibbam
1428 626 1503 673 fibi
1527 645 1636 690 pone
1657 629 1862 675 cervicem
1890 644 2054 676 auream
2079 646 2262 679 enatam:

174 718 250 763 pro
283 716 482 764 certoque
515 696 698 745 habuisse
727 733 740 753 ‚
796 695 1024 741 beatiorem
1071 689 1162 753 post
1207 689 1245 735 se
1293 692 1574 754 laetioremque
1610 694 1803 754 portendi
1837 694 2075 755 reipublicae
2107 694 2269 742 statum.

174 766 289 812 Sicut
309 764 403 812 sane
428 765 548 813 brevi
573 764 716 813 evenit
734 758 983 809 abstinentia
1009 761 1052 802 &
1078 754 1365 801 moderatione
1390 755 1698 821 insequentium
1721 759 1981 821 Principum.

284 902 331 911 ---
357 889 474 931 rumpe
491 879 590 928 miser
608 877 738 927 tensum
746 878 844 925 jecur
854 903 865 920 ,
894 884 934 912 ut
952 872 1014 911 tibi
1026 871 1103 921 lasso

286 933 453 979 Fz'gantur
473 931 602 967 virides
614 929 791 978 scalarum
805 926 913 976 gloria
926 954 937 969 ‚
957 924 1086 974 palma.

173 980 281 1018 Scalae
300 980 354 1018 hic
365 981 458 1026 sunt,
489 980 757 1023 aditusdomus,
772 980 885 1024 janua.
914 978 959 1013 ita
970 985 1087 1033 autem
1097 982 1201 1030 vocat

175 1032 379 1075 ἐμφαιτικᾶἴς
391 1032 434 1069 ad
452 1031 678 1069 indicandam
698 1041 879 1067 oratorum
900 1038 1122 1078 pauperiem,
1140 1035 1198 1073 qui

175 1094 279 1119 more
298 1085 462 1120 omnium
483 1084 637 1119 tenuium
662 1086 701 1118 &
722 1078 965 1116 mendicorum
985 1078 1020 1112 in
1036 1086 1197 1133 coenacu-

173 1132 214 1169 lis
236 1133 458 1179 habitabant3
484 1145 519 1169 ut
539 1133 765 1169 habitationes
782 1129 854 1166 suas
873 1127 934 1165 nisi
951 1126 1044 1163 scalis
1058 1135 1195 1178 inti-cire

175 1195 249 1219 non
269 1182 411 1235 possent.
469 1187 550 1219 Erat
567 1194 684 1218 autem
703 1181 811 1218 moris
830 1190 1010 1216 oratorum
1029 1173 1194 1213 &caussi-

172 1233 353 1277 dicorum,
380 1234 562 1273 vidioriam
580 1244 714 1284 partam
732 1232 768 1267 in
785 1229 886 1274 foro,
915 1228 1027 1265 testari
1047 1222 1194 1287 appelnsa

173 1296 239 1333 pro
265 1283 395 1321 foribus
424 1283 550 1334 palma.
608 1284 777 1320 Lucianus
805 1279 962 1327 Ῥητόρων
988 1276 1196 1333 &sacza->tq

176 1332 324 1383 expreffe
351 1346 448 1372 notat
478 1334 566 1372 hanc
595 1332 900 1374 consuetudinem,
926 1342 966 1366 ac
996 1327 1098 1365 fimul
1125 1339 1198 1373 eius

174 1382 291 1427 finem¹
310 1385 466 1424 ostendit.
502 1398 574 1436 quo
589 1384 745 1423 videlicet
757 1383 896 1420 clientes
913 1378 1061 1431 appensa
1082 1377 1197 1429 palma

177 1435 292 1483 plures
311 1437 507 1474 conciliaret
529 1451 539 1474 :
569 1435 644 1485 in‘u
678 1436 706 1471 ἐν
732 1437 807 1474 ταῖς
828 1433 941 1473 δίκαις
965 1431 1196 1479 ἐξετάζομαι,

174 1485 342 1533 moade}
367 1488 410 1524 τοὶ
432 1487 551 1523 πολλοὶ
568 1516 581 1531 ,
614 1486 672 1523 nai
701 1485 764 1526 τές
784 1482 931 1524 Sinas-029
950 1484 1019 1521 τοῖς
1048 1479 1196 1538 οἰνοῆτωξ

174 1537 507 1585 καθυπισχνέμενος·
539 1537 600 1574 καὶ
621 1536 780 1582 &fielium
808 1534 866 1580 μὲν
894 1534 939 1569 ’τοὶ
975 1534 1120 1569 πλεῖς-οι·
1163 1545 1192 1566 οι

176 1587 322 1634 Φοίνικες
338 1587 376 1624 0⁹5*
401 1589 458 1626 ἐπὶ
481 1590 526 1638 τῇ
547 1588 638 1637 θύρᾳ
657 1585 787 1636 χλωροὶ
812 1581 1195 1629 ἔςεφοινωμὲυοι·τέτοις

174 1636 247 1687 Ὑοὶξ
269 1639 328 1676 ἐπὶ
347 1639 410 1680 ’τι-ἒς
424 1637 589 1687 dvc-uzei}
607 1641 751 1688 χρῶμαι
770 1639 839 1678 τοῖς
856 1634 1008 1673 ὃελέοω-ι.
1038 1637 1197 1672 Lucanus

175 1689 210 1725 in
227 1691 443 1742 Panegyrico
462 1691 506 1729 ad
524 1690 709 1729 Pisonem:

505 1766 520 1772 -
547 1765 560 1771 -
589 1765 604 1771 —
631 1742 706 1777 licet
726 1752 874 1776 exercere
894 1748 1006 1788 togata

287 1796 440 1828 Munera
455 1793 601 1829 militia:
627 1792 703 1828 licet
719 1789 772 1833 [5
776 1789 850 1838 fine
856 1789 1035 1838 sanguinis
1053 1786 1175 1834 haustu

289 1843 401 1878 Mitia
417 1843 562 1890 legitimo
572 1841 759 1891 subjudice
775 1841 860 1877 bella
877 1853 1023 1878 movere.

291 1894 382 1928 Hinc
401 1906 528 1942 quoque
536 1893 671 1941 servati
693 1891 855 1940 contingit
871 1890 980 1939 gloria
1001 1891 1103 1935 civis-3

292 1941 449 1992 Altaque
467 1944 607 1979 vlfiores
626 1943 786 1978 intexunt
804 1941 929 1977 limina
947 1941 1076 1990 palma.

181 1987 236 2026 Ad
253 2003 431 2030 oratorum
451 1992 584 2043 palmas
603 1992 717 2029 alludit
731 1990 959 2029 Tertullianus
977 1995 1035 2028 De
1055 1992 1196 2035 anima,

179 2039 224 2076 de
243 2044 382 2080 Socrate
401 2043 568 2094 loquens:
599 2043 700 2080 Nihil
710 2042 932 2087 mirandum,
951 2042 984 2091 fi
1003 2041 1056 2085 Εἴ
1072 2042 1110 2079 in
1125 2055 1200 2079 car-

180 2103 250 2127 cere
266 2092 482 2142 lemniscatas
502 2095 615 2142 Anyti
635 2092 687 2135 ξδ’
708 2091 824 2128 Meliti
836 2093 970 2140 palmas
982 2092 1119 2141 gestiens
1147 2095 1203 2129 in-

170 2141 346 2190 fringere,
376 2145 446 2193 ipsa
464 2155 570 2181 morte
592 2155 702 2181 coram
726 2141 1022 2179 immortalitatem
1042 2144 1199 2179 vindicat

180 2193 311 2231 anima.
347 2206 431 2232 nam
456 2197 492 2232 in
519 2208 556 2232 re
580 2194 687 2234 veteri
706 2191 815 2230 allusit
833 2191 974 2240 scriptor
992 2191 1202 2231 doaiffimus

184 2241 228 2277 ad
250 2256 392 2282 morem
411 2246 457 2283 sui
476 2247 552 2284 aevi.
602 2248 691 2283 Non
718 2244 874 2294 legeram
900 2243 981 2281 alibi
1009 2241 1202 2294 expositum

186 2292 278 2330 hunc
295 2295 469 2339 Juvenalis
492 2297 623 2334 locum.
1092 2306 1095 2308 ·

554 2379 590 2413 V
618 2389 639 2414 Α
668 2389 693 2413 R
722 2386 738 2413 1
764 2387 790 2411 ο
818 2387 858 2412 n.

240 2443 465 2484 21.Lavabat
474 2444 514 2480 de
524 2444 589 2481 die.
601 2442 615 2492 ]
627 2443 832 2481 Balnearum
844 2440 1014 2493 significat
1022 2440 1207 2486 lotionem,

1232 869 1235 876 ’
1253 882 1316 921 per
1334 870 1429 909 diem
1446 871 1565 921 septies
1584 901 1595 915 ,
1634 884 1736 924 atque
1754 874 1863 911 octies
1879 875 1914 910 in
1932 873 2063 912 balneis
2084 874 2264 916 lavaretur„

1253 926 1279 958 E
1296 923 1469 960 contrario
1488 923 1612 973 prisci,
1642 936 1678 962 ut
1710 925 1819 975 inquit
1836 929 1966 963 Seneca
1983 927 2019 963 in
2046 940 2086 964 xx
2099 941 2110 963 ι
2124 942 2152 965 1.
2191 929 2269 978 Epi-

1250 973 1415 1010 stolarum
1430 974 1617 1011 moralium
1637 1004 1648 1019 ,
1686 975 1826 1012 brachia
1848 988 1983 1014 tantum
2005 989 2046 1013 ac
2068 990 2168 1015 crura
2185 992 2270 1028 quo-

1248 1025 1329 1061 tidie
1338 1024 1543 1069 abluebant,
1572 1039 1648 1075 quae
1660 1025 1780 1064 scilicet
1792 1026 1908 1065 sordes
1924 1041 2031 1078 opere
2040 1028 2271 1078 collegerant:

1250 1087 1414 1112 caeterum
1432 1077 1496 1113 toti
1514 1076 1674 1114 nundinis
1692 1077 1906 1116 lavabantur.
1966 1082 2125 1129 Tempus
2151 1091 2268 1117 autem

1249 1123 1385 1163 lavandi
1404 1137 1497 1170 erat,
1528 1138 1565 1163 ut
1583 1126 1687 1164 docet
1703 1129 1880 1167 Vitruvius
1894 1157 1906 1173 ,
1942 1128 2265 1179 postmeridianum„

1247 1179 1488 1213 BERoALDUS.

1303 1239 1360 1264 22.
1382 1227 1448 1274 Ipſse
1465 1225 1680 1274 divelleret.]
1709 1226 1815 1264 scrib.
1835 1228 2025 1267 develleret.
2054 1229 2267 1283 subintellige

1248 1277 1284 1313 in
1304 1276 1434 1314 balneis
1452 1278 1538 1314 inter
1555 1276 1755 1316 lavandum.
1785 1280 1925 1322 GUJET.

1305 1341 1361 1372 23·
1384 1326 1617 1378 Clypeosiqua]
1640 1328 1763 1379 Clypei
1780 1331 2057 1381 erantimagines
2066 1331 2269 1369 virorumil-

1251 1377 1428 1422 lustr-ium,
1457 1392 1533 1428 quae
1554 1377 1843 1428 suspendebantur
1860 1382 1895 1417 in
1912 1381 2069 1432 templis,
2091 1382 2135 1419 de
2150 1382 2274 1434 quibus

1255 1435 1355 1469 Lms.
1384 1429 1428 1467 ad
1440 1433 1489 1468 11.
1516 1429 1640 1468 Annal.
1663 1433 1751 1468 Tac.
1771 1443 1846 1483 cap.
1861 1442 1917 1477 83.
1934 1447 2041 1484 quem
2061 1433 2154 1472 vide.

1573 1512 1947 1548 TORRENT.

1306 1589 1325 1613 2
1331 1592 1362 1622 3.
1386 1577 1488 1616 Abel.
1508 1591 1573 1616 om.
1594 1576 1722 1626 mena]
1750 1577 1858 1616 Multa
1876 1592 1967 1616 nunc
1986 1591 2125 1630 quoque
2141 1583 2270 1621 Romae

1250 1641 1432 1667 marmora
1445 1658 1456 1674 ‚
1486 1631 1522 1666 in
1537 1628 1661 1680 quibus
1678 1628 1813 1667 erasum
1831 1631 2027 1667 Domitiani
2040 1644 2186 1670 nomen.

1556 1711 1961 1749 CASAUBON.

1301 1777 1408 1818 ''Es-m
1432 1780 1548 1817 πάντα
1564 1783 1723 1831 nonme]
1754 1780 1890 1822 Viterb,
1912 1781 2036 1822 vocula
2055 1794 2121 1821 una
2141 1784 2273 1822 auitior

1249 1826 1328 1867 ἐ’ςοιι
1350 1830 1412 1873 ἤδη
1430 1831 1545 1868 πάντα
1562 1833 1691 1873 καλῶς.

1621 1913 1923 1949 VARIOR.

1303 1981 1584 2033 Abolendamque
1607 1994 1738 2018 omnem
1757 1979 1994 2029 memoriam]
2038 1980 2130 2019 Hinc
2152 1980 2273 2020 hodie-

1249 2047 1318 2084 que
1345 2032 1611 2085 Inscriptionum
1639 2032 1834 2070 nostrarum
1861 2045 1950 2082 opus
1976 2031 2128 2082 aliquam
2151 2033 2269 2071 multis

1250 2085 1334 2123 locis
1374 2084 1591 2135 deturpatum
1614 2112 1626 2128 ,
1669 2085 1778 2120 etiam
1813 2096 1833 2119 e
1871 2083 2105 2120 marmoribus
2134 2096 2270 2122 nomen

1251 2138 1343 2181 ejus,
1374 2139 1460 2174 ut&
1478 2137 1651 2178 Neronis,
1680 2134 1895 2184 aliorumque
1911 2134 2063 2183 aliquot,
2092 2133 2271 2183 diligenter

1253 2188 1356 2225 nimis
1373 2186 1534 2224 eradente
1553 2185 1703 2238 populo,
1734 2184 1791 2226 vel
1810 2186 1858 2222 eis
1874 2185 1997 2236 quibus
2014 2184 2049 2221 id
2062 2185 2268 2230 injunctum.

1251 2242 1480 2276 GRUTERUS.

1309 2291 1383 2337 Qi
1408 2289 1567 2335 ostentam
1588 2285 1638 2336 fic
1665 2287 1980 2337 interpretaretur]
2024 2283 2146 2323 Codex
2164 2286 2270 2326 Salm.

1255 2340 1344 2389 quod
1361 2339 1532 2386 ostentum.
1558 2337 1674 2377 forte:
1699 2342 1757 2389 qui
1782 2340 1820 2375 id
1840 2337 1999 2386 ostentum
2015 2336 2056 2381 [ic
2072 2337 2272 2387 interpreta-

1253 2400 1359 2429 retur.
1414 2393 1573 2427 SALMAS.

1309 2438 1611 2485 Portendistatum
1627 2439 1845 2491 respublica]
1875 2439 1966 2481 cod.
1986 2439 2093 2484 Salm,
2115 2438 2273 2492 portendi

183 2507 251 2551 qua
278 2494 506 2535 Commodus
534 2498 732 2548 Imperator
756 2493 846 2532 adeo
874 2491 1136 2537 oblectabatur,
1174 2504 1212 2530 ut
1251 2504 1365 2528 rerum
1376 2490 1507 2538 statum
1519 2489 1663 2539 publica.

859 2593 924 2633 Ἑνὶ
953 2599 986 2631 Θ
1003 2600 1031 2635 ,Ε
1050 2599 1083 2630 Ω
1111 2592 1171 2630 καὶ
1191 2591 1280 2640 μόνῳ
1307 2591 1395 2642 δόξει
1412 2591 1471 2629 καὶ
1496 2575 1609 2640 xciiii-5.

1059 2696 1414 2735 PIle
