2504 3425
58 395 112 438 71

711 148 1671 227 D.JuL1usCAE*sAR.
2171 161 2236 231 83

140 261 213 290 eos
235 260 312 307 pro
339 242 541 291 militibus
558 243 800 306 appellarat,
835 254 919 287 tam
943 239 1067 289 facile
1083 238 1329 299 circumegit
1354 242 1397 283 δε
1420 237 1560 296 flexit,
1607 254 1654 286 ut
1675 238 1716 285 ei
1739 239 1890 288 milites
1914 239 1990 288 esse
2015 239 2241 290 confestim

139 307 448 372 responderint,
484 308 730 371 &quamvis
743 303 995 352 recusantem
1008 306 1118 350 ultro
1144 304 1187 347 in
1214 301 1408 347 Africam
1423 303 1500 349 sint
1514 301 1665 349 secuti:
1701 321 1746 350 ac
1760 305 1811 351 sic
1825 323 1995 368 quoque
2020 305 2241 354 seditiosis-

146 371 293 418 fimum
309 389 523 436 quemque
546 376 591 417 &
615 371 755 434 praedae
777 374 818 416 &
844 372 932 432 agri
960 368 1150 414 destinati
1171 368 1289 411 tertia
1306 381 1414 426 parte
1434 369 1637 415 multavit.
1703 371 1896 415 Studium
1929 375 1971 414 &
2008 370 2109 416 fides
2143 389 2241 434 erga

141 438 312 482 clientes
336 472 349 493 ,
395 455 448 483 ne
471 437 613 497 juveni
640 425 811 498 quidem
846 433 1082 479 defuerunt.
1150 430 1402 476 Masintham
1439 432 1629 478 nobilem
1662 438 1885 493 juvenem,
1922 451 2019 478 cum
2054 433 2262 482 adversus'

142 503 427 563 Hiempsalem
459 518 601 565 regem
634 514 717 546 tam
749 499 869 544 enixe
903 494 1174 549 defendisset,
1210 507 1254 540 ut
1284 492 1405 557 Jubae
1439 498 1546 558 regis
1579 497 1670 542 filio
1703 500 1747 544 in
1780 499 2043 545 altercatione
2065 498 2238 546 barbam

142 565 368 622 invaserit,
423 564 733 626 stipendiarium
770 579 942 625 quoque
988 560 1346 623 pronunciatum,
1405 563 1446 602 ὃ(
1495 560 1822 607 abstrahentibus
1881 561 2015 614 statim
2067 564 2243 624 eripuit,

143 631 450 692 occultavitque
484 629 595 690 apud
628 625 666 672 se
701 628 802 672 diu:
841 631 883 671 δέ
919 643 1017 670 mox
1051 642 1101 669 ex
1135 637 1307 684 praetura
1341 621 1606 683 proficiscens
1641 628 1684 670 in
1705 626 1977 689 Hispaniam,
2011 628 2122 672 inter
2144 625 2246 672 offi-

143 695 205 738 cia
239 692 574 755 prosequentium
598 727 610 746 ,
647 689 853 752 fascesque
888 691 1103 739 hetorum,
1141 687 1286 730 ieetica
1316 684 1383 730 sna
1417 688 1563 732 avexit.
1632 692 1812 736 Amicos
1846 704 1954 736 tanta
1983 691 2146 752 semper
2180 689 2245 737 fa,-

143 759 292 802 cilitate
326 757 668 818 indulgentiaque
694 755 878 798 tractavit
898 788 909 806 ,
958 768 1001 798 ut
1038 753 1092 796 C.
1117 750 1267 810 Oppio
1292 749 1506 794 comitanti
1532 748 1571 794 se
1596 768 1667 813 per
1701 753 1877 800 silvestre
1915 756 1993 800 iter
2026 770 2244 818 correpto-

142 838 225 883 que
250 819 379 866 subita
392 817 652 874 valetudine,
688 822 731 862 &
756 818 800 861 in
821 815 1069 871 diversori0‚
1103 812 1220 876 quod
1246 829 1380 858 unum
1405 829 1514 869 erat,
1552 816 1645 861 loco
1673 816 1852 863 cesserit:
1889 834 1934 863 ac
1960 816 2043 881 ipse
2061 817 2179 865 humi
2194 838 2240 868 ac

472 959 506 992 T
534 970 556 992 o
588 969 612 992 R
641 968 665 991 R
696 965 717 990 E
750 965 773 988 N
807 965 841 990 τ.

199 1012 284 1044 Tam·
295 1006 401 1054 facile
422 1004 650 1056 circumegit.]
708 1003 854 1054 Elegans
879 1002 1052 1046 verbum,
1088 1016 1159 1052 quo

143 1062 179 1094 ὃς
201 1062 328 1095 Seneca
341 1058 414 1094 usus
441 1056 488 1093 est
514 1071 565 1094 11.
598 1053 817 1093 Controvers]
850 1055 914 1090 Ad
930 1052 1158 1096 lmcnova&

143 1109 281 1156 diverfiz
298 1108 438 1155 imperia
448 1106 559 1155 subito
579 1120 632 1144 me
648 1104 832 1153 circumagi
845 1103 927 1152 poff&
939 1112 1053 1152 putas.
1084 1107 1161 1142 Ho-

142 1170 203 1196 rat.
215 1158 272 1196 lib.
294 1173 321 1196 1.
334 1161 399 1196 Sat.
419 1172 467 1196 ix.

619 1230 634 1237 -
662 1205 713 1244 nil
727 1214 802 1255 opus
819 1204 864 1252 est
884 1214 916 1241 te

355 1258 567 1306 Circumagl.

194 1323 252 1356 7¹·
280 1309 545 1357 stipendiarium
564 1304 873 1357 pronunciatum.]
941 1304 1047 1342 Liber
1085 1316 1156 1356 opt.

132 1360 391 1408 pronunciavit.
414 1358 532 1409 placet.
591 1357 656 1394 Sed
672 1358 828 1407 ignorata
847 1356 944 1401 hujus
963 1357 1009 1392 rei
1022 1355 1159 1393 historia

142 1409 261 1447 locum
279 1411 430 1447 Suetonii
448 1409 548 1459 paulo
565 1407 799 1445 difficiliorem
826 1406 948 1443 reddit.
1007 1406 1158 1450 Jubam,

141 1462 198 1509 qui
215 1460 334 1516 postea
357 1472 378 1496 a
402 1460 536 1496 Caesare
557 1457 713 1496 inAfrica
729 1459 839 1496 viCtus
857 1457 922 1500 est,
954 1456 1161 1507 Hiempsalis

141 1510 235 1546 fuisse
247 1509 378 1553 filium,
407 1512 527 1546 austor-
555 1509 602 1546 est
629 1510 726 1545 Dion
758 1508 914 1545 lib.x1.1.
945 1507 1002 1543 ubi
1032 1508 1074 1545 de
1092 1511 1160 1544 Cu-

145 1561 249 1598 rionis
283 1560 376 1596 caede
411 1559 568 1610 loquitur.
627 1558 868 1609 Hiempsalem
897 1569 1024 1599 [autem
1064 1557 1161 1595 illum

145 1613 333 1660 Pompeius
354 1610 494 1648 Sullanis
510 1610 725 1660 temporibus
744 1613 883 1659 Regem
904 1608 1051 1646 instituit.
1091 1610 1160 1646 Au-

145 1663 222 1697 stor
241 1661 406 1697 Plutarch.
429 1663 612 1711 Pompeio.
670 1660 838 1699 Adversus
855 1673 962 1710 quem
983 1671 1062 1696 tunc
1083 1663 1160 1695 Cae-

143 1709 195 1746 sar
220 1709 430 1747 Masintham
459 1710 629 1756 defendit5
664 1724 812 1761 cumque
838 1710 882 1746 ab
903 1710 1099 1748 adversariis
1118 1710 1154 1746 il-

144 1760 218 1797 lum
248 1760 344 1797 aliter
361 1763 446 1797 tueri
461 1774 535 1798 non
559 1759 666 1811 posset
685 1790 696 1804 ,
734 1760 988 1812 stipendiarium
1008 1775 1161 1811 pronun-

144 1811 238 1848 tiavit
259 1826 268 1848 z
308 1823 344 1848 ut
374 1825 436 1862 pro
462 1811 569 1848 milite
601 1811 735 1848 habitus
754 1811 890 1848 militari
914 1814 984 1858 jure
1003 1823 1160 1861 protege-

143 1873 242 1898 retur.
300 1863 404 1900 Aliter
431 1873 550 1899 tamen
567 1861 751 1899 Beroaldus
769 1891 780 1906 ,
820 1875 950 1912 negans
979 1861 1161 1911 stipendia-

142 1912 233 1948 rium
262 1926 325 1962 pro
354 1912 464 1949 milite
498 1914 605 1962 accipi
633 1912 771 1949 debere.
838 1912 904 1948 Sed
928 1911 1159 1956 Masintham,

141 1961 266 1999 Afrum
287 1991 298 2006 ,
340 1962 383 1999 ad
402 1963 585 2000 discrimen
607 1962 754 2000 fortassis
773 1963 1043 2013 legionariorum
1058 1992 1070 2006 ‚
1108 1963 1160 2000 sti-

141 2013 306 2062 pendiarii
324 2015 468 2050 nomine
487 2013 753 2064 comprehendit
773 2015 962 2050 Suetonius.

195 2077 253 2109 72.
283 2068 385 2107 Loco,
414 2064 503 2113 qaod
522 2077 629 2100 unum
647 2065 757 2111 eran]
826 2064 946 2102 Verba
969 2064 1061 2101 male
1091 2064 1161 2101 col-

139 2111 261 2151 locata.
292 2117 392 2166 Lego
412 2115 513 2166 igitur
537 2129 546 2152 ε
577 2120 655 2149 Loco
673 2115 709 2150 in
719 2115 925 2163 diversorio,
955 2116 1160 2164 quadanum

140 2174 234 2208 erat,
264 2164 394 2211 ceffkrit.
431 2177 532 2217 atque
558 2166 602 2201 ita
619 2164 807 2214 legendum
827 2163 906 2210 esse,
938 2179 1011 2202 non
1029 2165 1160 2202 dubita-

142 2211 210 2256 bit,
239 2215 294 2264 qui
313 2213 534 2252 Plutarchum
550 2214 871 2264 idemrstribentem
887 2216 1018 2255 viderit.

197 2264 304 2300 Humi
319 2277 359 2302 ac
368 2266 431 2313 sub
448 2263 567 2313 diva]
626 2267 716 2302 Ante
738 2266 886 2303 cubiculi
903 2297 914 2311 ,
945 2280 1015 2317 quo
1034 2269 1158 2317 Oppio

145 2310 301 2359 cesserat,
326 2313 427 2354 fores.
485 2316 554 2352 Sub
582 2316 664 2352 divo
688 2328 806 2353 autem
836 2331 900 2366 pro
915 2318 979 2366 sab
1000 2318 1054 2353 dio
1073 2317 1161 2354 sem-

146 2375 208 2412 per
228 2364 262 2400 in
287 2368 423 2415 optimis
441 2366 629 2417 quibusque
652 2367 908 2417 exemplaribus
927 2368 1093 2418 scriptum
1113 2369 1161 2406 in·
1186 2371 1189 2414 3

145 2414 272 2451 venias.
304 2419 423 2454 Horat.
445 2417 502 2455 lib.
520 2431 596 2454 111.
618 2417 688 2455 Od.
715 2433 766 2455 11.
1185 2418 1188 2455 l

262 2465 440 2553 Vitanbzque
450 2468 514 2517 sub
533 2468 615 2504 divo
634 2467 687 2512 Εἴ
708 2468 846 2518 trepidis
864 2478 944 2518 agat

258 2521 299 2552 In
320 2529 353 2552 re
375 2529 424 2554 us.

439 2588 471 2622 C
499 2599 521 2623 Α
550 2600 565 2623 s
597 2600 619 2624 A
657 2601 681 2624 u
711 2600 731 2624 B
760 2601 783 2624 o
816 2602 852 2626 N.

198 2649 255 2683 71.
296 2635 456 2673 Studium
483 2635 535 2677 Εἴ
553 2637 638 2683 fides
661 2650 739 2685 erga
765 2637 931 2685 climax}
992 2638 1097 2675 Redit
1122 2639 1165 2676 ad
1189 2637 1191 2645 ’

145 2685 255 2724 civilia
277 2685 385 2722 studia
405 2687 546 2722 Caesaris
566 2701 576 2723 ι
612 2699 696 2722 nam
719 2687 761 2722 ad
791 2699 894 2736 caput
915 2688 1017 2738 usque
1038 2702 1164 2728 Lxxvl.

144 2736 271 2779 docet,
299 2736 483 2786 quomodo
503 2735 603 2772 seille
623 2734 777 2786 gesserit,
807 2750 889 2774 cum
909 2751 988 2790 erga
999 2752 1081 2782 eos,
1110 2742 1167 2790 qui

143 2799 256 2837 partes
273 2785 375 2836 ipsius
395 2788 430 2822 in
448 2800 518 2837 rep.
547 2786 775 2836 sequebantur
797 2802 807 2823 ε
846 2799 922 2825 tum
948 2802 1030 2839 erga
1068 2789 1165 2834 illos,

142 2839 200 2888 qui
217 2836 326 2874 studio
350 2836 489 2875 diversae
508 2839 609 2887 partis
635 2836 863 2874 ducebantur.
920 2841 1042 2891 Capite
1059 2853 1164 2879 κων.

143 2901 226 2925 cum
255 2900 463 2938 proponeret
486 2889 606 2924 austor
621 2916 632 2932 ,
656 2887 689 2924 se
710 2888 881 2925 dietarium
892 2889 935 2926 de
951 2890 1065 2928 studiis
1090 2894 1168 2928 Cae-

144 2937 225 2975 saris
250 2938 398 2977 civilibus
417 2967 428 2981 ,
469 2950 652 2988 utrumque
688 2939 892 2988 complexus
914 2939 985 2986 est,
1034 2944 1072 2979 δε
1099 2941 1170 2978 elo-

145 2990 295 3040 quentiae
312 2989 444 3033 studia,
461 2988 505 3025 de
523 2989 645 3039 quibus
665 2988 745 3025 dixit
756 3001 854 3032 ante;
885 2992 1026 3036 &haec‚
1047 2991 1089 3028 de
1098 2993 1170 3042 qui-

147 3038 211 3076 bus
231 3053 321 3076 nunc
338 3053 440 3089 agere
462 3039 611 3077 instituit.
671 3044 713 3077 In
734 3054 805 3090 quo
825 3043 969 3084 Graecos
993 3042 1040 3079 est
1058 3044 1171 3079 imita-

147 3100 220 3136 tur,
252 3089 342 3143 apud
366 3103 455 3143 quos
481 3088 642 3138 πολιτική
673 3103 856 3142 utrumque
885 3092 952 3132 hoc
981 3092 1172 3149 studio-rum

1190 1113 1193 1130 J
1217 1095 1377 1135 stotelern
1397 1113 1533 1139 norunt.

2160 882 2240 932 sub

1218 956 1328 1001 genus
1349 949 1590 999 complec‘litur
1611 967 1619 988 :
1660 955 1797 1003 ponitur
1825 956 1918 991 enim
1938 959 1974 991 δε
1995 966 2057 1005 pro
2078 955 2240 1005 eloquen-

1218 1006 1264 1031 tia
1284 1008 1383 1046 atque
1403 1003 1556 1037 oratoria
1574 1015 1669 1045 arte,
1710 1008 1745 1040 δ(
1767 1019 1828 1056 pro
1852 1007 1984 1042 ratione
2005 1006 2242 1044 administram<

1218 1044 1271 1081 da:
1290 1049 1433 1097 publica:
1453 1052 1510 1087 rei.
1571 1056 1651 1090 Hoc
1669 1067 1813 1099 norunt,
1842 1058 1899 1106 qui
1917 1056 2099 1093 Platonem
2118 1061 2155 1094 ὃ(
2167 1058 2241 1096 Ari-

1267 1150 1532 1196 Stipendiarizmz
1551 1166 1679 1203 quoque
1689 1155 1989 1203 pronuntiatum]
2021 1161 2072 1194 Ita
2093 1160 2242 1196 omnino

1216 1196 1424 1247 legendum:
1453 1215 1516 1238 nec
1536 1205 1632 1240 aliter
1651 1205 1726 1241 libri
1737 1217 1819 1243 vett.
1837 1205 2014 1245 Mafintlia
2025 1207 2082 1244 iste
2094 1237 2105 1252 ‚
2136 1222 2242 1258 quem

1215 1261 1319 1286 vocat
1338 1254 1515 1289 Suetonius
1533 1254 1691 1291 nobilem
1714 1258 1880 1302 juvenem
1900 1287 1910 1301 ,
1952 1258 2084 1296 videtur
2110 1257 2204 1295 fuisse
2223 1273 2243 1297 e

1214 1298 1314 1350 stirpe
1343 1303 1436 1352 regia
1471 1315 1563 1340 ortus
1594 1307 1691 1342 unius
1726 1307 1867 1353 alicujus
1899 1322 2027 1345 eorum
2047 1307 2171 1346 Afi-icae
2190 1323 2241 1346 re-

1213 1362 1299 1398 gum
1311 1380 1322 1394 ,
1349 1355 1405 1402 qui
1423 1354 1459 1389 in
1474 1352 1586 1390 Africa
1598 1384 1609 1398 ‚
1639 1356 1732 1406 quod
1745 1361 1919 1396 Romanis
1936 1359 2143 1403 restitissent,
2166 1374 2241 1411 per-

1215 1401 1284 1436 iere
1311 1402 1432 1440 amisso
1467 1418 1587 1455 regno.
1658 1411 1760 1444 Hunc
1788 1411 1913 1447 veteris
1943 1410 2129 1461 splendoris
2167 1425 2242 1448 um-

1216 1449 1316 1488 bram
1338 1453 1453 1503 aliquo
1477 1455 1588 1492 modo
1608 1459 1813 1495 retinentem
1836 1460 1983 1511 pendere
2005 1459 2241 1512 fibistipendia

1216 1503 1394 1554 Hiempsal
1418 1505 1553 1554 pridem
1574 1519 1593 1541 a
1614 1522 1697 1558 pop.
1720 1513 1829 1547 Rom.
1860 1525 1918 1547 rex
1938 1511 2116 1555 salutatus,
2147 1512 2242 1549 adni-

1215 1563 1308 1588 tente
1331 1554 1417 1603 Sylla
1431 1585 1442 1598 ,
1476 1556 1626 1602 jubebat.
1685 1563 1740 1595 Re
1761 1560 1804 1596 ad
1825 1560 1981 1598 senatum
2002 1561 2135 1605 delata,
2166 1566 2242 1599 Ma-

1216 1601 1327 1639 sintha
1345 1608 1506 1642 Romam
1520 1609 1636 1645 venit:
1657 1611 1835 1661 Hiempsal
1855 1610 1965 1649 filium
1983 1612 2113 1656 Jubam
2125 1615 2239 1652 mittit.

1215 1654 1269 1689 lbi
1289 1668 1416 1704 magna
1437 1659 1660 1696 contentione
1683 1662 1878 1705 astumest‚
1909 1661 2024 1701 divisis
2043 1664 2243 1702 senatorum

1214 1703 1339 1743 studiis.
1400 1709 1491 1744 Vicit
1521 1709 1662 1747 tandem
1681 1711 1797 1754 Juba:
1830 1716 1867 1749 δ(
1895 1712 2068 1751 Masintha
2088 1728 2242 1764 pronun-

1215 1756 1313 1791 tiatus
1331 1756 1430 1800 Jubte
1455 1758 1708 1809 stipendiarius,
1735 1761 1884 1799 multum
1904 1765 2070 1801 retinente
2083 1764 2217 1802 Caesare
2229 1796 2240 1811 ,

1216 1808 1312 1851 cujus
1329 1806 1478 1843 studium
1497 1812 1532 1845 in
1553 1809 1775 1849 defendendo
1794 1812 1969 1850 Masintha
1987 1816 2040 1851 hic
2061 1818 2241 1854 Suetonius

1217 1869 1490 1896 commemorat.
1559 1864 1612 1897 Ita
1656 1862 1745 1898 lnmc
1783 1864 1901 1901 locum
1946 1866 2242 1917 interpretandum

1217 1907 1394 1944 censemus
1417 1924 1425 1945 :
1464 1923 1527 1945 nec
1550 1910 1748 1949 dubitamus
1764 1912 1833 1949 falli
1856 1917 2055 1966 interpretes
2082 1918 2117 1953 in
2140 1919 2241 1955 totius

1218 1956 1316 2003 hujus
1335 1958 1478 1995 historia·
1503 1961 1754 2012 explicatione3
1781 1967 1939 2002 maxime
1968 1980 2049 2010 eos,
2081 1968 2139 2018 qui
2158 1982 2241 2006 con-

1216 2019 1266 2044 tra
1284 2008 1449 2045 librorum
1469 2014 1631 2048 omnium
1650 2014 1854 2051 consensum
1867 2028 1984 2066 putant
2016 2018 2114 2055 scribi
2137 2018 2241 2055 debe„

1218 2072 1253 2095 re
1288 2061 1543 2107 pronuntiavit.
1602 2065 1715 2101 Etiam
1744 2067 1765 2101 ii
1791 2064 1949 2103 falluntur
1968 2096 1980 2112 ‚
2029 2070 2087 2119 qui
2112 2068 2238 2107 Masin-

1218 2109 1315 2145 tham
1337 2108 1400 2146 effe
1427 2124 1543 2161 putant
1563 2116 1767 2165 Oxyntham
1782 2118 1958 2167 Jugurthae
1978 2117 2027 2156 fil.
2055 2121 2148 2166 cuius
2168 2133 2240 2157 me⁴

1218 2161 1319 2196 minit
1336 2163 1520 2211 Appianus.
1582 2167 1613 2200 Is
1641 2179 1723 2201 cum
1750 2179 1843 2217 patre
1870 2181 1985 2219 captus
2006 2171 2093 2206 circa
2109 2184 2241 2208 annum

1218 2211 1259 2247 A.
1272 2214 1314 2247 U.
1328 2214 1368 2248 C.
1386 2225 1520 2250 Dextri
1535 2228 1544 2249 1
1560 2229 1586 2250 1.
1609 2215 1680 2251 liaec
1698 2215 1805 2254 caussa
1818 2221 1947 2255 Romae
1968 2219 2148 2271 disceptata
2158 2234 2241 2271 prae-

1219 2272 1292 2296 tore
1310 2262 1444 2298 catate
1466 2293 1480 2317 ²,
1521 2276 1615 2301 anno
1639 2267 1713 2316 post
1732 2281 1797 2304 xm
1812 2283 1838 2305 1.
1858 2270 2055 2317 Quomodo
2072 2272 2174 2321 igitur
2193 2274 2243 2319 ju-

1217 2314 1313 2349 venis
1332 2324 1406 2361 tuns.
1427 2314 1491 2350 esse
1513 2317 1642 2364 potuit,
1669 2329 1705 2354 ut
1727 2321 1906 2356 Suetonius
1926 2334 2007 2357 eum
2025 2334 2140 2360 vocat.

1273 2370 1365 2398 mter
1383 2364 1488 2410 alja-ia
1506 2367 1813 2417 prosequentium]
1844 2374 1885 2406 In
1904 2371 2004 2408 turba
2021 2373 2241 2417 amicorum,

1217 2413 1259 2449 ad
1277 2413 1456 2450 salutarem
1478 2428 1615 2464 portam
1645 2421 1950 2465 convenientium,
1990 2423 2049 2459 ubi
2074 2436 2115 2460 ex
2140 2438 2244 2461 more

1218 2463 1421 2500 salutabatur
1438 2466 1464 2500 is
1481 2493 1492 2507 ‚
1527 2468 1584 2516 qui
1623 2468 1658 2504 in
1693 2472 1910 2519 provinciam
1945 2485 2157 2523 propraetore
2187 2488 2245 2513 aut

1220 2515 1422 2565 proconsule
1442 2515 1564 2553 exibat.
1623 2518 1735 2556 Festus
1751 2523 1951 2572 Pompeius.

1277 2579 1334 2611 72.
1363 2571 1408 2601 Et
1425 2567 1461 2601 in
1475 2567 1656 2614 diversbrlo
1674 2568 1738 2605 loco
1748 2599 1759 2613 ‚
1771 2575 1858 2619 quod
1873 2587 1980 2610 unum
1991 2585 2084 2617 erat,
2094 2574 2245 2624 ceffirlt]

1222 2616 1521 2662 Traiectionibus,
1551 2629 1636 2666 quas
1658 2632 1808 2664 vocant,
1841 2622 2001 2659 delectari
2019 2627 2244 2669 Suetonium,

1220 2667 1300 2702 alibi
1317 2679 1480 2703 notamus
1501 2681 1511 2703 ε
1548 2681 1672 2705 verum
1693 2670 1752 2706 ista
1770 2670 1873 2708 lectio
1892 2672 2030 2710 defendi
2048 2687 2088 2710 ea
2111 2677 2245 2712 ratione

1222 2731 1298 2754 non
1320 2715 1439 2768 potest.
1471 2721 1513 2753 ln
1533 2717 1684 2755 editione
1695 2721 1789 2758 Rob.
1802 2723 1965 2774 Stephani
1984 2723 2084 2775 plana
2102 2728 2247 2764 omnia:

1223 2769 1260 2804 in
1285 2767 1466 2815 dzversorio
1485 2796 1496 2811 ,
1537 2770 1625 2816 quod
1655 2783 1762 2807 mmm
1786 2784 1862 2809 erat
1881 2803 1893 2817 ,
1934 2774 1998 2810 loco
2019 2776 2150 2824 ceſjerit.
2190 2777 2248 2814 sed

1223 2819 1352 2855 mirum
1369 2819 1403 2853 in
1421 2818 1585 2857 omnibus
1611 2818 1681 2856 fere
1701 2822 1792 2858 libris
1810 2823 1905 2861 aliter
1922 2825 1999 2875 legi.
2035 2826 2155 2863 Viterb
2167 2856 2174 2863 .
2200 2827 2245 2864 τοὶ

1225 2867 1277 2911 [5
1297 2869 1334 2903 in
1354 2868 1560 2905 nonhabet.
1581 2868 1717 2909 fortasse
1738 2885 1783 2910 an
1803 2902 1815 2918 ,
1861 2876 2073 2924 diversariolo
2095 2906 2108 2923 ,
2159 2879 2247 2927 quad

1225 2932 1332 2955 unum
1353 2928 1427 2955 erat
1438 2946 1455 2963 ,Α
1480 2920 1611 2970 ceſjkrit.

1589 2995 1626 3030 V
1652 3005 1674 3029 A
1700 3007 1724 3030 R
1755 3006 1770 3032 1
1797 3009 1820 3032 o
1850 3008 1887 3034 R.

1227 3091 1245 3128 b
1283 3041 1473 3130 72.Gfiuod
1492 3053 1597 3081 unum
1616 3043 1727 3093 erat.]
1769 3049 1890 3091 Forte,
1919 3046 2007 3096 quod
2022 3060 2130 3084 unum
2151 3047 2251 3084 habe-

1248 3101 1299 3130 at.
1359 3095 1450 3130 ὀη

1621 3147 1705 3183 Lz
2099 3128 2265 3186 ΤυιὶᾸ
