2504 3425
588 140 882 197 NERO
960 143 1529 200 CLAUDiUs

223 236 270 283 T
263 233 409 279 raherei
438 232 613 279 tandem.
680 234 865 280 Alterius
897 235 1007 281 collo
1036 239 1079 280 δι
1111 232 1299 296 ascopera
1333 236 1530 300 deligata,
1566 237 1768 304 simulque
1801 246 1969 301 titulus,

1608 148 1988 206 Cassi-tiz.

2203 175 2266 230 55
2287 181 2306 215 1

2003 251 2090 310 Ego
2121 252 2218 310 quid
2242 267 2319 317 po-

223 295 316 346 tui?
341 298 413 359 sed
446 311 487 343 tu
517 299 668 344 culeum
699 299 883 351 meruisti.
948 296 1216 361 Adscripturn
1250 302 1293 345 δε
1327 301 1559 362 columnis,
1596 308 1731 352 Etiam
1766 310 1905 354 Gallos
1922 327 2007 355 enm
2027 314 2222 357 cantando
2244 332 2317 358 exa

215 433 396 483 firiptione
411 438 521 470 Graeca
530 457 543 478 ,
574 438 676 470 Nunc
691 434 829 471 demum
846 446 952 483 agona
965 432 1040 482 effi3
1059 431 1111 476 Εἴ
1124 461 1135 476 ,
1151 436 1237 468 Tm-

221 483 317 520 heret
333 482 512 532 tandem]
553 485 703 521 Currum
721 484 870 533 intellige
888 512 900 527 ‚
926 482 1146 520 simulacrum
1166 494 1239 533 par·

222 547 309 571 vum
326 547 451 571 eorum
475 547 655 578 curruum,
685 535 807 584 quibus
829 531 1025 571 insistebant
1048 534 1239 583 aurigantes

222 584 258 620 in
274 586 387 621 Circo.
418 595 457 620 ac
472 584 603 624 videtur
619 597 693 621 non
708 584 792 621 alius
813 597 928 621 currus
941 583 1110 640 'appensus
1119 580 1212 620 fuisse
1225 609 1236 625 ,
1291 600 1403 646 deret,
1431 616 1472 639 m

221 646 330 684 quam
361 634 482 684 quibus
512 633 675 672 ludebant
701 634 737 671 in
764 634 877 671 abaco
904 633 947 670 ad
974 633 1231 670 similitudinem

221 683 440 723 Circensium
458 713 473 728 ,
513 696 549 721 ut
568 696 648 721 ante
674 683 817 721 dictum.
861 685 907 720 ita
934 681 999 720 effe
1024 683 1233 731 legendum,

219 747 294 772 non
312 749 430 773 currus
442 764 455 779 ,
484 734 581 785 super
603 735 842 772 auetoritatem
852 745 932 770 Mss.
951 732 1169 775 nostrorum,
1197 733 1233 768 in
1286 768 1288 771 ,

218 785 341 835 quibus
358 785 522 823 omnibus
546 813 557 828 ,
592 786 697 820 etiam
712 784 932 820 Memmiano
947 811 959 826 ,
989 781 1036 819 sic
1062 782 1206 819 habetur
1221 810 1233 825 ‚

217 835 394 874 declarant
406 836 580 886 sequentes
589 832 819 882 inscriptiones
827 831 948 879 Bima-up
955 831 1059 868 ιικοιί.
1087 845 1233 882 quarum

215 887 309 936 prior
325 890 447 924 Graeca
463 913 474 928 ,
515 895 551 922 ut
570 885 616 920 ait
638 884 817 919 Suetonius
836 911 848 926 ‚
884 882 1146 920 aci-oteleutium
1171 880 1232 918 fuit

214 936 336 973 senarii
357 936 475 985 tragici
495 948 505 970 ι
540 933 607 969 hoc
623 932 735 969 modo
753 961 766 976 ,
800 936 866 968 Νῦν
885 931 958 980 γὰρ
979 932 1030 970 ἶς’
1050 930 1156 974 ἁγών.
1195 943 1231 968 ut

213 987 304 1036 apud
323 985 588 1046 Aristophanem
610 983 646 1020 in
666 984 777 1026 Pace,
795 981 936 1030 ’Ώνὸρες
956 983 989 1018 τὶ
1011 980 1229 1026 πεισόμεσθα

209 1037 256 1073 ν’ῦν
282 1036 376 1078 ἀγὼν
403 1049 532 1080 μεγας.
574 1044 716 1084 apparet
740 1032 955 1082 proverbiale
979 1031 1110 1070 dietum
1138 1031 1229 1077 esse,

209 1087 345 1136 quoties
365 1085 409 1122 ad
432 1096 611 1122 certamen
637 1083 777 1133 aliquod
805 1083 838 1121 se
865 1094 1116 1134 compararent.
1176 1085 1228 1120 Sic

210 1136 302 1187 apud
318 1133 609 1186 elegantiffimum
625 1133 824 1184 scriptorem
844 1162 856 1178 ‚
896 1134 1077 1171 Chariclea
1103 1145 1227 1183 parans

209 1186 244 1224 se
260 1187 304 1224 ad
322 1185 511 1237 periculum
532 1184 749 1223 subeundem
769 1183 871 1221 status
891 1186 928 1220 &
945 1185 1045 1229 vitae‚
1080 1184 1225 1223 πλησίον

209 1236 225 1273 ὅ
245 1238 361 1282 ἀγὼν,
386 1237 493 1286 inquit
509 1236 552 1273 ad
572 1235 805 1285 Tlieagenem
821 1234 942 1277 suum,
970 1235 1028 1273 lib.
1046 1249 1078 1273 x.
1108 1235 1225 1272 Simile

206 1286 289 1326 illud
304 1290 340 1326 in
358 1287 480 1325 Oreste
495 1285 674 1336 Euripidea
692 1314 704 1329 ,
731 1286 788 1333 ἐχ
807 1283 907 1332 ἕδραις
925 1284 1029 1328 «ἐγών.
1090 1289 1223 1323 Teren-

206 1338 271 1376 tius
291 1353 301 1376 :
345 1345 423 1375 Non
449 1336 491 1384 est
517 1345 592 1385 opus
604 1335 746 1384 prolato.
794 1335 882 1372 Tale
903 1338 940 1372 ὃς
957 1335 1038 1372 illud
1056 1335 1145 1387 apud
1164 1341 1223 1374 So-

205 1389 374 1437 phoclem
390 1388 447 1434 ἐχ
468 1385 562 1430 ’ἔδρας
578 1383 684 1430 ἀκμή.
741 1385 983 1436 Bacchylides,
1012 1387 1104 1434 Ὀυχ
1124 1384 1223 1435 ἕδραις

212 1437 307 1486 ’ἔργον
339 1438 398 1477 εἶδ’
432 1435 606 1481 ἀμξολόἱς.
666 1435 838 1485 AEschylus
866 1437 902 1472 in
931 1436 1221 1486 Agamemnone:

205 1487 241 1523 τὶ
252 1488 307 1532 5427*
325 1488 466 1532 μέλλειν
488 1485 520 1522 δ’
540 1484 648 1529 ἀκμή.
705 1487 820 1522 Altera
840 1485 1010 1535 inscriptio
1026 1486 1109 1530 fuit,
1137 1492 1222 1523 Tra—

202 1533 245 1574 h'e
270 1540 419 1576 tandem.
450 1548 507 1574 aut
522 1539 639 1574 Graeca
657 1532 813 1580 fortasse,
843 1539 909 1572 Νῦν
924 1534 978 1571 δεῖ
996 1536 1224 1581 ἐλοιόνειν,νο1

205 1588 327 1626 ἕλκειν.
386 1592 512 1638 Neque
530 1588 624 1624 enim
644 1586 676 1623 id
694 1585 868 1634 ὃιιιρῤἦδην
879 1587 1096 1636 Tranquillus
1105 1600 1220 1638 negat.

203 1642 289 1675 Utra
313 1651 387 1676 utra
407 1639 521 1687 lingua
538 1636 638 1673 fuerit
651 1648 819 1686 concepta
834 1665 846 1680 ‚
873 1647 1005 1673 certum
1022 1636 1069 1673 est
1084 1639 1221 1676 trahere

203 1689 259 1726 vel
284 1689 391 1725 ἕλκειν
421 1689 466 1725 ad
489 1687 745 1735 aurigationem
774 1684 838 1724 effe
864 1686 1095 1726 referendum.
1155 1692 1223 1726 Or-

202 1739 313 1787 pheus
330 1740 364 1777 iii
382 1738 612 1789 thymiamate
629 1737 739 1781 Solis,

309 1814 525 1864 Χρυσολύρη,
545 1816 663 1861 κόσμει
683 1815 732 1853 τὸν
751 1815 928 1865 ἕναρμόνιον
946 1814 1064 1865 δρέμον
1076 1816 1192 1857 ἕλκων.

198 1897 258 1937 fied
275 1898 406 1936 videtur
421 1897 570 1936 verbum
581 1897 718 1935 trahere
730 1897 858 1948 aliquid
868 1897 1072 1944 βλάπφημον
1085 1904 1122 1937 &
1142 1902 1219 1939 ino·

197 1951 372 1987 minatum
392 1949 539 1993 habere,
567 1960 602 1986 ut
619 1961 700 1985 cum
718 1948 800 1985 dixit
810 1962 874 1999 cap
896 1962 956 1986 xxi
972 1964 999 1987 1.
1027 1950 1103 1987 libri
1118 1951 1217 1999 hujus

198 2003 351 2037 trabium
373 1998 548 2048 prafinum
563 2028 574 2042 ,
618 2002 656 2036 δε
677 1999 766 2049 apud
787 1999 933 2036 Plinium
958 2000 1046 2038 libro
1063 2015 1214 2040 xxviii.

198 2063 273 2101 cap.
294 2063 399 2087 xvii.
453 2051 604 2098 uadrigis
624 2050 765 2097 agendii
782 2053 925 2093 trachis,
956 2061 1076 2088 rota-ve
1095 2052 1215 2089 vulne-

197 2111 300 2138 ratos.
327 2100 408 2137 ideo
424 2063 586 2151 sqcriptum
606 2100 718 2148 potius
737 2099 779 2136 ab
796 2099 864 2136 istis
883 2100 994 2137 Trahe
1013 2114 1121 2151 quam
1140 2104 1214 2153 Age

196 2151 251 2191 vel
271 2152 383 2201 agita:
411 2161 468 2187 aut
491 2150 569 2186 ἕλκε
587 2150 698 2200 potius
713 2162 820 2200 quam
839 2149 969 2187 ἔλαυνε.
1000 2150 1060 2188 etss
1073 2165 1113 2190 ea
1131 2167 1217 2203 quo-

196 2214 264 2252 que
292 2215 362 2240 vox
379 2200 503 2250 aliquid
527 2201 700 2238 interdum
723 2200 826 2236 sonat-
851 2200 1004 2238 ominoii
1022 2230 1034 2246 ‚
1080 2215 1116 2240 ut
1133 2217 1213 2241 curn

198 2253 379 2300 Diogenes
400 2252 555 2288 Laertius
574 2252 619 2287 ait
636 2279 649 2294 ,
676 2252 931 2302 epigrammate
948 2253 983 2288 in
1000 2251 1213 2304 Stilponem,

199 2302 286 2339 πιὼν
303 2300 377 2349 νὰς
397 2301 524 2342 &zoio-ef
548 2301 582 2338 id
607 2301 681 2345 est,
708 2302 816 2345 obiit,
855 2302 960 2352 periit.
1022 2307 1074 2340 Ita
1095 2316 1212 2342 autem

202 2352 464 2400 interpretamur
484 2352 574 2388 hunc
591 2352 708 2388 locum
730 2367 739 2389 z
774 2364 837 2388 nec
864 2365 1047 2390 moramur
1066 2353 1148 2392 alias
1165 2355 1216 2392 di-

200 2401 317 2440 versas
331 2400 548 2450 scriptiones,
576 2414 659 2451 quas
675 2406 711 2438 &
736 2414 815 2438 ante
832 2415 895 2439 nos
915 2402 967 2438 alii
986 2416 1216 2450 annotarunt,

201 2456 240 2489 ὃ(
253 2465 317 2489 nos
331 2448 551 2487 offendimus.
582 2464 665 2487 nam
674 2451 781 2487 cirrus
792 2452 934 2489 habetur
944 2455 978 2489 in
990 2456 1095 2491 veteri
1105 2459 1214 2494 Rom.

204 2502 282 2539 cod.
305 2513 369 2550 pro
384 2514 512 2538 currus.
538 2504 574 2536 ὅ(
593 2502 628 2538 in
650 2501 783 2538 Viterb.
799 2503 950 2538 traderet
973 2516 1036 2553 pro
1054 2505 1216 2543 traheret.

206 2554 253 2590 At
278 2551 404 2588 Pithoei
429 2550 608 2600 Lissaeique
633 2554 669 2586 ὃ(
695 2551 885 2587 editionum
905 2564 1062 2589 veterum
1083 2557 1217 2604 optima

204 2602 399 2654 quaequein
415 2613 455 2636 ea
472 2600 642 2643 leffione,
668 2613 774 2650 quain
791 2601 1059 2650 amplestimur,
1078 2605 1220 2641 consen-

206 2655 303 2692 tiunt.
361 2651 508 2688 Raderet
528 2650 606 2687 sane
619 2678 630 2694 ,
652 2650 747 2701 quod
764 2650 855 2688 adeo
875 2653 1042 2689 Tui-nebo
1071 2654 1220 2702 placuit,

204 2702 372 2753 nusquam
397 2701 558 2750 scriptum
576 2701 639 2737 est.·
690 2702 767 2739 Scio
788 2712 909 2738 tamen
923 2704 1220 2741 PetruinFabrum

207 2755 259 2791 ’τὸν
278 2753 468 2796 πολυμαθῆ
483 2752 517 2787 in
528 2750 727 2801 Agonistico
746 2752 806 2789 suo
824 2752 904 2790 illud
914 2753 1069 2790 Turnebi
1085 2756 1218 2791 raderet

209 2805 329 2842 acriter
351 2801 536 2838 defendere
554 2816 564 2838 ε
604 2801 661 2838 sed
681 2814 785 2851 quam
803 2813 880 2838 toto
898 2802 955 2839 illo
969 2805 1081 2853 capite
1098 2804 1224 2841 doctis--

211 2855 319 2892 fimus
335 2854 386 2890 vir
405 2850 537 2889 fallatur
555 2881 567 2896 ,
604 2863 685 2889 cum
709 2853 743 2889 in
768 2852 972 2903 explicandis
989 2854 1155 2890 Plutarchi
1183 2859 1224 2892 &-

210 2903 388 2942 Theocriti
406 2901 488 2939 locis
505 2932 516 2945 ,
564 2914 638 2940 tum
666 2904 769 2940 etiam
788 2904 822 2939 in
840 2902 902 2940 isto
919 2931 930 2947 ‚
966 2904 1034 2940 alio
1062 2905 1094 2940 in
1116 2918 1221 2955 opere

212 2955 437 3006 disputamus.⁴
487 2955 537 2989 Ac
556 2953 642 2990 mihi
660 2954 802 3003 quidem
824 2951 869 2992 sic
896 2953 1025 2995 videtur
1039 2969 1054 2993 ε>
1077 2970 1111 2991 τε
1133 2956 1163 2994 δ’
1183 2952 1220 2994 ἕο

212 3006 332 3043 νικάτω
349 3032 369 3049 ,,
385 3014 421 3042 ut
446 3005 594 3054 tragicus
612 3004 657 3041 ait
677 3015 790 3056 poeta,

702 3113 740 3149 μυ
756 3124 760 3133 2

2176 381 2314 438 cilcffi.

1645 443 1681 478 V
1712 455 1732 478 A
1760 455 1784 480 R
1815 456 1829 481 ι
1859 459 1882 482 t>
1909 456 1948 482 a.

1346 516 1405 548 45.
1435 509 1599 544 Omnium
1621 509 1657 545 in
1676 511 1712 558 se
1739 513 1811 548 odio
1834 515 2036 562 concitata]
2081 515 2188 554 Salm.
2215 518 2305 557 Coti„

1290 553 1441 591 incitato.
1473 559 1576 640 dMox
1593 560 1687 597 idem
1705 562 1831 607 cirrus,
1860 576 1924 614 pro
1939 577 2057 602 currus
2069 594 2081 610 ,
2105 570 2143 604 &
2159 579 2222 617 pro
2235 579 2307 606 tma

1498 619 1576 646 eret·

1612 712 1976 755 ToRaEN‘r.

1339 799 1505 850 Astapera
1520 805 1706 864 deligam]
1741 811 1835 848 Libri
1859 813 1963 851 nostri
1994 829 2073 854 MSS.
2101 816 2241 866 ascopa,
2260 822 2298 855 δ’,

1283 846 1410 905 eswl'a,
1439 865 1523 912 unus
1545 868 1650 893 etiam
1669 858 1720 901 Εἴ
1729 860 1839 908 scopa.
1895 865 2094 910 Politianus,
2125 882 2230 917 quem
2253 869 2300 905 se-

1284 909 1350 933 cuti
1385 901 1460 938 sunt
1496 916 1698 955 interpretes
1723 937 1734 952 ‚
1781 912 1910 960 primus
1944 915 2091 962 ascopera
2124 917 2296 955 substituit.

1284 950 1467 989 Turnebus
1491 954 1623 1003 ascoma
1638 957 1753 1007 legere
1770 961 1900 999 mavult
1915 990 1925 1003 ‚
1962 964 2055 1012 quod
2080 979 2160 1002 cum
2186 970 2296 1004 Gracci

1282 1009 1406 1059 neutro
1430 1016 1558 1052 genere
1588 1007 1792 1056 proferant,
1839 1012 1950 1048 Latini
1984 1014 2089 1050 etiam
2126 1015 2296 1053 feminino

1283 1060 1475 1113 enuncient.
1513 1059 1657 1114 ‘Verum
1673 1059 1767 1109 apud
1782 1075 1871 1110 quos
1885 1063 2041 1100 auctores
2059 1064 2092 1100 id
2111 1065 2296 1109 invenerit,

1283 1111 1354 1158 non
1376 1115 1544 1154 exprimit.
1602 1109 1767 1157 Ascopera
1788 1112 1890 1161 igitur
1914 1113 2046 1150 retineo
2063 1143 2074 1157 ,
2115 1128 2178 1163 pro
2206 1123 2295 1152 inat*-

1279 1147 1397 1210 supio3
1425 1166 1460 1212 ut
1476 1157 1580 1194 etiarn
1597 1159 1717 1196 Suidas
1736 1163 1876 1211 exponit
1894 1191 1905 1206 ,
1934 1163 2054 1214 &ipsa
2074 1166 2225 1202 nominis
2244 1179 2296 1202 ra-

1281 1211 1329 1237 tio
1343 1202 1469 1252 aliquid
1490 1204 1598 1244 {imile
1617 1209 1729 1246 culleo
1746 1210 1810 1248 esse
1833 1212 1991 1251 ostendit.
2047 1215 2196 1262 Ascoma
2225 1230 2295 1253 cer-

1278 1262 1312 1288 te
1327 1281 1339 1310 ,
1365 1254 1460 1303 quod
1482 1255 1596 1294 lorum
1619 1273 1720 1296 rento
1745 1260 1940 1312 appositum
1962 1261 2029 1300 esse
2056 1267 2101 1301 ait
2128 1267 2293 1315 interpres:

1278 1302 1535 1359 Aristophanis„
1555 1309 1733 1359 proposito
1751 1312 1869 1349 nostro
1886 1326 1958 1351 non
1975 1316 2149 1353 convenit.
2204 1318 2294 1354 Dio-

1278 1365 1329 1410 nis
1350 1367 1531 1405 corruptor
1557 1361 1717 1409 Xiphilin.
1746 1362 1874 1406 μολγὶν
1903 1377 2030 1408 vocat,
2077 1363 2123 1402 sic
2143 1365 2291 1404 culleum

1276 1414 1512 1461 interpretans.
1571 1413 1689 1447 Graeca
1708 1425 1796 1450 voce
1816 1412 1890 1450 usus
1913 1414 1961 1450 est
1978 1419 2118 1453 Sueton.
2146 1417 2224 1465 quia
2240 1419 2295 1453 ni-

1277 1466 1406 1492 mirum
1431 1469 1468 1494 ut
1493 1459 1606 1508 paullo
1631 1472 1710 1498 ante
1739 1475 1882 1508 currus,
1926 1463 1972 1501 fic
1999 1465 2124 1503 culleus
2155 1479 2293 1518 quoque

1276 1506 1436 1543 Graecum
1451 1508 1584 1547 titulum
1608 1511 1768 1561 praetulit.>

1327 1559 1393 1604 Ego
1415 1560 1501 1606 quid
1514 1561 1660 1610 potui?]
1691 1563 1745 1599 Sic
1762 1564 1901 1613 quidem
1919 1564 1993 1602 libri
2015 1566 2120 1604 nostri
2138 1580 2264 1606 omnes
2282 1588 2291 1614 ;

1273 1605 1418 1664 mallem
1443 1620 1584 1654 tamen,
1612 1617 1677 1661 Ego
1703 1616 1791 1662 quod
1812 1618 1930 1663 potui,
1959 1630 2088 1667 nempe
2114 1616 2203 1662 feci,
2234 1620 2292 1656 vel

1273 1655 1418 1711 praestiti.
1477 1661 1540 1695 Sed
1563 1671 1602 1697 tu
1629 1675 1708 1698 vere
1735 1665 1875 1700 culleum
1889 1666 2048 1713 meruisti.
2106 1671 2153 1704 Ut
2182 1669 2290 1707 verba

1273 1707 1338 1742 iint
1358 1709 1452 1764 eius,
1481 1711 1538 1760 qui
1554 1710 1757 1762 ascoperam
1776 1714 1931 1765 apposuit
1950 1744 1962 1759 ‚
1991 1719 2177 1755 Neronem
2206 1719 2291 1757 allo=

1271 1768 1419 1806 quentis.

1324 1809 1437 1864 Gallus
1451 1822 1526 1846 eum
1545 1820 1634 1849 cant.
1654 1811 1668 1860 ]
1700 1811 1805 1851 Liber
1820 1825 1891 1863 opt.
1917 1817 2027 1852 Gallos
2042 1815 2095 1859 ξδ’
2110 1830 2185 1853 eum
2195 1829 2285 1857 cant,

1269 1859 1420 1906 excitasse
1438 1887 1449 1901 ,
1486 1874 1522 1898 ut
1540 1874 1612 1898 non
1631 1862 1742 1899 solum
1761 1865 1796 1899 in
1814 1864 2038 1913 ambiguitate
2058 1867 2159 1904 verbi
2175 1871 2287 1904 Gallos

1270 1907 1350 1945 disti
1376 1910 1476 1955 huius
1498 1912 1605 1961 gratia
1634 1911 1821 1957 consistat,
1867 1913 1923 1950 sed
1948 1915 2043 1964 quod
2070 1929 2152 1952 eum
2178 1919 2283 1954 etiam

1270 1960 1496 2046 excipaverant
1514 1990 1526 2004 ,
1550 1964 1607 2013 qui
1636 1975 1738 2001 cantu
1759 1962 1820 2002 suo
1846 1963 2001 2003 theatrali
2026 1967 2173 2007 excitare
2201 1967 2292 2006 alios*

1267 2023 1335 2048 con
1352 2022 1509 2051 neverat·-

1572 2114 1973 2155 Cassianos.

1320 2212 1477 2250 Alterius
1505 2214 1582 2250 callo
1608 2213 1662 2257 ξδ’
1691 2215 1840 2264 asi-opera
1867 2216 2054 2266 deligata]
2089 2222 2133 2256 In
2159 2219 2288 2257 codice

1267 2263 1403 2301 Viterb.
1422 2263 1526 2300 hodie
1538 2263 1701 2314 scriptum
1722 2267 1801 2301 utin
1816 2267 1945 2303 caeteris
1967 2266 2038 2304 fei-e
2058 2281 2136 2307 mss.
2168 2273 2282 2306 omni-

1267 2313 1349 2358 bus,
1387 2315 1514 2363 (etiam
1534 2317 1683 2352 Menini.
1702 2319 1739 2351 δε
1762 2316 1799 2351 iis
1817 2317 1873 2365 qui
1896 2317 1930 2352 in
1948 2319 2053 2367 Regis
2073 2319 2281 2357 bibliotheca

1264 2362 1466 2408 servantur,
1503 2365 1707 2415 antiquitatis
1733 2378 1805 2401 non
1834 2368 2120 2417 contemnendae)
2168 2372 2281 2418 ascopa

1266 2414 1322 2452 vel
1337 2416 1480 2463 etscopae:
1510 2428 1585 2465 quae
1606 2414 1771 2451 lestiones
1788 2414 1861 2452 siint
1879 2417 1994 2454 ambae
2012 2421 2047 2455 in
2059 2418 2276 2458 Viterbienli.

1265 2463 1322 2501 sed
1333 2464 1503 2514 persuasus
1518 2467 1589 2501 fere
1612 2464 1686 2501 sum
1703 2466 1737 2501 in
1748 2466 1785 2501 iis
1802 2467 2039 2512 membranis,
2065 2470 2155 2507 unde
2165 2470 2279 2506 noster

1265 2515 1374 2552 codex
1398 2515 1485 2551 olim
1512 2514 1574 2552 fuit
1599 2514 1745 2551 Viterbii
1776 2515 1960 2565 descriptus
1976 2547 1987 2561 ,
2034 2518 2160 2568 liquido
2185 2519 2282 2557 fuisse

1263 2566 1434 2612 astopera,
1463 2577 1521 2601 aut
1539 2564 1657 2601 saltem
1666 2565 1807 2612 scopera.
1838 2578 1955 2603 manet
1973 2568 2067 2604 enim
2085 2569 2195 2606 adhuc
2207 2571 2281 2607 litu-

1267 2626 1304 2650 ra
1332 2617 1403 2656 eius
1420 2614 1558 2662 virgulae
1575 2642 1588 2657 ,
1631 2628 1706 2663 quae
1732 2628 1812 2651 cuin
1834 2617 2014 2654 transversa
2040 2619 2204 2657 inducitur
2229 2622 2282 2666 τῷ

1260 2672 1301 2712 p,
1320 2662 1426 2699 efficit
1439 2673 1510 2712 per.
1548 2666 1666 2711 Quare
1684 2677 1755 2701 non
1774 2665 1969 2703 dubitemus
1988 2669 2140 2718 amplius·
2161 2672 2204 2707 de
2234 2671 2282 2709 le-

1271 2714 1408 2756 stione‚
1426 2725 1533 2764 quam
1553 2715 1681 2764 primus
1700 2714 1885 2752 Politianus
1903 2717 2061 2766 prodidit.
2116 2721 2282 2769 Ascopem

1269 2763 1428 2806 dietum-,v
1452 2775 1487 2800 ut
1501 2763 1678 2812 htppoperae
1695 2764 1783 2815 apud
1798 2768 1987 2811 Senecam,
2019 2781 2063 2805 ne
2082 2772 2154 2820 quis
2180 2773 2282 2809 mire-

1270 2825 1323 2851 tur
1343 2815 1544 2851 Suetonium
1571 2826 1611 2849 ea
1633 2828 1721 2852 voce
1741 2814 1854 2852 usum.>
1893 2830 1963 2854 non
1982 2820 2076 2855 enim
2095 2832 2177 2870 puto
2198 2835 2278 2859 eain

1271 2863 1336 2902 effe
1357 2862 1503 2900 cauffiin
1526 2876 1631 2917 quani
1655 2863 1805 2902 afferunt
1829 2866 1990 2915 quidam,
2019 2871 2114 2918 quod
2140 2871 2281 2921 sequens

1272 2914 1440 2964 inscriptio
1459 2917 1578 2951 Graeca
1596 2916 1693 2952 tuerit
1715 2931 1724 2952 :
1768 2917 1861 2965 quod
1888 2930 2000 2968 neque
2023 2922 2144 2959 auctor
2172 2924 2251 2958 dicit
2269 2953 2278 2967 ,

1273 2978 1385 3015 neque
1400 2977 1524 3003 verum
1545 2964 1685 3003 censeo.-

1328 3019 1393 3063 Ego
1418 3016 1502 3063 quid
1524 3018 1621 3063 potui
1631 3014 1670 3063 ἓ]
1714 3016 1838 3064 Populi
1873 3030 1943 3055 vox
1976 3017 2024 3058 est
2048 3023 2284 3072 compellantis

1263 3086 1264 3089 ¹
1281 3066 1488 3106 Neronem:
1514 3076 1570 3104 aut
1588 3067 1783 3117 Agrippina:
1803 3069 1930 3105 matris.

1733 3122 1749 3142 l
2151 3126 2182 3142 Τ

1724 3130 1864 3161 ΝἘΖΞ
2158 3143 2172 3157 A
2209 3137 2231 3157 0
2261 3136 2301 3158 R*
