2504 3425
579 163 1049 237 JOANNv-rs
1125 152 1326 207 GEO

401 258 445 291 Et
467 255 562 302 ferus
582 258 619 291 in
630 254 740 302 sylvis
748 254 854 299 farra
878 246 1024 286 metebat
1043 253 1131 293 aper.

289 178 398 235 794

1365 154 2108 212 Relt'GRAEv11'

1355 253 1426 291 quo
1454 242 1607 279 mimum
1640 243 1738 281 illum
1776 249 1954 297 epularem
2007 244 2234 284 δ’ωὸεκκθεῶν
2273 245 2381 285 aeluri

343 307 461 342 Crura
479 304 638 354 effregit]
673 300 812 338 Salmas.
834 310 936 336 crm‘a
958 296 988 332 ei
1004 296 1122 344 fregit.
1153 292 1220 331 Sed
1238 295 1309 330 Co-
1358 302 1466 329 erant.
1524 292 1628 329 Histri
1668 296 1763 331 enim
1786 298 1845 334 seu
1862 299 2038 335 histriones
2061 298 2217 335 dicuntur
2234 296 2381 332 mimum

293 352 424 403 pesian.
452 355 514 392 stat
533 368 551 390 a
576 355 722 401 vulgata.
937 396 942 402 ι
1259 394 1265 401 -
1293 395 1299 401 ι

347 413 405 451 67.
431 404 620 451 Graffizntes
665 399 807 435 oneratis
838 408 942 445 gravi
1001 395 1144 443 pondere
1174 407 1314 430 cervzct-

292 453 391 501 bus.]
441 453 531 489 Cod.
550 450 655 487 Salm.
674 447 835 497 grassatos
850 475 860 489 ,
890 458 1038 482 oneratos
1053 459 1086 493 g.
1102 454 1138 493 p.
1158 459 1185 480 c.
1216 457 1309 482 vere.

292 503 460 550 Graffiztos
480 501 601 552 probat
619 512 758 550 quoque
783 497 957 535 Robertus
973 496 1208 547 Stephanus&
1221 494 1313 531 Cod.

292 551 443 600 Copefii.

348 608 404 637 68.
438 600 645 637 Pudicitiam
663 597 849 635 delibatam
867 598 1048 645 aCosare,
1077 598 1183 633 etiam
1204 595 1316 631 Hirtio
1338 605 1340 625 ἱ

291 649 330 686 in
359 652 524 699 Hispania
559 651 714 686 trecentis
746 649 883 685 milibus
918 661 1062 683 numum
1086 644 1314 695 substravit.]
1340 680 1341 694 ζ

293 701 504 737 Pudicitiam
524 700 722 746 substernere
741 712 850 736 nemo
869 699 1071 735 Latinorum
1092 697 1232 740 dixerit,
1261 695 1317 731 sed
1340 701 1341 744 ξ

285 750 323 797 se
348 760 406 786 aut
439 760 559 798 corpus.
619 749 755 787 Censeo
775 749 977 786 Suetonium
1000 746 1179 798 scripfisse:
1210 745 1342 794 Qasi‘

284 801 340 847 se.
368 801 539 847 pudicitia
563 800 899 847 delibataaCaesitre,
927 804 977 836 A.
1004 802 1108 835 ettam
1123 796 1234 833 Hirtio
1260 809 1319 832 ccc
1340 804 1341 819 ³

294 850 429 887 milibus
455 864 598 888 numum
608 849 846 898 substraverit.

350 903 484 949 Versitm
507 903 545 937 in
553 903 657 948 scena
667 900 969 950 pronuntiatam]
1008 900 1088 938 Cod
1115 897 1220 936 Salm.
1243 910 1320 933 ver-

298 948 335 992 [u
360 952 395 986 in
409 952 745 1000 scenapronuntiam.

354 1010 415 1046 69.
430 1009 467 1038 ln
489 1014 593 1052 qaam
611 1000 767 1049 arrigas]
787 1000 891 1038 Salm.
906 999 1081 1051 &Copefi
1102 1000 1218 1047 inqua
1231 997 1319 1033 arri-

292 1061 368 1098 gas.
394 1052 508 1102 paullo
527 1063 606 1088 ante
634 1063 775 1101 uterque
794 1051 903 1087 codex
923 1052 1135 1098 Titiseniam.

355 1117 413 1148 70.
445 1110 591 1139 Notatus
615 1101 657 1147 est
680 1111 718 1136 ut
745 1101 886 1148 pretiosa
915 1097 1155 1147 supellectilia]
1193 1099 1324 1134 Omni-

298 1162 348 1186 no
367 1153 487 1202 copula
513 1151 690 1188 inserenda
711 1164 751 1187 ex
774 1149 913 1186 Salmas.
933 1148 1016 1185 Rob
1039 1148 1320 1197 Steph.&duob,

300 1202 369 1240 Pal.
405 1212 543 1238 notatus
579 1202 620 1247 est
648 1198 700 1241 Εἴ
731 1210 770 1234 ut
790 1200 929 1244 pretiofiz
959 1198 1181 1246 supelleetilis.
1238 1200 1325 1234 Mox

299 1267 362 1304 pro
382 1250 434 1294 ἶς’
451 1252 571 1286 deinde
587 1279 597 1293 ‚
623 1249 717 1285 idem
748 1247 904 1291 &inda

354 1306 442 1337 Cam
457 1301 608 1349 primam
624 1299 758 1344 istorum
774 1301 935 1335 conduxit
956 1297 1072 1344 mensa
1097 1298 1320 1346 choragum.]

299 1354 341 1391 In
361 1353 427 1388 hoc
455 1352 552 1389 versu
580 1351 636 1387 vix
661 1349 848 1399 quidquam
867 1350 947 1387 sani.
1003 1350 1113 1399 friget
1131 1349 1165 1384 τὸ
1189 1350 1324 1396 istorum

300 1405 335 1440 in
360 1404 455 1439 initio
473 1401 732 1458 epigrammatis
749 1428 761 1443 ‚
800 1400 892 1436 nulla
909 1401 1090 1436 mentione
1110 1398 1223 1443 fasta,
1255 1400 1324 1449 qui-

298 1468 386 1496 nam
412 1448 462 1500 ι]ἷί
485 1456 559 1489 lint.
616 1452 708 1487 Dein
736 1463 808 1486 non
835 1451 993 1499 choragas
1012 1452 1232 1492 conducitur,
1269 1449 1323 1486 sed

302 1518 326 1541 u
349 1504 485 1552 chorago
505 1501 704 1540 conducitur
723 1501 945 1550 choragium,
975 1499 1056 1537 ficut
1076 1513 1138 1537 nec
1158 1513 1324 1550 manceps

302 1567 487 1606 operarum
511 1552 735 1596 conducitur,
764 1551 819 1587 sed
837 1564 952 1601 operae
970 1563 988 1586 a
1001 1552 1175 1600 mancipe.
1227 1553 1322 1588 Dein

299 1619 409 1656 quam
433 1604 557 1641 durum
590 1602 708 1639 mensa
737 1601 855 1639 dicitur
880 1602 1072 1651 choragum
1106 1600 1321 1645 conducere,

303 1670 366 1707 pro
386 1655 631 1693 accumbentes
650 1652 777 1689 mensae
801 1654 965 1690 convivas
985 1651 1178 1689 conduxisse
1205 1653 1327 1689 chora-

303 1721 404 1758 gum.
453 1707 587 1744 Omnia
603 1704 677 1741 sunt
702 1703 981 1755 inquinatiffima·
1022 1702 1250 1741 Scribendum
1268 1716 1331 1741 ve-

305 1772 347 1798 ro
374 1757 553 1796 existimo:

417 1812 506 1845 Cam
534 1808 681 1845 mimum
706 1805 886 1855 histrorum
915 1806 1075 1842 conduxit
1109 1806 1224 1853 mensa
1259 1804 1331 1841 cho-

477 1859 563 1907 ragi.

306 1907 378 1945 hoc
398 1906 467 1950 cst,
498 1922 576 1946 cum
587 1909 720 1946 mimici
736 1908 768 1945 hi
780 1907 1044 1958 histt·ione5‚qui
1057 1910 1156 1944 Deos
1173 1904 1333 1955 Deasque

307 1958 457 2000 ludunt,
500 1971 736 1997 convenerunt
769 1958 813 1994 ad
842 1959 908 1995 hoc
945 1958 1085 2007 Augusti
1117 1958 1330 1994 convivium.

309 2010 493 2057 Chora-gns
519 2008 592 2053 est,
634 2021 669 2045 ut
692 2009 782 2045 bene
801 2009 1004 2045 Torrentius
1023 2008 1237 2049 observavit,
1265 2008 1332 2056 ipse

311 2059 481 2110 Augustus
501 2089 513 2102 ‚
553 2060 610 2110 qui
643 2062 844 2096 Graecorum
867 2072 968 2094 more
993 2059 1164 2109 choragus
1188 2059 1328 2100 dicitur,

307 2110 405 2161 quod
430 2109 494 2146 suis
522 2109 687 2147 sumtibus
715 2110 781 2146 hoc
813 2110 1013 2146 convivium
1044 2109 1251 2150 instruxerit,
1298 2120 1332 2144 ut

311 2162 439 2198 Graecis
464 2159 620 2197 dicuntur
645 2159 822 2207 χορηγοὶ,
860 2160 917 2208 qui
945 2159 1007 2194 suis
1036 2159 1202 2197 sumtibus
1234 2158 1334 2195 ludos

309 2211 427 2248 edunt.
484 2212 675 2248 Conducere
694 2211 746 2247 hic
772 2222 843 2246 non
862 2209 909 2245 est
932 2221 972 2244 ea
993 2210 1110 2252 notio,
1170 2220 1237 2258 qua
1271 2222 1333 2258 op-

311 2263 448 2313 ponitur
473 2262 522 2307 τῷ
542 2260 668 2304 locare,
697 2260 753 2297 sed
782 2259 975 2296 conducere
1003 2258 1055 2295 hic
1073 2259 1121 2295 est
1142 2272 1267 2306 cogere,
1299 2271 1332 2294 1n

312 2326 421 2349 unum
447 2311 596 2356 ducere,
636 2310 750 2348 facere
768 2322 803 2346 ut
822 2311 1055 2352 conveniant,
1084 2321 1120 2346 ut
1137 2308 1228 2360 apud
1256 2310 1333 2344 Cae-

310 2362 444 2402 finem:
471 2369 593 2400 Omnes
611 2362 715 2409 copias
733 2361 933 2409 auxiliaque
950 2361 1139 2396 conducunt
1151 2389 1163 2403 ,
1189 2364 1226 2395 ὃς
1242 2357 1330 2408 saepe

312 2414 404 2451 alias.
465 2413 571 2459 Hister
602 2412 722 2450 dicitur
750 2425 813 2463 pro
835 2410 960 2456 histrio.
992 2411 1068 2448 Liv.
1095 2410 1152 2447 lib.
1174 2422 1240 2448 vn.
1264 2415 1333 2445 Ac-

311 2477 403 2513 cepta
420 2465 536 2513 imque
553 2475 623 2507 res,
640 2463 814 2512 stepiusqae
834 2461 1022 2509 usterpando
1041 2471 1189 2496 exctmta
1207 2471 1333 2495 verna-

312 2515 394 2552 culis
413 2514 616 2562 artificibus,
646 2516 728 2562 qaia
751 2513 851 2555 hister
868 2514 966 2560 Tusco
989 2511 1149 2547 vocabulo
1165 2510 1257 2546 ladio
1276 2523 1332 2544 vo-

310 2565 457 2602 cabatur
469 2594 480 2609 ‚
509 2577 628 2600 nomen
643 2563 857 2609 histrionibus
872 2562 1035 2599 inditum.
1091 2562 1145 2601 Sic
1159 2560 1249 2611 apud
1264 2562 1333 2595 Va-

313 2616 437 2655 lerium
469 2616 701 2653 Maximumu
717 2628 745 2652 1.
768 2628 801 2658 4.
826 2611 1045 2649 scribendum
1068 2609 1133 2648 effe
1155 2611 1334 2648 sanxerunt

311 2668 378 2706 viri
399 2665 589 2703 doffirlimi
608 2678 619 2702 z
652 2669 697 2700 Et
716 2677 799 2713 quta
814 2663 927 2699 ladius
945 2664 1035 2710 apud
1057 2675 1107 2698 eos
1138 2663 1155 2708 (
1171 2663 1335 2698 nimirum

315 2716 494 2762 Etruscos)
535 2714 633 2761 hister
652 2743 665 2758 ,
694 2713 821 2761 scenico
846 2726 966 2749 nomen
982 2712 1150 2752 histrionis
1170 2713 1335 2749 inditum.

315 2767 373 2803 Ab
391 2766 487 2812 hister
504 2764 584 2801 sane
602 2764 648 2800 est
658 2763 829 2811 histricus,
861 2761 945 2801 ficut
954 2761 999 2800 ab
1007 2762 1123 2810 histrio
1132 2761 1336 2811 histrionius.

319 2817 454 2853 Plautus
480 2815 623 2852 Poenul.
642 2814 728 2864 prol·
874 2833 881 2838 ·

432 2866 567 2902 Audire
575 2864 672 2913 jubet
689 2878 747 2900 vos
764 2865 942 2912 imperator
959 2861 1122 2910 histricus.

322 2915 412 2964 Qae
440 2928 508 2951 vox
526 2918 563 2951 ὃς
581 2916 672 2964 apud
692 2913 904 2964 Appuleium
926 2914 1056 2963 legitur.
1113 2915 1195 2959 Jam
1212 2914 1339 2949 mimus

1357 354 1452 389 agere
1466 343 1617 398 ⁴proprie
1635 372 1646 386 ‚
1685 357 1766 381 curu
1785 345 1883 393 hujus
1899 360 1955 385 aut
1973 348 2057 386 illius
2078 347 2262 400 personam
2292 343 2380 383 susti-

1362 403 1444 428 nent
1464 405 1499 428 ιη
1518 392 1619 428 scena
1636 422 1647 436 ‚
1675 396 1816 431 Petron.

1473 447 1564 478 Grex
1585 454 1655 491 agit
1671 447 1707 480 in
1718 444 1821 492 scena
1837 446 1982 482 mimum
2000 454 2123 485 :Pater
2139 448 2193 484 ille
2214 456 2382 490 vocatur,

1530 493 1635 530 Filius
1653 493 1729 538 hic,
1766 508 1885 531 nomen
1914 499 2046 534 Divitis
2069 501 2123 535 ille
2145 507 2245 534 tenet.

1363 542 1456 578 Hinc
1481 544 1608 579 mimus
1634 546 1750 581 omnis
1767 547 1862 582 astio
1880 543 2058 590 simulata,
2089 548 2144 585 seu
2162 561 2238 597 quae
2260 559 2385 584 verum

1363 593 1537 630 mentitur.
1573 594 1688 630 Florus
1712 609 1723 631 1
1738 610 1765 632 ι.
1797 610 1848 641 14.
1873 595 2150 645 Pseudophilippus
2172 600 2300 645 regiam
2311 597 2386 642 for·

1362 655 1479 686 mam,
1520 645 1647 692 regium
1667 658 1809 689 nomen,
1833 646 1937 682 mimo
1954 659 2080 694 quoque
2100 648 2184 693 regio
2204 647 2358 694 implevit
2371 674 2386 690 ,

1364 704 1400 728 ut
1425 693 1563 743 pulchre
1598 708 1750 745 vereque
1778 695 1975 733 emendavit
2003 697 2203 732 Gronovius
2222 709 2296 745 cap.
2323 709 2383 741 25.

1340 787 1341 790 Ἰ
1365 742 1516 782 Observ.
1548 745 1583 781 in
1610 746 1736 796 Script.
1767 745 1893 783 Eccles.
1922 746 1980 782 ubi
1999 746 2076 784 vide
2098 745 2259 794 exempla
2279 746 2384 796 plura.

1368 794 1421 829 Sic
1454 794 1572 831 Florus
1596 797 1726 832 eodem
1746 798 1857 846 capite
1882 796 1977 833 illum
2006 796 2115 846 ipsum
2135 794 2390 845 Pseudophilip-

1366 856 1449 892 pum
1466 857 1570 883 vocat
1586 847 1749 891 scenicum
1767 860 1892 895 regem,
1923 849 1980 897 qui
1997 847 2097 884 instar
2115 846 2304 888 histrionis,
2332 848 2390 895 qui

1367 895 1519 932 mimum
1556 898 1662 946 Regis
1673 898 1707 934 in
1726 898 1830 934 scenis
1853 899 1941 947 agit,
1971 912 2044 935 non
2060 897 2116 934 diu
2134 910 2281 946 regnum
2301 895 2390 933 obti-

1367 957 1436 980 net.
1485 945 1541 982 Est
1560 948 1679 995 igitur,
1709 960 1744 984 ut
1761 948 1874 986 modo
1894 951 2035 991 monui,
2065 961 2144 984 cum
2164 948 2283 984 mensa
2305 946 2389 983 cho-

1368 997 1439 1044 ragi
1466 996 1628 1033 conduxit
1656 999 1808 1036 mimum
1837 999 2020 1035 histrorum
2037 1027 2049 1041 ‚
2093 1012 2175 1035 cum
2195 997 2244 1034 isti
2263 996 2391 1033 histrio-

1369 1058 1430 1082 nes
1450 1058 1573 1083 vocatu
1593 1047 1733 1096 Augusti
1753 1048 1988 1087 conveniss‘ent
2008 1050 2045 1085 in
2064 1049 2237 1098 Capitolio
2247 1047 2289 1084 ad
2302 1047 2396 1085 hunc

1369 1095 1547 1143 epularem
1591 1099 1745 1135 mimum
1781 1099 1968 1150 agendum.
2028 1101 2067 1135 ln
2094 1101 2273 1150 postremo
2297 1097 2397 1137 versu

1369 1144 1555 1192 legendum
1581 1159 1661 1182 cum
1687 1146 1990 1186 Torrentio'toros
2008 1178 2020 1192 ,
2059 1150 2138 1200 quia
2170 1149 2327 1191 thronos,
2357 1160 2395 1185 ut

1372 1194 1480 1243 probe
1500 1207 1645 1239 monet,
1686 1199 1809 1234 Latina
1828 1200 1942 1248 lingua
1963 1213 2035 1235 non
2052 1200 2217 1249 agnoscit.
2275 1201 2395 1237 Locus

1373 1246 1532 1281 Auctoris
1556 1246 1720 1296 pervigilii
1748 1250 1896 1284 Veneris
1914 1277 1926 1291 ,
1962 1262 2069 1297 quem
2096 1248 2197 1286 affert
2216 1249 2395 1286 casaubo-

1372 1307 1433 1330 nus
1473 1296 1516 1332 ad
1547 1295 1734 1335 lestionem
1762 1298 1942 1349 vulgatam
1962 1298 2222 1343 stabiliendam,
2247 1298 2309 1348 ipss
2329 1302 2400 1336 Ca-

1373 1344 1530 1383 saubono
1558 1346 1729 1397 suspedtus
1751 1347 1810 1386 est.
1868 1350 2136 1400 Epigrammatis
2161 1359 2279 1386 autem
2299 1349 2398 1394 hujus

1374 1407 1497 1444 parens
1538 1395 1618 1434 dicit
1645 1399 1775 1441 jovem
1802 1399 1915 1449 ipsum
1941 1413 1980 1436 ex
2008 1401 2132 1437 auratis
2164 1399 2394 1450 pulvinaribus

1373 1446 1536 1495 Capitolii
1564 1446 1751 1498 aufugisse,
1779 1449 1847 1487 hoc
1866 1450 1935 1493 est,
1963 1451 2177 1500 Capitolium
2201 1449 2403 1496 deseruifle,

1374 1508 1514 1546 propter
1540 1497 1697 1535 scelestos
1719 1504 1758 1536 ὃ(
1780 1500 1928 1538 incestos
1947 1502 2012 1539 hos
2030 1500 2143 1538 ludos.
2202 1502 2300 1538 Licet
2321 1512 2400 1538 tum

1374 1546 1504 1584 nullum
1538 1546 1645 1586 fuisset
1666 1549 1908 1588 leffisternium
1925 1580 1936 1595 ,
1973 1550 2067 1602 quod
2094 1551 2320 1589 Casaubonus
2335 1552 2402 1589 ob-

1372 1596 1482 1654 ducit,
1525 1610 1647 1636 tamen
1672 1604 1774 1650 poeta
1794 1601 1986 1639 commode.
2002 1600 2157 1640 dixisset:
2186 1602 2326 1650 Jupiter
2335 1604 2401 1648 fu-

1367 1659 1420 1705 git
1438 1649 1508 1690 suos
1525 1660 1629 1694 toros,
1641 1664 1727 1701 pro,
1750 1651 1805 1688 sua
1825 1652 2111 1703 pulvinaria‚quae
2130 1653 2175 1690 illi
2193 1652 2305 1690 solent
2318 1653 2399 1691 ster-

1374 1711 1428 1741 ni,
1464 1699 1531 1736 hoc
1552 1699 1622 1744 est,
1652 1701 1798 1739 deseruit
1815 1703 2052 1754 Capitolium,
2083 1716 2119 1741 ut
2140 1704 2240 1741 idem
2256 1702 2329 1741 fere
2345 1704 2401 1742 di-

1375 1751 1458 1786 xerit
1491 1750 1585 1800 quod
1623 1752 1787 1802 Virgilius
1808 1782 1820 1798 ,
1876 1756 2031 1801 exfeffere
2057 1767 2166 1792 omnes
2198 1755 2310 1803 adytis
2340 1756 2401 1794 dii.

1376 1800 1545 1838 Palatinus
1562 1803 1702 1888 ‘primus
1725 1802 1835 1840 thoros
1862 1804 1980 1842 vitiose
2013 1817 2076 1854 pro
2098 1816 2207 1850 toros,
2245 1804 2325 1842 inde
2340 1818 2401 1843 na·

1375 1862 1452 1888 tum
1474 1853 1558 1890 vitio
1575 1866 1626 1889 tus
1652 1853 1799 1892 thronos.

1430 1902 1564 1951 Sylvius
1581 1902 1719 1951 pater.]
1771 1904 1864 1941 Cod.
1883 1904 1986 1942 Salm.
2013 1909 2051 1942 δε
2078 1904 2321 1955 Rob.²steph.
2348 1907 2404 1942 Si-

1375 1951 1439 1987 lius
1457 1961 1569 2000 pater.
1626 1952 1715 1990 Ibid.
1736 1952 1813 1993 cod.
1835 1954 1977 1992 Salmas.
1993 1957 2114 2002 sorum
2131 1954 2334 1994 aleatorum.
2359 1959 2399 1994 δε

1382 2006 1568 2039 retractum
1592 2001 1647 2050 est.

1433 2052 1634 2102 Affidueque
1667 2055 1704 2089 in
1730 2054 1812 2090 urbe
1832 2054 2034 2103 hiemaret]

1381 2102 1502 2140 hiemis
1529 2104 1762 2141 incommodo
1785 2104 2005 2156 affligeretur.
2065 2108 2153 2143 Non
2182 2108 2303 2151 reite,
2350 2110 2401 2144 in-

1379 2152 1450 2203 quit
1471 2155 1683 2191 Torrentius.
1748 2157 1804 2205 qui
1834 2170 1898 2192 nec
1919 2158 1986 2207 ipse
2008 2157 2154 2200 reffius,
2186 2156 2272 2194 dum
2300 2157 2408 2207 expli-

1380 2215 1455 2248 cat,
1498 2203 1652 2241 hiemem
1676 2205 1710 2241 in
1742 2207 1826 2244 urbe
1854 2207 2048 2257 peragebat.
2107 2209 2207 2243 Nam
2225 2206 2272 2244 sic
2290 2208 2405 2246 luxata

1380 2251 1458 2290 esset
1482 2255 1571 2291 ratio
1601 2254 1772 2292 structurae
1791 2285 1801 2299 ,
1837 2270 1871 2294 ut
1891 2259 1980 2294 bene
2000 2257 2083 2295 vidit
2100 2256 2260 2294 Erafinus
2279 2287 2291 2302 ,
2323 2273 2401 2309 quae

1383 2304 1574 2354 postulabat
1591 2307 1625 2341 in
1644 2305 1709 2341 hoc
1727 2307 1822 2343 sensu
1842 2308 1962 2355 assidue
1981 2318 2096 2344 tamen
2117 2311 2154 2344 in
2171 2308 2251 2344 urbe
2273 2309 2403 2346 hiema-

1383 2356 1451 2390 bat.
1510 2355 1605 2392 Nihil
1637 2368 1721 2404 puto
1738 2359 1967 2402 mutandum,
1989 2358 2045 2395 sed
2063 2359 2219 2396 hiemare
2237 2358 2290 2395 hic
2314 2361 2404 2397 acci-

1383 2404 1546 2454 piendum
1562 2419 1597 2443 ut
1616 2406 1705 2455 apud
1725 2407 1910 2454 Columell.
1931 2424 1990 2446 xl.
2010 2423 2042 2447 2.
2064 2409 2219 2446 Fidicula
2233 2410 2410 2456 exoritur,

1382 2456 1513 2492 hiemat
1548 2455 1601 2499 Εἴ
1629 2456 1731 2503 pluit.
1786 2459 1839 2497 Id.
1858 2460 1916 2498 lib.
1942 2474 1998 2497 xi.
2018 2473 2048 2497 c.
2078 2474 2130 2497 ιι.
2190 2459 2311 2500 Auster
2337 2471 2406 2498 aut

1382 2506 1521 2551 Africus
1538 2506 1679 2544 hiemat.
1709 2506 1797 2544 Plin·
1817 2523 1881 2549 xvi
1895 2525 1922 2547 ι.
1945 2523 2002 2547 22.
2019 2511 2088 2547 dies
2106 2510 2273 2547 hiemant.
2329 2514 2408 2548 Ho·¹

1384 2568 1446 2594 rat.

1496 2612 1542 2644 Et
1566 2618 1683 2644 atrum
1709 2609 1888 2655 defendens
1905 2611 2003 2659 pisces
2020 2611 2149 2648 hiemat
2157 2615 2266 2648 mare,

1383 2658 1437 2695 Sic
1462 2658 1573 2696 hiems
1592 2658 1639 2695 est
1657 2670 1728 2696 tem
1757 2660 1852 2698 estas.
1863 2665 1905 2699 C.
1924 2665 2017 2711 Nep.
2039 2663 2151 2701 Attica
2178 2662 2280 2710 Quod
2318 2673 2329 2695 ι
2339 2671 2404 2708 gu·

1384 2709 1541 2745 bernator
1554 2710 1714 2758 precipua
1745 2712 1833 2748 aude
1841 2713 1981 2758 fertur,
2008 2712 2070 2760 qui
2086 2725 2212 2748 navem
2237 2723 2277 2746 ex
2321 2710 2407 2746 ieme

1387 2762 1544 2809 marique
1552 2760 1713 2808 scopulofh
1729 2760 1901 2807 defendat.
1931 2762 2028 2799 Nihil
2044 2759 2269 2811 tritius,apud
2288 2763 2409 2808 poe'tas

1390 2809 1587 2859 praesertim.
1604 2813 1686 2847 Hoc
1707 2811 1819 2862 itaque
1837 2812 2065 2851 commendat
2081 2814 2117 2849 in
2135 2808 2284 2859 Augusto
2295 2813 2408 2846 Tran-

1414 2860 1637 2905 uillus‚illum
1654 2862 1688 2897 in
1705 2863 1790 2899 urbe
1808 2862 1980 2907 mansisse,
1993 2862 2150 2914 quamvis
2165 2859 2291 2897 affidue
2303 2859 2338 2895 in
2351 2860 2409 2897 illa

1403 2913 1599 2961 purcissima
1617 2916 1656 2949 δι
1674 2911 1907 2955 humidissima
1924 2911 2108 2962 tempestas
2125 2906 2225 2952 esset,
2256 2922 2338 2945 cum
2359 2921 2409 2946 ta-

2062 2054 2220 2092 Erasmus
2239 2057 2407 2107 exponit,

319 2965 497 3011 histrorum
527 2966 601 2999 {unt
639 2965 772 3001 mimici
790 2964 988 3007 histriones,
1029 2977 1102 3003 non
1122 2966 1194 3003 veri
1212 2963 1343 3001 histrio·
1391 2975 1477 2998 men
1487 2964 1559 3008 ejus
1574 2962 1758 3001 valetudini
1776 2974 1817 2998 ea
1832 2964 1932 3002 valde
1948 2961 2184 3001 adversaretur.
2200 2959 2305 2996 Aliter
2322 2961 2409 3000 acci-

324 3028 386 3057 nes,
405 3044 418 3058 ,
449 3013 513 3061 'qui
528 3012 631 3048 instar
649 3014 851 3051 histrionum
871 3014 1049 3051 induerant
1068 3015 1228 3064 personas
1259 3013 1340 3051 deo-

322 3078 405 3106 sum
440 3062 629 3102 dearumve
654 3077 729 3106 non
755 3064 791 3103 in
812 3064 912 3105 scena
930 3092 942 3109 ,
971 3063 1029 3103 sed
1046 3066 1083 3105 iu
1100 3065 1285 3114 convivio,
1311 3064 1347 3103 in
1393 3061 1549 3112 cubiculo
1578 3062 1771 3116 Augustum
1799 3063 1917 3106 hieme
1944 3065 1982 3102 ὅ(
2001 3057 2300 3102 aestatemanfiffe.

1399 3014 1486 3062 pitur
1511 3013 1628 3048 hiems>
1639 3013 1674 3047 in
1688 3012 1898 3062 praecedente
1919 3011 2035 3052 versu,
2063 3021 2133 3059 quo
2149 3021 2262 3048 narrat
2281 3010 2410 3049 eodem

2326 3105 2329 3107 Α
2355 3063 2410 3107 Sic

2338 3112 2411 3167 qui-2
