2504 3425
1121 32 1125 55 l

641 137 1799 196 NoTAE1nT1BERIUM.
2201 162 2263 217 31

171 228 370 276 rariffimo
389 264 402 287 ,
446 245 543 278 curn
569 232 753 291 ejusdem
778 234 977 296 quintum
998 231 1198 281 Consulis
1243 231 1357 278 Ecce
1379 232 1678 297 Tyrannorum
1711 251 1848 281 mores
1869 267 1883 290 ‚
1934 237 2113 298 graviori
2138 241 2274 297 'poena

172 292 271 339 effet
288 295 450 359 collega
473 332 487 353 ,
521 312 567 343 ut
584 313 669 366 cap.
685 303 757 359 65.
794 300 1050 361 exponitur,
1085 314 1197 345 anno
1247 296 1298 343 de
1318 297 1466 344 leviori
1488 314 1818 362 conquerentem
1839 295 2036 345 afficiunt.
2102 299 2182 344 Sed
2214 315 2274 344 at—

170 356 326 405 scilicet
358 359 410 406 ab
443 362 501 407 V.
518 363 573 407 C.
607 376 957 409 Dchxxxnt·
999 381 1072 426 quo
1082 363 1202 426 filius
1246 360 1389 408 tendas
1412 365 1656 411 eorumdem
1692 363 1810 411 fato:
1877 380 1965 426 quo
2004 365 2095 427 plus
2129 377 2275 408 cavent

172 424 259 467 Dei
292 424 530 473 CHR18T
546 441 606 473 us
629 443 705 494 pro
734 426 842 473 nobis
864 429 942 490 sese
959 441 1080 473 morte
1110 426 1204 491 offle·
1247 427 1520 490 plerumque,
1565 445 1618 475 eo
1647 431 1789 475 minus
1812 427 2012 492 praestz‘mt.
2077 426 2176 476 Nifi
2196 444 2274 471 oc-

175 509 261 538 rens
280 489 488 552 crucifixus
514 492 562 547 est
579 528 592 548 ,
637 505 683 536 ut
711 493 767 536 ait
792 492 1033 555 Eutropius.
1100 491 1199 539 Ab·
1250 488 1356 536 cisus
1381 490 1519 540 fuiffet
1539 492 1614 540 iste
1633 492 1886 540 Rhodienfis
1916 491 2062 557 hospes
2079 528 2093 549 ‚
2134 490 2281 537 homi-

177 556 290 601 unde
309 552 361 599 de
382 571 434 598 eo
452 553 631 602 diximus
656 557 700 600 in
724 556 998 618 explicatione
1020 573 1198 602 nummo·
1249 555 1645 605 cidiumSuetonius
1656 575 1745 604 non
1763 556 2003 621 divulgasset
2017 593 2031 615 ,
2063 557 2135 620 qui
2158 572 2205 601 ea
2224 556 2282 601 li-

174 638 262 666 rum
284 634 334 662 ex
358 635 426 663 aere
446 621 666 674 mediocri,
709 634 806 685 pag.
823 625 897 680 69.
956 623 1028 666 De
1048 623 1199 681 Sejano
1248 617 1404 666 bert-ate
1436 621 1535 669 XII.
1613 623 1825 669 Caesarum
1868 624 1969 668 vitas
2009 618 2273 680 conscripffi,

176 685 272 732 vide
291 680 564 745 Juvenalem‚
597 689 679 729 Sat.
698 700 768 728 10.
1249 701 1330 746 qua
1349 687 1553 735 vixerunt.
1621 689 1720 735 Sors
1746 688 1814 734 illa
1852 685 2008 749 probos
2036 683 2276 750 improbos-

236 753 339 807 Pag.
367 759 471 810 351.
536 753 610 795 Ne
658 749 886 813 divulgaret
938 751 1205 813 infamiam]
1242 765 1325 812 que
1345 766 1499 798 manet.

1252 2304 1390 2365 plures
1435 2319 1484 2348 ex
1522 2319 1591 2347 ενι
1633 2303 1834 2348 mediocri.
1932 2297 2008 2345 Ab
2049 2303 2135 2359 ejus
2178 2299 2269 2347 filio

1253 2370 1364 2426 Cajo
1387 2402 1401 2423 ,
1458 2364 1666 2430 fratreque
1713 2365 1898 2412 Claudio
1942 2365 2265 2427 Imperatoribus

1247 2430 1401 2486 faffls,
1465 2432 1587 2477 multi
1631 2429 1748 2477 fuere
1790 2429 2010 2484 restituti,
2061 2445 2084 2473 e
2117 2428 2304 2491 quibus‘

1246 2494 1313 2541 hic
1375 2497 1496 2556 patris
1557 2499 1602 2541 δε
1660 2494 1738 2542 filii
1805 2493 1988 2541 faciebus
2050 2491 2271 2557 insignitus

1245 2559 1315 2607 est.

177 2307 279 2364 Pag.
298 2300 402 2358 367.
411 2300 838 2452 GErmanicus.]
871 2300 1066 2364 Egregiis
1079 2317 1203 2347 num·

488 2398 491 2400 .
568 2363 645 2408 mis
669 2364 738 2408 ille
757 2362 838 2408 fuit
856 2365 1066 2411 decoratus
1087 2401 1101 2422 ,
1145 2367 1202 2412 ob

563 2443 627 2473 res
643 2428 825 2489 praeclare
835 2427 987 2491 gestas,
1008 2430 1200 2477 Caesaris-

175 2508 259 2559 que
293 2489 552 2553 dignitatem.
618 2495 786 2537 Aureos
820 2507 1121 2556 argenteosque
1153 2500 1197 2540 &

173 2571 301 2609 aereos
330 2559 372 2600 in
392 2553 506 2619 Thes?
532 2556 652 2617 nqstro
665 2557 952 2620 vulgavimus,
985 2556 1053 2604 sed
1070 2560 1195 2623 longe

2118 3097 2267 3159 Regum
