2504 3425
660 119 1850 215 C.CAESAR..CAL1e;ULA
2126 161 2230 229 381

127 253 238 304 soleo
262 251 416 298 intulit.
461 247 724 312 Inferiasque
750 250 816 295 his
836 267 970 296 annua
996 249 1200 311 religione
1227 245 1611 310 publiceinstituit:
1649 251 1692 292 &
1714 263 1768 291 eo
1791 247 1966 309 amplius
1989 248 2109 292 matri
2133 248 2233 295 Cir·-

126 317 265 363 censes
288 351 301 371 ,
341 328 670 377 carpentumque
706 317 860 378 quoin
895 331 1048 376 pompa
1075 312 1363 357 traduceretur.
1428 316 1492 357 At
1509 314 1552 356 in
1574 313 1822 357 memoriam
1854 313 2003 374 patris,
2041 314 2234 374 Septem--

128 381 245 426 brem
268 379 452 425 mensem
467 382 747 424 Germanicum
759 381 993 441 appellavit.
1051 374 1147 422 Post
1170 375 1280 430 haec,
1295 377 1495 421 Antoniae
1521 376 1867 438 aviae‚quidquid
1890 392 2091 439 umquam
2113 375 2233 422 Livia

125 443 317 507 Augusta
350 443 560 489 honorum
587 441 776 503 cepiss‘et,
813 460 899 488 uno
933 438 1281 488 senatusconsulto
1304 439 1521 502 congessit.
1558 445 1753 486 Patrunm
1789 440 2018 485 Claudium
2045 442 2232 502 equitem

127 509 369 554 Romanum
385 506 490 553 adid
502 521 668 568 tempus
693 509 897 569 collegam
921 506 995 551 sibi
1022 508 1063 550 in
1090 504 1301 548 consulatu
1322 503 1513 548 asiumsit.
1555 506 1738 550 Fratrem
1753 503 1983 550 Tiberium
2005 503 2074 550 die
2099 503 2229 550 virilis

127 586 235 635 togae
268 573 504 636 adoptavit,
538 572 844 634 appellavitque
863 576 1074 641 principem
1088 572 1317 636 juventutis.
1353 569 1425 613 De
1451 566 1658 613 sororibus
1681 569 1825 615 auetor
1848 567 1952 625 fuit,
1966 583 2012 614 ut
2031 568 2232 614 omnibus

124 724 191 761 que
219 712 352 750 ostendi
378 711 520 764 postem.
575 707 694 746 Paullo
726 707 822 744 aliter
851 711 971 747 Statius
1000 708 1059 746 lib.
1081 721 1139 747 vi.

123 761 243 802 Theb.

226 820 372 851 Portant
390 814 528 861 inferias
536 810 722 859 arsuraque
731 808 868 854 fercula
881 809 989 857 primi

226 865 426 912 Grajorum,
455 862 625 910 titulisque
637 860 707 908 pios
723 859 885 906 testantur
903 859 1050 896 honores.

126 914 173 951 At
191 912 280 964 apud
299 914 447 950 Plinium
467 912 524 949 lib.
536 926 568 948 x.
597 924 670 960 cap.
681 924 713 946 x.
734 909 868 956 fercula
875 909 1040 955 funerum
1052 907 1148 943 aliter

124 963 431 1014 interpretandum.
466 966 605 1000 Sueton.
623 974 751 999 vocem
775 968 926 1008 tropaeum
947 973 1019 996 non
1035 958 1147 996 multo

123 1015 221 1052 aliter
240 1015 372 1066 usurpat
389 1025 532 1052 extrem.
552 1012 608 1049 lib.
629 1026 655 1048 ι.
685 1012 720 1048 in
737 1009 855 1048 funere
872 1010 960 1055 Julii.

451 1116 816 1150 TonRfiNT.

622 1182 926 1234 Carpentumque]
951 1181 1055 1220 Liber
1072 1193 1142 1232 opt.

569 1233 622 1278 Εἴ
649 1241 855 1281 carpentum.
913 1234 1026 1283 Qule
1056 1246 1148 1269 nunc

566 1299 704 1337 quoque
722 1285 758 1321 in
777 1285 974 1336 Agrippinae
993 1285 1150 1322 nummis

161 1331 186 1369 ‘'-
218 1337 225 1376 .‘
286 1355 288 1357 ·
330 1344 355 1367 ἓν·
402 1335 533 1404 ἶῑῑῖξᾎώὲ
567 1339 726 1375 cernitur.

152 1391 166 1414 ἔ
362 1407 364 1410 .
393 1378 536 1453 ἕιὲϋὲῑθῐ)
623 1394 664 1423 In
674 1386 824 1436 pompa]
837 1385 994 1423 Circenfi
1009 1385 1146 1429 scilicet,

499 1430 518 1471 ἕ
527 1455 529 1462 1
566 1437 655 1473 inter
673 1441 833 1475 Deorum
861 1449 962 1487 atque
981 1439 1144 1473 Heroum

567 1485 705 1524 fercula.
726 1487 810 1524 Caes.
830 1499 906 1537 cap.
921 1499 1044 1524 Lxxvi.

626 1543 797 1574 patruum
808 1537 996 1574 Claudium
1014 1550 1066 1587 eq.
1083 1538 1146 1585 R.]

130 1641 240 1681 nullos
257 1639 354 1679 adid
377 1651 516 1690 tempus
542 1638 693 1675 honores
717 1639 827 1676 adhuc
846 1635 1008 1697 gestetur.
1027 1637 1150 1675 Claud.

131 1706 205 1743 cap.
220 1706 253 1731 v.
283 1695 320 1728 &
339 1702 504 1739 cap.v11.
535 1689 593 1725 ubi
613 1690 718 1725 etiam
734 1690 778 1726 de
804 1703 919 1739 pruno
935 1690 1007 1735 ejus
1034 1689 1155 1725 consu-

571 1589 731 1638 Equitem
751 1599 886 1625 tantum
907 1598 1014 1625 vocat
1033 1616 1044 1631 ,
1074 1589 1153 1638 quia

2095 632 2234 680 sacra»-

1305 703 1448 738 Praemia
1465 716 1553 740 nunc
1569 703 1642 740 alia
1658 714 1762 754 atque
1780 703 2005 744 emolumenta
2021 717 2173 745 notemus

1303 758 1595 791 Sacramentorum
1608 773 1618 798 3

1199 802 1356 839 militiam
1376 802 1552 854 intelligit,
1588 804 1631 841 ad
1651 816 1757 853 quam
1778 817 1851 841 non
1865 804 1928 842 nifi
1947 808 2159 855 jurisjurandi
2175 808 2227 846 sa-

1203 854 1357 889 cratione
1375 854 1593 902 interposita,
1621 866 1656 891 ut
1672 853 1757 890 Festi
1774 867 1848 891 utar
1863 856 1998 901 verbis,
2024 861 2081 907 qui
2098 860 2155 896 sua
2172 860 2229 896 de-

1202 903 1323 940 derant
1339 905 1483 940 nomina
1501 933 1513 947 ,
1543 904 1811 941 admittebantur
1826 933 1837 947 ,
1875 918 1987 954 neque
2006 908 2103 944 aliter
2120 922 2227 958 quam

1203 953 1301 991 soluti
1330 955 1547 991 sacramento
1573 955 1617 991 ab
1645 967 1685 991 ea
1710 954 1952 993 liberabantur.
2011 958 2079 995 Sed
2097 961 2135 994 δε
2157 962 2229 995 Ve-

1203 1006 1314 1054 getius
1340 1004 1398 1042 lib.
1425 1019 1477 1042 11.
1511 1005 1645 1042 Milites
1676 1006 1830 1055 (inquit)
1855 1019 1976 1054 jurare
1995 1008 2104 1056 fhlent
2127 1037 2139 1052 ‚
2174 1008 2228 1052 Εἴ

1202 1056 1275 1090 idco
1298 1056 1427 1091 mxlitiae
1442 1055 1667 1104 ficcramenta
1692 1056 1864 1094 dicuntur.
1921 1058 2088 1101 jurabant
2116 1070 2232 1097 autem

1203 1105 1362 1149 strenue,
1390 1105 1422 1141 se
1441 1104 1592 1144 facturos
1612 1120 1687 1156 quae
1709 1110 1908 1158 Imperator
1937 1109 1986 1145 eis
2009 1111 2211 1160 praeciperet
2226 1138 2238 1152 ,

1204 1170 1269 1193 nec
1291 1156 1451 1193 militiam
1476 1156 1689 1202 deserturos,
1716 1169 1820 1207 atque
1849 1171 1912 1202 ea,
1941 1159 1985 1196 de
2002 1160 2125 1211 quibus
2143 1159 2231 1197 Gell.

1205 1206 1263 1245 lib.
1276 1222 1358 1245 xvi.
1387 1220 1463 1256 cap.
1482 1220 1534 1245 ιν.
1565 1210 1670 1255 Caius
1696 1220 1814 1245 autem
1842 1208 2014 1246 consuetae
2042 1223 2142 1248 antea
2163 1210 2235 1247 for-

1207 1258 1313 1295 mulae
1340 1258 1469 1301 verba,
1495 1271 1571 1307 quae
1587 1259 1640 1296 hic
1661 1258 1764 1296 refert
1784 1263 1926 1297 Sueton.
1950 1261 2085 1307 adjecit.
2122 1260 2233 1307 Quod

1207 1322 1291 1357 ergo
1309 1308 1367 1345 lib.
1387 1322 1441 1345 11.
1460 1310 1647 1349 Od.xv11.
1679 1309 1724 1347 ad
1741 1312 1975 1348 Maecenatem
1991 1311 2091 1350 suum
2117 1311 2229 1349 scribit

1205 1362 1330 1397 Horat.

1468 1453 1471 1456 Α
1576 1434 1590 1441 -
1617 1434 1634 1441 -
1661 1423 1727 1447 non
1748 1424 1801 1459 ego
1816 1410 1989 1461 perfidum

1318 1463 1410 1499 Dixi
1418 1464 1702 1513 fhcramentum,

1204 1511 1434 1561 pulcherrima
1450 1527 1470 1551 a
1490 1528 1526 1551 re
1544 1512 1681 1552 militari
1699 1513 1874 1553 transsatio
1896 1512 1954 1552 est.

1508 1616 1918 1654 Crsaunon.

1259 1690 1535 1743 Carpentumque
1551 1708 1617 1743 quo
1643 1697 1681 1732 in
1692 1702 1814 1743 pompa
1838 1695 2113 1744 traduceretur.]
2150 1699 2229 1734 Mos

134 1743 213 1779 latu.
269 1744 327 1777 De
347 1753 418 1791 quo
440 1743 478 1776 ὅ(
496 1741 604 1776 Dion.
633 1738 691 1775 lib.
711 1753 794 1777 Lxx.
820 1739 948 1776 eodem
970 1738 1078 1789 ipsum
1099 1739 1154 1775 die
1206 1740 1249 1777 de
1271 1755 1342 1791 quo
1365 1744 1513 1781 diximus
1538 1745 1596 1783 lib.
1627 1759 1654 1783 1.
1690 1757 1767 1794 cap.
1792 1757 1917 1784 [xxvi.
1945 1745 1991 1783 ad
2014 1745 2071 1783 illa
2095 1746 2229 1791 verba„

133 1792 349 1834 senatorem,
380 1802 420 1826 ac
449 1788 624 1825 consulem
642 1802 723 1827 cum
740 1792 830 1836 Cajo
845 1789 977 1827 factum
995 1802 1156 1835 narrans,

134 1856 215 1880 cum
235 1842 271 1878 in
288 1840 431 1891 equestri
448 1851 548 1876 antea
568 1839 688 1876 ordine
708 1839 951 1890 permansisset.

186 1899 341 1929 Fratrem
365 1890 571 1936 Tiberium]
584 1892 738 1927 Fratrem
759 1904 861 1930 vocat
881 1893 986 1928 etiarn
1003 1890 1062 1929 inf.
1081 1904 1156 1943 cap.
1197 1894 1362 1943 juvenen]
1399 1897 1472 1932 Dio
1488 1925 1501 1939 ,

1363 1944 1371 1957 Ι

1207 1797 1351 1840 Tensam
1370 1794 1598 1840 &ferculum
1620 1794 1768 1842 Circenfi
1777 1804 1911 1844 pompa.
2117 1822 2120 1825 -

1260 1844 1331 1879 Die
1362 1844 1460 1881 viril.
1487 1856 1559 1895 toga
1586 1846 1769 1894 adoptavit
1795 1873 1809 1890 ,
1845 1846 2098 1896 appellavitque
2119 1848 2231 1895 princ.

1541 1894 1693 1958 Τιςέριον
1726 1894 1858 1945 καίοι-ες
1890 1895 1923 1936 ’ές
1945 1912 1980 1932 τε
2011 1895 2077 1937 τές
2097 1895 2232 1959 εἶφῆςκς

131 1954 260 1979 xxxix.
299 1940 485 1978 Beroaldus
511 1940 583 1978 vult
609 1955 670 1978 eos
697 1954 717 1978 a
741 1942 884 1979 Tiberio
912 1945 1036 1992 pariter
1069 1943 1155 1980 ado·
1207 1943 1528 1992 ἐγγραφεντοι,κοοὶ
1547 1947 1762 1987 τῆςνεοτητος
1778 1944 2030 1995 προκριθέντα,
2052 1962 2113 1983 xxc
2133 1947 2232 1990 τέλος

130 2005 242 2044 pratos
266 1990 362 2029 fuisse
383 2021 394 2036 ,
429 2005 510 2028 cum
534 1992 639 2028 etiam
668 1991 858 2030 coheredes
890 1993 1007 2031 eidem
1024 1993 1154 2031 exstite-

131 2045 206 2081 rint.
263 2047 400 2081 Verum
425 2041 614 2091 adoptione
642 2042 725 2079 nihil
748 2057 835 2094 opus
859 2055 930 2081 erat
949 2072 961 2087 ,
992 2058 1074 2081 cum
1091 2058 1149 2094 pa—

132 2105 267 2131 rentum
287 2094 445 2135 suorum,
476 2094 677 2129 Germanici
695 2096 732 2130 ὅ(
751 2093 875 2138 Drusi,
906 2106 1022 2131 morte
1044 2096 1094 2140 jus
1109 2094 1149 2132 fi-

130 2144 255 2181 liorum
273 2144 384 2196 adepti
400 2143 532 2181 fuerint.
589 2148 631 2180 Et
647 2143 772 2195 alioqui
794 2144 837 2181 de
869 2144 1057 2194 adoptione
1075 2147 1148 2182 nul-

130 2194 163 2232 la
182 2195 273 2244 apud
295 2197 454 2232 austores
476 2194 620 2231 mentio.
679 2196 778 2231 Dion
797 2198 901 2232 etiam
918 2195 979 2232 soli
1001 2196 1146 2233 Tiberio

131 2246 287 2283 relictum
307 2246 512 2282 testamento
529 2246 713 2295 imperium
736 2246 845 2284 tradit.
905 2248 1022 2295 Qare
1041 2248 1148 2284 credi-

132 2296 246 2333 derim
282 2296 401 2333 fratres
428 2295 599 2344 appellare
637 2297 838 2333 Suetonium
859 2325 871 2340 ,
915 2299 971 2348 qui
999 2298 1148 2335 duorum

130 2345 278 2383 fratrum
302 2358 396 2383 erant
423 2345 507 2389 filii,
538 2359 625 2396 quos
648 2348 727 2390 JCti
750 2346 871 2384 fratres
895 2349 1062 2398 patrueles
1090 2363 1152 2387 vo-

138 2408 226 2433 cant.

194 2447 380 2493 Principem
394 2447 612 2496 juventutis]
637 2452 684 2484 Ut
700 2449 852 2492 Caius&
866 2449 1011 2494 Lucius,
1041 2451 1153 2488 Caesa-

1208 1993 1438 2035 ἕσποιηθ-ἔντοι
1457 1995 1682 2046 ἀνεχρῆσοιτο.
1727 1995 1793 2033 Sed
1811 1996 1891 2036 Vide
1908 2008 1988 2035 ante
2004 2011 2133 2036 Omnes
2151 1998 2232 2039 Phi-

1204 2043 1338 2084 lonem.

1260 2101 1304 2132 Ut
1320 2096 1472 2133 omnibus
1481 2096 1707 2146 fhcramentis
1727 2096 1963 2146 adjiceretur]
1996 2102 2050 2137 Ita
2061 2099 2147 2138 libb.
2160 2100 2233 2151 qui-
2290 2126 2293 2131 κ

1206 2145 1290 2183 dam
1306 2148 1449 2197 optima:
1477 2158 1589 2192 notae,
1615 2159 1651 2184 ut
1667 2151 1705 2184 ὅ(
1726 2148 1831 2186 editio
1846 2161 1915 2187 vet.
1935 2149 2033 2189 Rob.
2054 2151 2228 2203 Stephani.

1205 2198 1250 2233 At
1277 2210 1386 2234 manu
1414 2199 1560 2242 exarati,
1588 2210 1623 2234 ut
1643 2198 1793 2242 Pithoei,
1821 2201 1984 2238 Grossotii
2003 2230 2014 2244 ‚
2044 2201 2231 2248 afficeretur

1204 2247 1259 2284 vel
1275 2248 1507 2295 afficerentur,
1536 2260 1574 2284 ut
1591 2249 1725 2286 Viterb.
1743 2253 1782 2286 δε
1805 2251 1959 2296 Cujacii,
1979 2250 2074 2300 quod
2089 2251 2161 2300 ipse
2181 2263 2231 2289 te-

1203 2297 1306 2335 status
1323 2298 1370 2335 est
1386 2299 1429 2335 ad
1450 2298 1592 2337 Novell.
1607 2311 1736 2338 cxxiv.
1768 2311 1895 2337 notans
1920 2299 2073 2338 {imiliter
2091 2299 2226 2347 dixisse,

1203 2348 1305 2396 adfici
1323 2350 1545 2397 jurejurando
1576 2353 1807 2400 Imperatores
1843 2352 1880 2388 in
1909 2351 2055 2390 Codice.
2109 2345 2232 2391 Sc'ribo

1206 2400 1304 2448 igitur
1323 2400 1477 2436 omnibus
1493 2400 1720 2448 sacramentis
1747 2400 1994 2448 adficerentur,
2024 2415 2081 2440 υτ
2120 2415 2233 2449 NEQ

1208 2461 1272 2486 ME.
1302 2452 1373 2487 Dio
1394 2450 1536 2500 explicat
1555 2449 1617 2490 τές
1632 2449 1732 2499 ‘o'pzeee
1750 2451 1923 2498 φέρει-9ου
1941 2452 2001 2489 noc}
2023 2453 2068 2494 εἰς
2088 2453 2229 2495 ἐκείνοις.

135 2510 190 2533 res
203 2497 364 2547 appellati
382 2497 487 2534 fuere.
509 2501 590 2546 Qua
599 2498 641 2534 de
652 2512 687 2534 re
698 2500 834 2535 nummi
844 2511 976 2536 veteres
994 2514 1074 2537 cum
1090 2503 1152 2538 hac
1207 2500 1368 2537 Declarat
1396 2501 1525 2551 planius
1553 2500 1644 2537 hunc
1671 2501 1789 2538 locum
1808 2502 1999 2553 Xiphilinus
2020 2504 2055 2539 in
2080 2507 2231 2548 Severo,

135 2547 379 2598 inscriptione:
418 2559 453 2584 C.
482 2560 516 2587 L.
545 2560 719 2584 CAESARES
746 2561 831 2585 ΑΗΘ.
859 2561 891 2586 1².
921 2562 1002 2588 Cos,
1024 2564 1152 2589 DEStG.
1180 2550 1308 2600 ffipcssov
1326 2560 1501 2599 Περτινακι
1530 2552 1762 2588 κατεσκεύασε

1399 2602 1405 2613 2

137 2610 273 2636 PRINC.
299 2610 456 2641 JquNT.
485 2601 574 2647 Q¹ae
601 2598 783 2648 appellatio
812 2599 856 2635 ad
882 2613 1005 2637 omnes
1034 2603 1154 2651 postea

138 2648 317 2685 Caesarum
337 2647 426 2684 filios
444 2648 594 2685 defluxit.

1785 2581 1797 2596 ‚
1830 2555 1904 2588 τότε
1926 2553 2032 2597 ’ὄνομα
2049 2556 2146 2591 aun?
2163 2553 2228 2591 ἔπε’

1207 2616 1242 2636 τε
1270 2604 1346 2641 ταῖς
1375 2605 1496 2648 ευχοιῖς
1515 2602 1673 2643 ἀπάσαις
1700 2604 1760 2638 καὶ
1784 2604 1844 2639 ἐπὶ
1867 2606 1934 2643 τοῖς
1958 2602 2064 2651 ’σ’ρκοις
2095 2605 2228 2642 ἅπασιν

1209 2651 1414 2698 προσέταξεν
1430 2652 1667 2695 ἐπιλέγεο-θαι
1720 2657 1806 2689 Non
1830 2653 1993 2690 dissimilis
2024 2653 2138 2690 honos
2156 2653 2228 2699 est,

193 2699 329 2736 Omnib.
341 2700 566 2746 sacramentis
591 2700 606 2745 ]
639 2700 735 2735 Dion
758 2698 890 2736 senatus
917 2713 957 2737 ac
980 2701 1156 2750 magistra·
1182 2690 1187 2746 l
1209 2716 1279 2752 quo
1298 2714 1448 2738 matrem
1468 2703 1644 2739 Helenam
1661 2702 1861 2740 defimecam
1877 2702 2001 2739 adfecit
2012 2705 2229 2743 Constantin.

140 2760 238 2787 tuum
272 2748 506 2796 jusjurandum
532 2750 687 2800 intelligit
705 2778 717 2793 ‚
752 2749 846 2799 quod
872 2751 1010 2787 ineunte
1034 2752 1156 2789 scilicet
1211 2756 1370 2802 Magnus.
1383 2752 1504 2790 Euseb.
1526 2754 1561 2788 in
1579 2756 1651 2799 ejus
1667 2755 1735 2791 vita
1749 2753 1807 2790 lib.
1823 2768 1834 2789 1
1849 2768 1858 2789 ι
1872 2768 1900 2791 1.
1918 2752 1991 2790 ἕτω
2003 2753 2040 2790 δὲ
2054 2755 2228 2801 ἀξιώματι

139 2811 234 2836 anno
260 2800 303 2836 de
326 2813 428 2837 more
447 2830 458 2844 ‚
495 2811 530 2836 ut
549 2801 628 2838 alibi
656 2802 851 2838 notavimus
868 2829 879 2843 ‚
920 2815 985 2850 pro
1006 2803 1154 2852 imperio

141 2850 317 2887 Caesarum
344 2850 574 2901 praestabatur.
632 2855 708 2902 Ego
744 2864 830 2888 vero
862 2852 966 2888 etiarn
998 2851 1041 2887 de
1068 2854 1157 2890 mili-

140 2901 202 2936 tari
220 2901 432 2938 sacramento
461 2903 665 2938 Suetonium
683 2901 778 2950 loqui
803 2901 948 2938 arbitror
966 2930 978 2945 ‚
1012 2914 1050 2939 ut
1068 2904 1155 2944 Caes.

143 2963 215 3001 cap.
234 2965 337 2990 xL11.
370 2955 456 2989 Ner.
482 2965 556 3003 cap.
573 2965 678 2990 κων.
708 2956 744 2989 &
764 2952 849 3002 saepe
877 2952 966 2989 alibi.
995 2952 1039 2989 fic
1061 2956 1154 2990 enim

141 2998 211 3037 fere
227 3003 304 3045 JCti
330 3014 369 3038 ac
392 3003 604 3040 vetustissimi
621 3005 747 3053 quique
769 3005 927 3040 auetores
945 3004 1157 3049 sacramenti

143 3052 314 3107 vpcabulo
343 3064 491 3096 utuntur,
517 3054 674 3099 Jevenal.
714 3066 852 3106 quoque
877 3057 942 3093 Sat.
958 3067 1038 3094 xvi.
1077 3068 1157 3092 cum

144 3109 213 3140 ait:

1207 2805 1385 2849 βασιλικῷ
1406 2803 1579 2846 τετίμηκεν
1592 2802 1655 2846 ,ὡς
1674 2804 1703 2840 ἐν
1722 2804 1853 2839 ἄποια-ιν
1881 2803 1995 2840 ’ἔθνει-ι
2014 2806 2228 2854 παρ’ἐυτοῖς

1208 2870 1241 2890 τε
1271 2857 1337 2893 τοῖς
1371 2857 1603 2901 ςροετιωτικοῖς
1642 2853 1819 2898 τάγματιν
1838 2853 2023 2897 Αὖγοός-οιν
2049 2853 2229 2899 βασιλίδ’κ.

1207 2903 1489 2952 ἀναγορεύεσθαι.
1529 2907 1571 2940 In
1583 2904 1741 2942 Novellis
1757 2905 1933 2949 Justiniani
1951 2904 2057 2942 exstat
2075 2906 2225 2944 formula

1180 2958 1182 2961 ’
1211 2954 1423 3001 jurisjurandi
1444 2984 1455 2998 ‚
1485 2953 1529 2990 ab
1550 2955 1588 2991 iis
1607 2955 1763 3004 exigendi
1780 2985 1792 2999 ,
1829 2957 1885 3006 qui
1905 2956 2143 3007 magistratum
2171 2957 2230 2994 ali-

1235 3019 1316 3041 uem
1338 3005 1480 3042 adirent.
1508 3004 1555 3042 ibi
1571 3000 1744 3056 adstringit
1760 3006 1815 3050 se,
1846 3008 1902 3056 qui
1922 3009 2027 3051 jurat,
2056 3007 2100 3044 ad
2116 3006 2229 3044 fidem

1210 3019 1417 3092 servandam
1439 3060 1478 3093 δε
1504 3069 1614 3093 omne
1631 3057 1801 3094 servitium
1819 3056 2049 3108 praestandum
2075 3071 2148 3095 non
2180 3058 2231 3094 so-

1212 3106 1286 3143 lum
1305 3107 1541 3158 Imperatori,
1567 3107 1624 3145 sed
1645 3108 1750 3195 etiam
1769 3107 1927 3158 Augustae
1946 3109 2053 3146 uxori.
2101 3108 2229 3152 ’Ὄμνυ-

1656 3161 1683 3196 Β
1746 3171 1767 3195 2
2195 3171 2235 3199 με
