2504 3425
178 172 287 239 448
535 163 1910 230 C.SUE‘1·.TRANQU1LL1L113.V.

183 269 358 320 quentcr
377 255 579 305 interfuit.
644 257 824 304 Eosdem
846 253 1072 316 speRacula
1093 250 1260 296 edentes
1285 285 1298 304 ‚
1334 245 1501 319 surgens
1521 255 1563 296 &
1585 250 1669 310 ipse
1688 266 1785 296 cum
1804 265 1936 298 cetera
1959 251 2077 299 turba
2101 288 2115 311 ‚
2150 259 2270 299 ‘voce

183 337 227 367 ac
248 338 372 369 manu
391 338 607 368 veneratus
625 321 694 366 est.
760 318 967 363 Tribunis
989 316 1098 376 pleb.
1125 313 1372 360 adeuntibus
1393 315 1431 358 ie
1449 329 1526 375 pro
1550 313 1746 359 tribunali
1768 314 1998 372 excusavit,
2033 317 2146 381 quod
2169 333 2269 379 pro-

187 399 275 447 pter
299 384 501 437 angustias
525 403 610 430 non
639 383 763 444 posset
781 383 918 425 audire
940 395 1010 423 cos
1034 377 1109 423 nisi
1132 377 1291 423 stantes.
1360 381 1499 436 Qiare
1520 378 1564 421 in
1584 376 1701 422 brevi
1724 376 1854 439 spatio
1874 394 2033 426 tantum
2048 385 2196 427 amoris
2207 379 2272 425 fa-

186 439 379 511 vorisque
402 450 596 503 collegit,
630 459 674 490 ut
697 463 794 490 cum
819 441 1056 505 profectum
1075 459 1173 488 eum
1196 441 1361 488 Ostiam
1384 441 1541 504 periisse
1552 440 1772 487 exinsidiis
1791 445 2026 490 nuntiatum
2040 444 2160 500 effer,
2183 462 2273 489 ma-

187 526 271 574 gna
293 498 622 557 consternaiione
643 510 843 570 populus,
878 511 922 552 &
947 508 1122 551 militem
1148 506 1259 569 quali
1284 505 1538 567 proditorem
1553 541 1566 561 ‚
1601 509 1644 550 δέ
1667 504 1854 552 senatum
1874 506 1987 570 quasi
2007 508 2272 569 parricidam,

190 575 286 621 diris
309 573 652 620 exsecrationibus
677 570 869 617 incessere
895 587 981 615 non
1006 584 1098 616 ante
1122 569 1348 625 destiterit,
1384 586 1509 632 quam
1528 585 1636 613 unus
1657 584 1782 632 atque
1806 571 1927 632 alter,
1962 575 2005 617 &
2027 585 2124 615 mox
2137 572 2272 631 plures

188 655 211 683 a
236 635 533 698 magistratibus
556 639 598 682 in
627 634 776 682 Rostra
794 635 1009 699 produffi,
1044 634 1198 680 salvum
1222 638 1266 679 &
1287 634 1619 696 appropinquare
1640 632 1949 680 confirmarent.
2016 636 2113 680 Nec
2134 648 2274 679 tamen

190 715 331 761 expers
352 699 585 745 infidiarum
613 698 907 764 usquequaque
929 697 1175 761 permaniit,
1207 696 1275 744 sed
1299 703 1341 743 δε
1366 716 1387 743 a
1407 698 1601 760 fingulis‚
1635 701 1678 742 ὃς
1701 713 1774 760 per
1793 696 2050 754 faffionem,
2084 696 2132 743 &
2153 697 2276 743 deui-

190 779 271 823 que
296 763 409 807 civili
431 762 544 808 bello
566 763 778 811 infestatus
801 764 873 810 est.
940 764 978 808 E
1004 762 1125 824 plebe
1152 762 1281 808 homo
1301 765 1424 808 noete
1447 761 1582 807 media
1603 767 1715 820 juxta
1737 761 1978 809 cubiculum
1991 767 2184 821 ejuscum
2198 778 2278 823 pu·-

189 826 316 887 gione
337 824 611 888 deprehensus
629 827 708 874 est:
744 829 951 889 reperti&
974 825 1172 889 equestris
1191 827 1349 873 ordinis
1366 828 1450 872 duo
1472 828 1517 872 in
1540 825 1715 888 publico
1740 843 1838 872 cum
1856 827 2012 873 dolone
2035 843 2081 871 ac
2104 842 2276 872 venato-

187 891 251 934 rio
277 890 408 935 cultro
427 890 722 953 praestolantes,
757 894 856 938 alter
878 908 923 938 ut
942 890 1143 955 egressum
1163 890 1344 946 theatro,
1378 892 1477 937 alter
1502 905 1545 935 ut
1559 889 1854 936 sacrificantem
1868 891 1974 954 apud
1987 891 2132 936 Martis
2144 890 2276 936 aedem

190 952 430 1000 adoriretur.
501 956 851 1018 Conspiraverant
883 970 1018 1001 autern
1052 955 1099 1000 ad
1129 972 1196 1003 ¹res
1229 971 1356 1001 novas
1393 957 1545 1000 Gallus
1569 954 1741 1000 Asinius
1765 960 1806 1000 &
1834 957 2015 1001 Statilius
2037 956 2278 1009 Corvinus,

192 1018 399 1062 Pollionis
420 1035 463 1063 ac
493 1020 686 1067 Messaliae
709 1036 920 1067 oratorum
945 1034 1142 1081 nepotes,
1177 1019 1354 1065 assumtis
1375 1019 1664 1081 compluribus
1686 1018 1846 1065 libertis
1867 1019 1989 1082 ipsius
2005 1033 2128 1082 atque
2141 1020 2277 1066 servis.

190 1081 355 1126 Bellum
381 1083 502 1128 civile
526 1087 657 1130 movit
678 1087 822 1130 Furius
847 1085 1050 1129 Camillus
1072 1084 1367 1130 Scribonianus
1385 1085 1606 1129 Delmatiae
1626 1084 1784 1145 legatus
1803 1101 1817 1144 ς
1858 1101 2002 1130 verum
2027 1084 2131 1129 intra
2148 1085 2278 1146 quin-

193 1157 284 1188 tum
310 1144 420 1189 diem
440 1147 647 1207 oppressus
669 1148 725 1193 est
740 1184 752 1203 ‚
786 1147 990 1211 legionibi
1008 1163 1027 1192 s
1047 1163 1138 1208 quae
1162 1147 1456 1193 sacramentum
1479 1162 1735 1193 mutaverant
1755 1182 1768 1203 ‚
1804 1148 1848 1192 in
1870 1149 2160 1209 poenitentiam
2184 1148 2282 1194 reli-

192 1208 322 1269 gione
347 1210 571 1267 conversis,
606 1211 824 1273 postquam
846 1213 1090 1257 denuntiato
1110 1211 1159 1257 ad
1182 1229 1341 1257 novum
1358 1215 1654 1273 Imperatorem
1677 1213 1848 1268 itinere,
1882 1210 1973 1258 casu
1988 1211 2194 1276 quodam,
2228 1225 2281 1256 an

195 1270 416 1330 divinitus,
450 1289 588 1338 neque
606 1277 742 1339 aquila
762 1277 920 1333 ornari,
953 1291 1093 1337 neque
1117 1275 1228 1339 signa
1249 1277 1429 1323 convelli
1454 1277 1698 1340 moverique
1723 1290 1961 1339 potuerunt.
2029 1274 2281 1322 Consulatus

2300 652 2348 697 13

520 1414 887 1452 Tonnznr.

259 1486 358 1522 Diris
373 1484 686 1535 exsperationibus.]
715 1487 821 1525 Liber
836 1499 908 1539 opt.
928 1486 1192 1535 obtestationibus
1203 1516 1214 1532 ,

664 1538 805 1575 Mallem
821 1538 1102 1585 detestationibus.
1138 1538 1216 1575 Plu-

196 1543 234 1570 ut
253 1537 361 1572 Graeci
381 1538 463 1580 ἀρὰς
481 1537 605 1573 dicunt.

197 1596 233 1620 ra
254 1584 298 1621 ad
318 1588 502 1623 Horatium
521 1586 620 1637 Epod
647 1601 681 1627 v.
709 1589 788 1625 dira
806 1590 978 1635 detestatio
993 1617 1006 1632 ,
1030 1593 1099 1627 δερ.

256 1649 306 1678 13.
335 1636 454 1673 Gallus
470 1636 612 1686 Afinius
631 1637 683 1680 Εἴ
694 1639 848 1676 Statilius
867 1637 1078 1688 Corvinus.]

196 1695 331 1723 veteres
345 1688 497 1724 statinus
515 1716 526 1731 ,
550 1691 588 1725 δε
606 1689 772 1725 statinim
784 1718 794 1732 ‚
823 1703 909 1727 unus
922 1691 1028 1725 etiam
1047 1691 1213 1725 statinus.

196 1734 294 1771 Nihil
310 1748 410 1773 muto
428 1749 558 1775 tamen.
585 1751 671 1775 nam
689 1739 835 1777 Statilios
854 1740 898 1776 ad
921 1738 1092 1776 Meffillas
1112 1740 1214 1790 perri-

197 1796 280 1821 nere
304 1790 341 1823 ὃ(
359 1787 412 1824 hic
434 1789 577 1826 Corvini
601 1803 803 1838 cognomen
831 1790 1005 1834 ostendit,
1055 1794 1090 1826 &
1119 1789 1213 1840 quod

199 1835 354 1872 Neronis
377 1850 462 1873 uxor
481 1839 606 1875 Statilia
634 1832 820 1876 Messhllina
842 1852 965 1879 vocata
996 1840 1066 1878 fuit.
1125 1842 1213 1878 Ner.

198 1896 387 1934 eap.xxxv.
415 1889 472 1922 De
492 1887 610 1925 Afinio
638 1890 737 1927 Gallo
761 1892 865 1927 etiarn
892 1893 1001 1928 Dion.
1060 1891 1131 1927 Fuit
1157 1903 1215 1927 au-

200 1945 275 1971 tem
295 1938 366 1982 ejus
390 1934 496 1973 Asinii
515 1938 630 1981 Galli,
667 1941 724 1989 qui
741 1939 913 1977 dimiffiim
937 1954 957 1977 a
980 1941 1124 1978 Tiberio
1154 1943 1216 1978 Vi-

201 1984 356 2036 psaniam
374 2013 386 2030 ,
421 1985 524 2023 Drusi
546 2000 698 2027 matrem
718 2017 729 2032 ‚
763 2003 906 2027 uxorem
938 1991 1077 2028 duxerat
1109 1990 1211 2028 filius.

202 2036 322 2083 Qare
341 2035 443 2073 Drusi
461 2035 603 2075 fratrem
627 2040 798 2076 uterinum
819 2052 922 2077 vocat
949 2042 1057 2079 Dion.
1114 2044 1216 2077 Pater

203 2084 264 2122 sub
293 2086 438 2124 Tiberio
466 2087 587 2124 misere
613 2090 718 2138 periit.
777 2089 900 2133 Filius,
938 2103 1137 2140 quanquam
1157 2090 1216 2127 ad-

202 2135 318 2175 versus
337 2137 521 2175 Claudium
530 2138 745 2189 conspirass'et
761 2168 773 2183 ,
805 2139 924 2177 exsilio
943 2152 1077 2178 tantum
1094 2141 1218 2178 multa-

201 2195 255 2223 tus
269 2187 326 2226 est.

260 2239 381 2275 Furius
397 2239 566 2276 Camillus
582 2239 727 2277 Scribam.
742 2238 757 2286 ‘l
799 2242 865 2277 Hic
887 2254 967 2278 cum
986 2242 1100 2278 Annio
1118 2241 1217 2277 Vini-

207 2289 307 2326 ciano
339 2290 398 2337 (ut
420 2302 531 2327 narrat
549 2289 667 2337 Dion)
697 2290 826 2327 bellum
841 2293 973 2333 movit,
1010 2290 1066 2328 sed
1092 2303 1110 2327 a
1129 2291 1216 2327 mili—

208 2338 297 2376 tibus
324 2339 496 2383 desertus,
534 2354 649 2377 morte
677 2341 865 2378 voluntaria
892 2343 998 2392 periit.
1054 2342 1218 2377 Meminit

208 2388 362 2433 eiusdem
390 2393 530 2427 Sueten.
565 2389 642 2429 infr.
675 2403 748 2443 cap.
769 2405 869 2428 xxxv.
910 2396 945 2428 ἃ
974 2391 1056 2428 Oth.
1085 2403 1159 2441 cap.
1187 2406 1215 2428 1.

210 2439 311 2476 Plura
341 2439 442 2477 Oros
472 2440 527 2476 lib.
546 2454 627 2478 v11.
673 2445 709 2478 ὅ(
744 2442 901 2478 nonnihil
925 2443 1009 2479 Plin,
1047 2441 1104 2478 lib.
1140 2455 1216 2479 ιιι.

209 2489 312 2539 Epist.
333 2502 411 2527 xvi.
471 2489 572 2527 Idem
597 2490 767 2535 fortaffis,
801 2493 844 2529 de
863 2506 932 2542 quo
950 2493 1058 2530 Tacit.
1074 2491 1137 2529 Jib.
1165 2506 1216 2529 11.

211 2538 336 2577 Annal.
383 2540 475 2589 quod
502 2539 561 2577 sub
585 2542 728 2579 Tiberio
753 2543 933 2593 proconsul
961 2541 1084 2578 Africae
1121 2543 1218 2578 Furio

213 2590 348 2628 nomini
376 2590 503 2627 multos
527 2590 601 2640 post
637 2604 747 2630 annos
774 2592 901 2629 militiae
929 2592 1031 2628 decus
1057 2592 1218 2635 restituit,

214 2641 328 2678 consul
355 2653 435 2676 cum
462 2644 527 2677 Cn.
548 2643 727 2686 Domitio,
760 2645 912 2680 Neronis
930 2643 1090 2692 Principis
1105 2654 1220 2693 patre,

215 2691 373 2729 suffectus
393 2691 427 2726 in
445 2690 559 2727 locum
579 2693 619 2729 Α.
641 2693 785 2736 Vitellii,
815 2695 855 2730 Α.
870 2697 912 2730 U.
930 2704 1086 2730 Dccxxv.

270 2740 359 2788 Casu
375 2741 520 2793 qtfodam
529 2754 568 2777 ac
585 2743 766 2780 djvinizus.
784 2743 796 2791 ]
818 2747 916 2793 Lego
926 2771 938 2787 ‚
967 2757 1014 2780 an
1026 2744 1197 2781 divinitus
1210 2773 1221 2788 ‚

218 2789 380 2840 loquendi
396 2791 544 2826 lori-nula
571 2794 696 2828 Tacito
723 2794 881 2831 consueta
901 2823 911 2836 ,
954 2806 1154 2844 quanquam
1172 2807 1222 2830 re·
1247 2824 1250 2833 ,

219 2850 370 2893 pugnant
387 2840 507 2874 onmia
523 2869 533 2882 ,
556 2854 631 2889 quae
650 2842 793 2879 viderim
805 2872 817 2887 ,
846 2845 1067 2894 exemplaria.

275 2886 406 2939 Aquila
424 2887 571 2934 ornari]
604 2892 722 2975 Aq'uila
753 2895 810 2939 (ur
828 2894 936 2930 scribit
949 2895 1031 2932 Plin.
1043 2888 1133 2931 libat.
1146 2905 1218 2945 cap.

225 2941 301 2987 xv.)
336 2938 505 2976 Romanis
522 2937 648 2986 legioni
677 2954 713 2976 us
737 2953 756 2976 a
783 2946 823 2978 C.
846 2945 957 2980 Mario
975 2944 1123 2983 secundo
1150 2947 1222 2989 ejus

220 2990 394 3031 consulatu
408 2986 517 3022 dicata
533 3015 545 3030 ‚
589 3000 717 3036 magua
738 2992 771 3026 in
791 2995 1010 3031 veneratione
1027 2995 1116 3044 apud
1135 2995 1224 3031 mili-

221 3055 272 3081 tes
289 3042 350 3078 fuit
364 3068 373 3082 ,
393 3040 429 3072 δε
447 3035 586 3089 quidem
602 3038 636 3074 in
652 3038 771 3075 sacello
796 3041 973 3080 collocata.
1030 3045 1130 3082 Unde
1145 3056 1224 3081 eam

221 3092 336 3132 efferri
358 3086 420 3126 nifi
441 3098 609 3127 movente
627 3090 775 3127 exercitu
789 3090 885 3129 nefas
903 3104 984 3131 erat.

1041 3095 1157 3132 Stabat
1171 3108 1229 3134 au-

2162 1340 2282 1403 super

1255 1425 1327 1451 tem
1347 1413 1509 1465 inposita
1526 1414 1649 1458 hastae,
1687 1417 1782 1462 cujus
1801 1427 1877 1466 pars
1896 1415 2034 1454 inferior
2050 1428 2146 1454 acuta
2165 1417 2199 1453 in
2226 1417 2282 1454 so-

1260 1466 1330 1502 lum
1352 1464 1534 1515 figebatur.
1590 1465 1692 1502 Unde
1713 1465 1737 1501 ii
1758 1480 1837 1503 cum
1856 1480 1942 1515 opus
1961 1465 2060 1510 esset,
2088 1480 2177 1516 aegre
2189 1469 2284 1506 avel-

1261 1515 1384 1551 leretur
1400 1544 1411 1559 ‚
1451 1527 1485 1551 ut
1509 1514 1630 1552 Craffo
1660 1516 1869 1566 Euphratem
1898 1515 2084 1554 transituro
2111 1518 2276 1568 contigit,

1263 1564 1394 1615 pessimi
1411 1566 1538 1602 ominis
1550 1565 1631 1602 loco
1643 1565 1833 1603 habebatur
1842 1596 1853 1612 ,
1873 1568 1885 1613 (
1897 1569 1993 1605 Dion
2003 1567 2120 1605 libati..
2133 1567 2144 1615 )
2157 1581 2278 1619 quem-

1109 1638 1213 1676 Libb·
1261 1615 1459 1653 admodum
1485 1617 1593 1652 etiam
1625 1615 1649 1652 fi
1675 1619 1788 1653 ornari
1806 1631 1878 1655 non
1899 1617 2025 1669 poffiet,
2055 1630 2091 1656 ut
2113 1619 2179 1656 hoc
2198 1618 2279 1658 1000

1264 1668 1426 1704 Suetonii.
1485 1666 1538 1704 Ad
1565 1678 1727 1704 ornatum
1745 1680 1862 1706 autem
1879 1668 1899 1704 s
1917 1671 2026 1713 estat,
2065 1669 2161 1720 quod
2179 1669 2279 1709 tradit

1263 1718 1348 1754 Plin.
1371 1717 1549 1754 lib.x111.
1565 1729 1642 1767 cap.
1660 1732 1735 1755 ιιι.
1767 1718 1817 1756 his
1835 1682 1950 1758 verlbis
1967 1734 1977 1758 2
2014 1720 2148 1768 Aquila
2173 1730 2279 1766 certe,

1260 1780 1301 1805 ac
1317 1768 1411 1817 figna
1422 1768 1664 1816 pulverulenta
1680 1768 1763 1813 illa,
1788 1767 1841 1813 ξς
1860 1770 2009 1816 custodiis
2023 1769 2163 1808 horrida
2173 1773 2284 1808 inun-

1259 1829 1387 1865 guntur
1395 1818 1489 1866 festis
1506 1817 1632 1857 diebus.
1686 1826 1761 1856 Hac
1780 1820 1947 1857 nimirum
1963 1821 2111 1859 mercede
2130 1829 2280 1869 corrupta

1262 1877 1436 1904 terrarum
1472 1868 1582 1904 orbem
1621 1868 1775 1905 devicere
1811 1871 1957 1919 Aquilae.
2021 1873 2182 1920 Spestant
2213 1872 2280 1909 huc

1265 1920 1371 1955 etiam
1398 1918 1607 1955 numismata
1624 1919 1694 1955 duo
1714 1932 1831 1957 vetera
1853 1932 2034 1970 argentea,
2062 1921 2206 1957 alterum
2232 1923 2276 1959 C.

1271 1969 1398 2009 Valerii
1416 1970 1544 2014 Flacci,
1575 1969 1720 2007 alterum
1742 1973 1783 2008 L.
1795 1969 2095 2018 ValeriiAcisculi,
2121 1969 2279 2022 apudme

1272 2947 1402 2987 servata
1411 2979 1422 2993 ,
1450 2962 1601 3000 quorum
1610 2961 1732 2998 typum
1747 2946 1797 2984 his
1808 2947 2067 2984 commentariis
2075 2945 2279 2989 addidimus.

1273 3002 1487 3050 Quanquam
1516 3000 1558 3036 de
1588 2997 1726 3035 Acisculi
1744 3010 1895 3033 nummo
1922 2996 2090 3039 ,lobannis
2118 3001 2282 3046 Vivimi,

1273 3061 1387 3087 rerum
1408 3051 1623 3098 antiquarum
1643 3045 1871 3083 studiosissimi
1886 3075 1896 3089 ,
1923 3045 2081 3089 iudicium
2098 3049 2213 3099 postea
2233 3052 2282 3086 in-

1274 3099 1406 3143 tellexi,
1431 3100 1525 3148 quod
1551 3097 1650 3150 ipsius
1668 3109 1708 3134 ea
1726 3096 1768 3134 de
1785 3110 1820 3133 re
1847 3095 1993 3147 epistolae
2021 3097 2064 3135 ad
2084 3113 2143 3135 me
2171 3100 2284 3185 vgrbis

2167 3160 2188 3186 a
2214 3151 2287 3186 ieri-
