2504 3425
481 161 773 216 S-Eav.

853 163 1461 219 S'chtctus

1536 165 1911 222 GALBA.

2124 177 2228 248 εει

127 256 208 325 εἱει-
226 250 404 298 univcrfi
435 253 601 313 generis
634 249 802 315 exsequi
838 253 1014 316 longum
1039 251 1098 298 cst
1120 271 1130 298 τ
1167 251 1333 301 familiae
1354 254 1533 302 breviter
1557 258 1770 321 attingam.
1834 260 1927 320 Qi
1949 259 2105 322 primus
2124 267 2221 311 Sul-

127 318 333 378 pictorum
354 330 598 378 cognomen
621 315 769 361 Galbae
794 317 909 372 tulit,
944 334 1041 373 cur,
1075 331 1144 362 aut
1169 317 1278 362 unde
1301 319 1492 376 traxerit,
1535 320 1773 383 ambigitur.

1836 323 2023 384 Qidam
2045 341 2215 387 putant,

125 379 243 441 quod
276 379 481 440 oppidum
517 379 727 440 Hispaniae
764 377 908 426 frustra
940 381 1012 425 diu
1045 395 1338 442 oppugnatum
1373 382 1490 427 illitis
1521 383 1692 429 demum
1727 384 1906 447 galbano
1929 385 2090 438 facibus
2122 389 2218 435 suc-

121 441 339 488 cenderit:
363 442 431 487 aiii
450 441 564 505 quod
583 443 627 487 in
654 442 847 489 diuturna
867 443 1101 491 valetudine
1120 442 1295 506 galbe0‚
1328 446 1369 490 id
1389 444 1474 503 cst,
1508 448 1700 494 remediis
1726 450 1814 495 lana
1828 450 2029 502 involutis
2045 448 2215 500 ‘assidue

441 579 480 614 T:
506 586 534 615 o
564 589 585 614 κ
621 590 647 614 its
676 570 754 616 nlu-
779 586 814 618 τ’,

2072 532 2215 562 utere*

1188 578 1320 618 reliano
1333 607 1346 623 ‚
1374 582 1526 617 Tetricus
1550 582 1728 631 chlamyde
1747 596 1856 622 coccea
1871 612 1884 630 ,
1910 586 2028 623 tunica
2040 588 2210 637 galbina3

178 640 207 670 3.
220 663 222 665 ,
235 629 424 676 Cognomen
439 627 587 675 Galbae.]
627 631 786 676 Qatuor
803 629 903 674 hujus
918 626 1141 678 cognominis
1186 628 1312 668 braccis
1329 629 1467 668 Gallim
1493 631 1643 670 indutus.

118 678 269 714 rationes
292 676 404 714 adfert
426 680 567 715 Sueton.
606 690 753 728 quarum
785 691 851 716 nec
888 680 1029 727 prima,
1073 689 1137 712 nec

118 726 474 764 secunda'admodum
503 726 690 778 probabilis
714 727 772 765 est.
811 727 1012 778 quanquam
1040 727 1134 764 enim

107 775 299 824 galbanum
322 778 516 815 Dioscoridi
533 790 573 815 ac
595 778 708 814 Plinio
724 779 851 828 pingue
869 776 910 814 fit
928 806 938 820 ‚
967 781 1004 814 δι
1024 777 1137 826 proin·

116 826 161 862 de
184 828 304 877 ignem
322 829 471 870 nutriat,
491 829 564 877 quis
579 837 701 864 tamen
719 839 739 863 a
757 826 901 874 galbano
919 828 1067 863 Galbam
1077 826 1134 861 de-

114 876 201 913 rivet
224 880 236 915 ?
264 877 428 914 Galbeum
445 884 583 927 quoque
605 876 933 913 Festusornamemi
956 875 1134 926 quoddam

113 938 222 973 genus
240 930 356 965 vocari
374 927 444 970 ait,
470 939 542 976 quo
560 924 714 964 remedia
730 925 939 964 foi-tailisilla
958 928 1001 964 de
1011 925 1134 977 quibus

112 966 167 1012 hic
186 980 326 1014 sueton.
363 972 646 1020 inveniebantur,
672 975 730 1013 sed
748 976 896 1026 Galbam
914 990 997 1014 eum
1016 975 1131 1026 appel-

112 1024 183 1062 lare
204 1027 270 1075 'qui
289 1023 580 1075 galbam-“gestet
596 1022 619 1070 ,²
634 1038 744 1077 prope
761 1026 938 1065 ridicuhxm
958 1027 1019 1065 est.
1044 1029 1132 1063 Prae-

111 1076 257 1126 pingues
282 1089 367 1114 vero
385 1088 405 1112 a
427 1077 530 1113 Gallis
556 1078 673 1117 vocari
693 1077 815 1125 galbas
842 1079 920 1115 hinc
945 1076 1131 1116 verisimile

110 1124 160 1177 cst
182 1154 196 1170 ‚
225 1126 337 1178 '‘quod-
355 1140 445 1177 nunc
473 1129 578 1166 etiarn
608 1127 750 1178 Belgae,
800 1129 847 1164 uti
876 1133 914 1166 δε
935 1128 1132 1172 Germani,

110 1187 213 1227 atque
227 1175 315 1216 olim
333 1177 439 1217 etiam
458 1177 545 1228 Galli
565 1208 578 1224 ,
603 1178 755 1218 'vitulum
781 1190 911 1218 vocant
935 1179 1023 1216 Calb
1043 1206 1056 1222 ,
1094 1182 1128 1215 &

108 1239 172 1265 eos
191 1228 249 1280 qui
268 1227 367 1279 obesi
393 1241 434 1266 ac
451 1230 599 1277 minime
622 1228 706 1266 mali
723 1230 797 1266 sunt
811 1257 824 1272 ,
854 1229 991 1268 Calber.
1051 1232 1130 1265 Nec

108 1290 228 1334 quarta
240 1277 295 1315 illa
309 1280 461 1316 Suetonii
477 1280 573 1317 causa
600 1278 774 1329 displicet,
800 1290 838 1316 ut
866 1277 950 1317 sicut
976 1277 1126 1324 Coffos,

107 1329 157 1367 iic
175 1328 304 1368 Galbas
319 1329 363 1366 ab
380 1329 595 1368 animalculis
617 1358 629 1373 ,
670 1330 726 1367 seu
744 1328 879 1366 inseetis
905 1330 1132 1380 appellemus.

109 1379 177 1418 Sed
196 1392 317 1430 tamen
337 1392 459 1430 praeter
474 1382 682 1426 Suetonium
705 1379 739 1417 id
765 1393 876 1417 nemo
895 1381 1006 1419 tradit.
1064 1380 1132 1416 Ad-

109 1429 194 1468 dam
222 1443 308 1470 vero
337 1431 559 1467 Lastantium
584 1430 760 1467 Placidum
779 1458 791 1473 ‚

117 1482 131 1521 ί
142 1479 212 1529 sive
231 1483 258 1518 is
279 1482 435 1517 Lutatius
454 1479 582 1527 fuerit)
609 1493 682 1517 non
693 1479 843 1527 galbeos,
874 1492 909 1517 ut
926 1481 1059 1525 Festus,
1073 1480 1130 1517 sed

56 1536 62 1542 '
104 1531 225 1578 galbas
245 1542 370 1572 vocare
395 1529 545 1568 armillas
563 1559 576 1574 ‚
602 1543 679 1580 quae
698 1529 871 1567 interdum
891 1531 1056 1568 militibus
1070 1530 1130 1567 da-

109 1582 242 1630 bantur.
301 1579 357 1618 Est
382 1584 420 1620 §a
439 1580 536 1618 color
555 1581 701 1629 galbas,
733 1578 806 1618 five
818 1580 981 1629 galbam,
1019 1582 1129 1632 quiin

107 1633 236 1669 Lexico
254 1632 520 1669 Latino-Graeco
535 1629 666 1678 χλωρὶς
686 1629 807 1667 dicitur
820 1659 832 1674 ‚
869 1644 976 1680 quem
996 1637 1032 1669 ὅ(
1051 1632 1129 1670 viri-

105 1680 210 1725 dem,
240 1685 276 1719 ὅ(
297 1681 452 1725 flavum,
475 1685 511 1717 δ(
532 1680 696 1730 pallidum
717 1681 929 1731 interpretari
944 1682 1031 1720 licet.
1044 1694 1127 1719 nam

106 1731 265 1769 chlorites
289 1732 377 1779 lapis
401 1731 561 1767 herbacei
587 1730 711 1767 coloris
740 1730 808 1774 est,
849 1729 875 1766 fi
894 1732 1004 1769 Plinio
1022 1732 1127 1769 credi-

105 1793 185 1818 mus
216 1782 273 1818 lib.
296 1793 448 1819 xxxvn.
497 1793 572 1829 cap.
598 1794 631 1817 x.
687 1781 731 1816 At
761 1780 917 1817 chlorion
944 1784 1016 1821 avis
1035 1811 1046 1826 ,
1091 1795 1126 1820 nt

104 1830 200 1868 idem
232 1832 353 1867 anaor
380 1830 516 1867 tradidit
543 1829 602 1867 lib.
621 1843 653 1866 x.
678 1841 752 1879 cap.
775 1843 854 1867 xix.
900 1842 990 1869 totus
1017 1831 1126 1871 luteus

102 1879 161 1918 est.
208 1882 308 1927 ¹Non
334 1881 449 1927 minus
477 1891 599 1923 tamen
616 1879 696 1923 avis
717 1892 826 1930 quam
854 1879 983 1932 lapisa
1010 1882 1125 1920 colore

101 1943 210 1980 quem
235 1931 381 1970 diximus
396 1959 408 1975 ,
445 1944 580 1968 nomen
602 1931 743 1979 accepir.
803 1934 936 1968 lterum
958 1932 1044 1970 Plin.
1063 1933 1120 1970 lib.

100 1994 176 2020 xxx.
197 1994 276 2032 cap.
292 1996 349 2019 x1.
378 1981 473 2018 Avis
501 1981 660 2031 (inquit)
685 1980 808 2017 merus
828 1990 1008 2019 vocatura
1023 1984 1122 2020 colore

100 2033 209 2070 ictero
227 2031 359 2071 morbo
380 2030 631 2074 laborantium,
661 2043 758 2079 quem
762 2038 845 2078 puto
864 2033 987 2070 Latine
1004 2035 1121 2070 vocari

93 2082 281 2132 galgalam.
309 2095 381 2134 quo
397 2082 478 2120 loco
496 2082 582 2119 libb.
602 2093 677 2117 MSS.
695 2080 872 2128 galbulam
897 2082 1036 2132 legunt,
1063 2096 1119 2122 aut

93 2133 281 2180 galbulam.
341 2136 388 2170 Ut
416 2132 540 2169 eadem
565 2130 607 2168 sit
626 2129 725 2174 aviS,
755 2130 798 2167 de
816 2143 883 2181 qua
909 2136 947 2170 δε
970 2135 1115 2172 Martial.

98 2182 158 2219 lib.
174 2196 282 2221 κιιι.
313 2184 427 2234 Epigr.
445 2195 600 2221 valll.
633 2193 741 2230 quam
760 2184 797 2218 ὅ(
822 2181 968 2220 luridam
993 2184 1115 2222 alicubi

98 2232 186 2270 Plin.
205 2233 355 2284 appellat
371 2261 384 2277 ‚
409 2233 529 2272 suidas
548 2244 635 2270 vero
653 2230 893 2268 chamadrium
910 2261 923 2276 ,
951 2235 986 2270 ni
1005 2233 1114 2273 fallor.

99 2281 204 2319 Unde
221 2283 446 2332 proverbium
465 2312 477 2328 ‚
506 2281 761 2320 Chamadrium
783 2282 933 2325 imitanS.
992 2287 1111 2332 Quem

98 2345 186 2370 vero
198 2332 357 2379 galbe-um
373 2333 583 2383 galbumque
607 2331 766 2377 colorem
791 2331 938 2374 diximus
956 2364 969 2378 ,
1006 2338 1111 2373 etiam

88 2383 288 2432 galbineum
313 2385 351 2421 ὃς
363 2382 541 2430 galbinum
557 2383 677 2421 vocari
691 2384 937 2432 comperimus.
968 2389 1016 2422 Ut
1031 2400 1110 2424 cum

100 2434 265 2482 Vegetius
282 2434 318 2470 in
347 2433 562 2469 Veterinaria
579 2432 705 2469 florem
734 2434 865 2483 eryngii
889 2434 935 2470 ait
961 2434 1026 2472 effe
1039 2439 1112 2485 gal-

93 2482 186 2520 binei
205 2483 336 2525 coloris,
365 2494 473 2532 quem
492 2481 677 2519 herbarum
704 2481 882 2532 scriptores
903 2485 1085 2524 caeruleum
1099 2517 1108 2530 ,

95 2533 154 2569 sed
173 2532 397 2583 subpallidum
412 2530 539 2568 faciunt
556 2551 565 2576 3
604 2543 753 2580 cumque
780 2534 980 2571 Lactantius
997 2549 1112 2584 gram-

94 2585 260 2626 maticus,
286 2581 437 2620 Achates
464 2582 595 2631 (inquit
603 2580 621 2627 )
640 2581 723 2628 lapis
740 2580 1111 2629 velutgatbinicotoris,

93 2637 132 2671 in
149 2633 287 2676 Achate
298 2631 445 2681 flumine
461 2631 574 2667 sicilia
588 2631 755 2679 plurimus
769 2657 782 2673 ,
808 2634 855 2666 ad
868 2636 1021 2678 gratiam
1038 2644 1112 2683 per—

94 2676 231 2728 tineng‘,
262 2681 316 2726 Εἴ
341 2681 420 2717 veri
443 2681 656 2730 consecratws.
713 2681 806 2719 Hinc
824 2681 925 2730 igitur
938 2684 1109 2730 galbana,

93 2735 298 2772 vestimenta
323 2731 484 2783 quaedam
512 2731 706 2768 delicatiora
726 2757 738 2774 ,
783 2730 877 2780 apud
903 2731 1107 2775 Juvenalem

91 2789 159 2823 Sat.
179 2800 191 2823 1
204 2799 232 2823 1.

147 2833 295 2873 Caerulea
315 2834 460 2870 inclutus
472 2831 674 2880 scutulata,
702 2840 763 2868 aut
782 2831 936 2880 galbana
958 2834 1050 2882 rasa.

91 2886 194 2923 Unde
206 2884 433 2933 galbanatus,
465 2884 512 2919 eis
522 2882 654 2918 indutus
672 2910 684 2925 ,
707 2893 746 2918 ac
765 2882 907 2931 proinde
925 2881 1108 2922 effemina—

91 2949 143 2974 tus
160 2948 201 2973 ac
219 2934 333 2976 mollis
349 2963 362 2978 ,
408 2932 498 2983 apud
515 2932 709 2969 Martialem
725 2932 782 2968 lib.
802 2946 877 2969 ιιι.
916 2934 1028 2984 Epigr.
1048 2948 1104 2974 xx„

92 2989 164 3035 Qui
183 2985 283 3022 fimili
300 2984 518 3021 transsatione
537 2982 595 3020 lib.
620 2996 647 3020 1.
684 2983 798 3033 Epigr.
816 2994 917 3022 inv.
941 2984 1106 3031 galbanos

840 1431 1109 1479 grammaticum
1120 1458 1132 1474 ,

1497 730 1892 775 Casaunou.

1222 850 1228 860 s
1240 817 1270 846 3.
1285 804 1381 840 Illitis
1389 805 1525 841 demum
1529 805 1673 853 galbano
1678 808 1829 852 saczbm.
1842 812 1858 857 ]
1874 812 2076 853 Gloffinum
2090 832 2099 854 ε
2111 825 2204 857 raas

1181 855 1266 893 βανη
1286 854 1305 894 ἦ
1326 853 1493 899 χκλζοὶνη
1506 882 1518 898 ,
1529 855 1658 893 Galba.
1668 857 1724 892 sed
1735 861 1845 895 Graeci
1866 873 1927 908 per
1934 880 1962 909 χ
1978 866 2064 902 hanc
2076 881 2202 907 vocem

1182 912 1364 956 enunciant
1382 932 1395 947 ,
1430 917 1503 941 non
1524 915 1559 942 ut
1578 907 1695 943 Latini
1716 919 1777 955 per
1788 920 1811 955 g
1830 923 1841 942 .-
1869 922 1975 958 quam
2004 915 2201 957 analooiam

1181 962 1216 986 in
1234 952 1305 990 aliis
1325 953 1562 1004 deprehendes
1579 958 1617 992 ὃ(
1636 956 1750 992 Latini
1769 957 1859 993 hunc
1876 960 1992 997 herba:
2024 949 2199 1005 tbi-ulica

1179 999 1320 1047 'succum
1341 1005 1515 1056 appellant
1524 1004 1719 1054 galbanum
1731 1035 1744 1050 ,
1769 1019 1842 1045 non
1855 1008 2006 1056 galbam.

1237 1055 1380 1099 Galbeo,
1405 1056 1445 1092 id
1457 1055 1519 1101 est,
1549 1056 1703 1092 remediis
1720 1057 1804 1094 lana
1821 1057 1987 1096 involutis
1995 1061 2114 1109 affiJue
2132 1078 2205 1103 ute„

1181 1104 1312 1154 retusa]
1346 1106 1519 1144 Remedia
1543 1103 1614 1143 sive
1633 1118 1711 1155 quae
1734 1107 1861 1144 medici
1879 1122 1922 1147 ex
1940 1111 2018 1148 artis
2038 1112 2104 1150 sua:
2121 1128 2203 1165 prae-

1183 1156 1286 1203 ceptis
1303 1155 1521 1206 imperabant
1540 1182 1551 1196 ,
1590 1152 1663 1194 five
1684 1168 1762 1206 quae
1779 1156 1967 1208 supeistitio
1995 1161 2104 1214 aliqua
2134 1165 2205 1203 sua-

1182 1202 1304 1249 debat,
1330 1206 1386 1245 vel
1408 1218 1461 1243 ars
1484 1206 1643 1254 magica,
1673 1207 1822 1257 persaepe
1839 1207 1927 1246 lanae
1944 1211 2096 1251 involuta
2119 1215 2206 1254 affe-

1182 1255 1245 1291 stae
1263 1257 1347 1306 parti
1363 1257 1614 1295 admovebant.
1659 1257 1713 1292 Sic
1733 1256 1822 1294 libro
1842 1270 1882 1297 vi
1896 1273 1906 1296 1
1920 1275 1947 1297 ι.
1977 1263 2012 1298 in
2029 1266 2204 1304 Domitia-

1181 1317 1229 1340 no
1249 1318 1549 1345 commemoratur
1571 1305 1749 1342 brachium
1769 1309 1865 1345 velut
1892 1323 2009 1358 agrum
2034 1312 2126 1352 lanis
2137 1317 2202 1361 fa·

1177 1355 1315 1407 [ciisque
1333 1358 1539 1395 obvolutum.
1566 1356 1647 1395 vide
1663 1356 1706 1393 ad
1724 1356 1820 1394 illum
1841 1358 1970 1398 locum.
2005 1363 2196 1404 Pliniuslib.

1180 1419 1255 1443 xxx.
1281 1419 1421 1458 cap.xv.
1452 1407 1556 1458 refert
1575 1420 1616 1444 ex
1631 1408 1852 1458 quorundam
1868 1409 2053 1457 sententia,
2078 1416 2199 1462 stellio-

1178 1457 1230 1492 nis
1255 1458 1399 1494 cinerem
1424 1457 1626 1495 lineamento
1652 1457 1849 1495 involutum
1875 1462 1912 1496 in
1935 1460 2067 1510 sinistra
2090 1479 2200 1504 manu

1181 1512 1337 1544 Venerem
1347 1507 1536 1554 stimulare.
1594 1507 1791 1558 Aliquando
1813 1508 1952 1548 succum
1971 1514 2132 1554 remedio
2147 1517 2200 1555 fis-

1178 1568 1291 1595 turum
1311 1558 1523 1596 adhibebant
1542 1587 1554 1602 ,
1583 1560 1751 1595 colleelum
1761 1557 1868 1608 flocw
1887 1588 1900 1604 ,
1937 1572 1972 1598 ut
1987 1562 2119 1603 ibidem
2132 1567 2199 1604 Pli-

1178 1608 1251 1647 nius
1277 1608 1435 1658 loquitur.
1461 1608 1647 1659 aliquando
1672 1608 1760 1645 lanae
1787 1608 1895 1660 hapso
1913 1611 2124 1653 utebantur:
2158 1629 2197 1656 ut

1176 1671 1257 1696 cum
1277 1657 1424 1708 septimo
1441 1658 1529 1696 libro
1553 1656 1666 1702 Celsi,
1695 1658 1871 1696 inducitur
1887 1659 2007 1711 hapsus
2026 1663 2105 1701 lana
2113 1667 2195 1703 mol.

1173 1708 1213 1744 lis
1230 1738 1243 1753 ,
1269 1709 1376 1757 tepido
1394 1709 1458 1745 oleo
1478 1709 1630 1757 repletas.
1687 1710 1772 1745 Fere
1797 1721 1914 1747 autem
1932 1724 2014 1749 cum
2033 1713 2077 1750 de
2093 1727 2194 1754 amu-

1172 1759 1245 1796 letis
1270 1761 1307 1796 δε
1328 1759 1366 1796 iis
1382 1772 1457 1809 quae
1475 1759 1655 1808 περίσεπτα
1674 1758 1784 1796 Graeci
1802 1758 1984 1806 dicebant,
2010 1762 2193 1815 loquuntur

1173 1822 1303 1846 veteres
1330 1839 1342 1854 ,
1378 1809 1489 1847 verbo
1512 1810 1698 1856 adalligari
1716 1809 1752 1844 in
1770 1820 1851 1846 eam
1868 1823 1944 1847 rem
1972 1824 2125 1860 utuntur3
2146 1827 2196 1855 ·ut

1175 1859 1295 1908 passiin
1323 1860 1450 1897 Plinius
1477 1858 1536 1896 illo
1560 1858 1658 1895 libro.
1691 1858 1807 1908 itaque
1824 1872 1898 1897 non
1922 1859 2019 1899 facile
2046 1865 2191 1905 credam

1171 1909 1366 1947 remedium
1391 1912 1483 1956 cujus
1515 1910 1570 1946 hic
1598 1908 1733 1945 mentio
1760 1906 1829 1952 fit,
1874 1911 2053 1961 magicum
2080 1913 2207 1954 fiiiffi.'

1171 1963 1257 1997 Non
1278 1961 1381 1996 etiam
1408 1959 1604 1997 assentimur
1621 1959 1701 1996 viris
1720 1957 1948 1997 eruditiffimis
1961 1989 1975 2005 ,
2005 1964 2063 2014 qui
2080 1977 2122 2002 ex
2137 1965 2190 2005 his

1167 2012 1319 2048 Suetonii
1337 2010 1449 2049 verbis
1475 2010 1529 2046 illa
1549 2007 1750 2046 censuerunt
1769 2008 1921 2046 tollenda
1938 2038 1950 2053 ‚
1987 2012 2026 2048 id
2041 2013 2084 2061 est
2097 2043 2109 2059 ,
2146 2019 2194 2055 ὅς’

1166 2061 1260 2099 lana.
1288 2073 1372 2098 nam
1386 2061 1550 2097 Memmii
1566 2058 1676 2096 codex
1693 2061 1732 2095 &
1751 2059 1886 2096 Viterb.
1906 2059 2004 2098 facile
2021 2066 2187 2106 omnium

1165 2113 1309 2162 optimi,
1338 2112 1384 2148 ita
1402 2111 1502 2162 plane
1520 2109 1671 2152 habent,
1701 2119 1738 2145 ut
1747 2109 1794 2147 est
1805 2109 2046 2151 editum.&ita
2055 2128 2185 2155 omnes

1164 2177 1244 2201 mss.
1265 2163 1376 2213 paucis
1396 2161 1542 2211 exceptis
1556 2189 1569 2205 ,
1611 2172 1631 2195 a
1650 2159 1773 2210 quibus
1799 2159 1919 2197 absunt
1944 2162 1999 2198 illa
2017 2191 2030 2206 ,
2064 2165 2104 2201 id
2124 2167 2178 2212 ast,

1164 2225 1344 2264 perperam
1363 2239 1375 2255 ,
1409 2223 1444 2248 ut
1469 2212 1629 2257 diximus.
1686 2212 1796 2246 Porro
1826 2210 1897 2247 haec
1925 2212 2079 2249 remedia
2101 2214 2181 2254 lana·

1159 2264 1312 2302 involuta
1334 2275 1415 2299 cum
1430 2260 1566 2298 affestae
1585 2261 1671 2309 parti
1687 2260 1964 2308 applicabantur,
1984 2261 2094 2310 galbei
2110 2266 2182 2304 v'ul.

1161 2328 1209 2364 go
1225 2314 1361 2352 fuerunt
1372 2312 1533 2349 distitati:
1551 2313 1644 2356 cujus
1663 2309 1898 2359 appellationis
1916 2312 2089 2351 rationem
2105 2314 2181 2365 plu.

1161 2365 1252 2403 ribus
1270 2376 1444 2415 quaerere,
1471 2370 1545 2400 non
1568 2360 1615 2398 est
1628 2361 1734 2406 *hujus
1753 2359 1830 2398 loci.
2193 2362 2196 2367 “

1519 2464 1824 2501 VARIOR.

1212 2546 1242 2575 3.
1257 2533 1358 2580 Qod
1373 2534 1411 2569 in
1427 2532 1594 2568 diuturna
1611 2528 1811 2566 valetudine
1823 2530 1962 2579 galbeo,
1988 2532 2028 2568 id
2040 2531 2102 2577 est,
2128 2539 2182 2570 ra

1158 2583 1279 2618 mediis
1295 2582 1379 2618 lana
1394 2582 1559 2618 involutis
1577 2578 1698 2628 affidue
1714 2590 1876 2617 uteretur.
1890 2582 1906 2627 J
1941 2584 2044 2619 Hunc
2057 2583 2176 2622 locum

1160 2642 1340 2681 perperam
1357 2630 1570 2668 sollicitatum
1594 2641 1822 2679 vexatumque
1834 2631 1912 2667 viris
1930 2631 2040 2669 doctis
2058 2632 2174 2671 doleo.

1158 2682 1322 2717 Galbeam
1346 2691 1451 2719 vocat
1473 2681 1591 2716 austor
1609 2707 1620 2722 ,
1658 2679 1713 2715 illa
1740 2679 1891 2716 remedia
1908 2680 1986 2717 lana
2004 2682 2177 2727 involuta,

1158 2730 1283 2781 quibus
1303 2729 1598 2772 utebatur-Galba,
1631 2729 1725 2779 quod
1744 2743 1843 2766 more
1861 2730 1976 2778 galbei
1993 2731 2049 2770 vel
2060 2733 2178 2775 armil-

1158 2781 1198 2817 la:
1220 2783 1304 2818 circa
1330 2781 1510 2817 brachium
1536 2778 1702 2817 obvoluta
1730 2779 1784 2815 illa
1813 2780 1986 2818 haberet:
2021 2783 2177 2820 remedia

1157 2832 1256 2881 igitur
1284 2831 1361 2867 lana
1389 2830 1540 2869 involuta
1557 2858 1569 2872 ‚
1601 2833 1639 2866 ὃ(
1665 2831 1700 2866 in
1726 2829 1867 2866 brachio
1891 2831 2006 2870 viceni
2032 2832 2174 2869 armillae

1157 2881 1309 2931 gestata,
1328 2881 1485 2929 galbeum
1502 2881 1639 2917 vocavit
1657 2881 1836 2917 Suetonius
1853 2894 1866 2916 ι
1894 2880 2042 2919 armillas
2068 2884 2176 2921 etiam

1155 2932 1210 2970 vel
1237 2932 1361 2981 galbea
1388 2931 1561 2980 gestarunt
1584 2941 1738 2973 veteres,
1763 2930 1884 2980 quibus
1905 2932 2059 2968 remedia
2084 2946 2177 2982 quae-

1156 2982 1239 3018 dam
1268 2992 1364 3018 erant
1380 2980 1504 3018 inclusa
1528 2980 1686 3019 adversus
1704 2982 1818 3021 vai-ios
1834 2981 1985 3018 morbos
2001 2980 2172 3019 facientia.

93 3037 150 3074 seu
162 3035 310 3084 galbinos
333 3035 487 3082 (variant
503 3033 598 3068 enim
609 3032 769 3079 codices)
796 3046 900 3069 mores
918 3045 1105 3086 vocatpra-
1157 3031 1322 3069 Galbeum
1340 3061 1352 3076 ,
1384 3032 1440 3071 vel
1464 3029 1635 3075 calbeum,
1665 3028 1761 3082 quod
1779 3044 1845 3081 pro
1861 3043 2092 3076 ornamento,
2117 3031 2174 3070 vel

89 3099 153 3126 vos
171 3084 422 3134 corruptusque.

480 3082 632 3124 Accedat
649 3081 835 3128 novistime
855 3082 993 3135 Vopisc.
1030 3087 1109 3125 Au,
1157 3082 1289 3120 armilla
1307 3081 1535 3133 accipiebatur
1556 3081 1646 3133 apud
1669 3093 1806 3119 veteres
1819 3110 1831 3126 ‚
1860 3094 1928 3132 qua
1947 3082 2077 3123 virtutis
2093 3088 2186 3129 ergoj

1588 3135 1614 3169 B
1629 3131 1649 3168 b
1664 3131 1685 3168 b
1696 3131 1719 3169 b
1751 3145 1770 3169 z
2067 3129 2175 3168 dona-
