2504 3425
183 154 341 231 ἔρξας’·
696 146 1231 225 D.Jur.115s
1298 151 1686 209 CAESARJ
2205 174 2273 226 25

178 240 382 284 centurias
413 236 719 300 pronunciaret.
787 239 886 297 Qa
918 237 1085 299 cognita
1119 253 1160 282 re
1195 237 1416 298 optimates
1438 272 1451 293 ‚
1502 253 1608 299 quos
1647 250 1784 282 metus
1818 249 1978 298 ceperat
2002 271 2014 291 ‚
2050 236 2155 283 nibil
2190 255 2278 286 non

177 302 368 347 ausurum
382 318 479 346 eum
503 303 546 347 in
571 300 735 347 summo
758 298 1020 362 magistratu,
1056 302 1332 349 concordi&
1367 298 1651 345 consentiente
1685 302 1872 363 collega,
1909 302 2094 345 austores
2117 301 2274 348 Bibulo

178 363 349 411 fuerunt
371 365 615 411 tantundem
647 364 877 427 polliccndi
914 382 923 407 :
959 381 1004 408 ac
1040 365 1225 426 plerique
1260 366 1454 424 pecunias
1489 365 1776 421 contulerunt,
1813 380 1865 407 ne
1903 365 2068 408 Catone
2104 367 2276 427 quidem

178 429 388 475 abnuente
421 447 510 474 eam
523 430 786 491 largitionem
820 444 843 472 e
876 444 960 488 rep.
997 427 1100 473 fieri.
1169 428 1303 490 Igitur
1346 445 1440 472 cum
1486 427 1640 473 Bibulo
1675 427 1816 472 consul
1852 443 2022 472 creatur.
2087 430 2276 477 Eandem

176 493 235 538 ob
256 491 429 539 caussam
450 510 573 555 opera
596 490 863 555 optimatibus
876 490 964 536 data
985 490 1068 547 est,
1105 507 1150 537 ut
1182 492 1406 552 provinciae
1429 489 1576 536 futuris
1607 490 1699 537 coss.
1725 493 2064 552 miniminegotii
2078 528 2089 546 ‚
2126 494 2168 536 id
2187 493 2271 550 est,

176 555 283 602 filvae
313 555 538 619 callesque,
573 555 899 602 decernerentur.
965 560 1062 613 Qia
1093 557 1274 601 maxima
1312 554 1459 612 injuria
1493 554 1731 609 instinctus,
1765 554 1968 600 omnibus.
1995 554 2146 600 officiis
2182 559 2269 602 Cn.

177 624 424 682 Pompejum
450 618 655 665 affeetatus
676 618 759 674 est,
793 617 996 664 offensum
1031 619 1212 680 patribus
1233 652 1246 672 ‚
1282 618 1395 678 quod
1431 617 1671 663 Mithridate
1710 636 1806 682 rege
1835 619 1972 672 vibio,
2006 620 2270 666 cunciantius

177 683 519 729 confirmarentur
540 685 624 728 aeta
646 682 711 727 sua
745 701 754 726 :
792 687 1079 743 Pompejoque
1103 684 1166 726 M.
1192 679 1380 725 Graiium
1407 683 1712 737 reconciliavit,
1749 699 1929 728 veterem
1967 684 2185 728 inimicum
2221 702 2272 730 ex

181 745 413 806 consulatu,
447 762 575 807 quem
595 745 753 789 summa
773 744 972 789 discordia
997 744 1115 788 simul
1138 743 1339 806 gefferant
1371 762 1381 787 ε
1417 760 1461 788 ac
1484 742 1717 790 societatem
1745 763 1839 790 cum
1862 761 2039 808 utroque
2060 749 2176 802 iniit,
2215 766 2268 793 ne

103 824 160 856 20
179 810 280 871 quid
303 821 490 870 ageretur
512 811 556 853 in
582 824 665 870 rep.
700 807 814 870 quod
847 805 1108 869 displicuisset
1142 808 1214 851 ulli
1249 822 1272 849 e
1307 805 1449 851 tribus.
1518 809 1631 852 Inito
1664 807 1852 864 honore,
1888 813 2043 870 primus
2075 813 2269 857 omnium

177 870 354 919 instituit
363 906 376 927 ,
411 886 457 916 ut
478 885 561 917 tam
583 872 740 918 senatus
758 887 883 933 quam
900 872 1045 932 populi
1068 870 1215 916 diurna
1238 871 1323 915 aeota
1346 869 1654 916 conficerentur
1669 908 1681 927 ,
1715 878 1757 917 δε
1785 873 2100 933 publicarentur.
2137 878 2271 922 Anti-

177 952 308 995 quum
330 937 455 981 etiam
477 936 616 981 retulit
637 951 797 980 morem
812 970 825 990 ,
860 950 904 979 ut
929 951 1016 996 quo
1038 934 1178 979 mense
1202 931 1327 978 fasces
1349 950 1438 978 non
1463 933 1656 990 haberet,
1691 934 1875 980 accensus
1909 951 2000 981 ante
2036 955 2132 982 eum
2167 941 2266 996 iret,

174 998 340 1043 lietores
373 1015 482 1061 pone
516 1002 794 1062 sequerentur.
861 1002 977 1060 Lege
1011 1013 1150 1042 autem
1184 998 1335 1058 agraria
1369 1000 1627 1060 promulgata
1653 1034 1665 1054 ,
1708 999 2030 1045 obnuntiantem
2065 1003 2267 1064 collegam

175 1063 295 1108 armis
318 1060 413 1110 foro
435 1065 602 1125 expulit.
670 1064 740 1109 Ac
766 1061 932 1125 postero
966 1061 1032 1107 die
1066 1063 1111 1107 in
1143 1060 1283 1107 senatu
1317 1060 1619 1124 conquestum,
1654 1079 1732 1107 nec
1757 1080 1971 1126 quoquam
2006 1081 2168 1126 reperto
2194 1068 2268 1129 qui

2147 1129 2265 1191 super

174 1200 310 1239 Arbiter
318 1203 353 1239 in
368 1202 519 1239 carmine
529 1201 571 1239 de
583 1201 678 1239 bello
693 1201 779 1241 civili
789 1202 1008 1250 Pompeiano
1022 1215 1033 1236 :

227 1258 298 1289 Nec
315 1252 424 1289 minor
434 1254 471 1289 in
490 1262 602 1302 campo
609 1254 710 1299 furor
726 1251 787 1299 est,
806 1251 970 1299 emptique
989 1250 1140 1300 Qirites

228 1304 292 1338 Ad
302 1303 451 1351 praedam
462 1303 703 1352 strepitumque
720 1301 806 1338 lucri
818 1300 985 1350 suffragia
1002 1312 1159 1339 vertunt.

228 1353 362 1389 Venalis
371 1352 529 1402 populus,
561 1352 692 1391 venalis
711 1352 807 1389 curia
815 1360 959 1400 patrum
974 1367 984 1387 .-

224 1402 284 1450 Est
288 1403 398 1450 favor
414 1404 452 1440 in
464 1404 582 1452 pretio.

503 1473 537 1506 T
565 1483 589 1506 o
621 1483 646 1506 R
674 1481 699 1505 R
729 1479 750 1503 E
780 1480 805 1503 N
835 1479 870 1504 T.

232 1519 356 1569 Consul
374 1530 502 1557 creatus
522 1519 602 1568 effi]
636 1523 723 1556 Tres
737 1517 812 1554 libri
830 1526 983 1561 creatur,
1007 1529 1092 1554 unus
1110 1530 1200 1554 crea-

177 1578 231 1605 tus
245 1568 315 1607 sine
335 1571 387 1617 cst.

232 1625 339 1667 Opera
359 1619 574 1668 optimatibus
585 1618 706 1667 data.]
735 1622 817 1656 Duo
833 1617 932 1655 libri:
954 1617 997 1654 ab
1013 1626 1076 1666 opt.
1110 1621 1197 1656 Non

174 1667 296 1718 placet.
353 1669 524 1707 Peculiare
550 1671 642 1707 enim
672 1669 720 1707 est
747 1670 910 1707 Suetonio
930 1697 942 1712 ,
979 1680 1015 1705 ut
1033 1669 1107 1706 haec
1125 1668 1196 1707 sine

174 1717 414 1770 praepositione
445 1721 623 1764 enunciet,
652 1732 688 1757 ut
711 1720 780 1770 sup.
802 1732 873 1769 cap.
891 1732 974 1757 xvr.
1029 1721 1195 1756 Admini-

164 1768 327 1814 stratione
354 1771 432 1819 reip.
451 1771 767 1818 summoverentur3
795 1774 833 1806 ὃ(
852 1767 909 1806 inf.
931 1781 1003 1819 cap.
1028 1783 1081 1806 xx.
1114 1776 1193 1806 Ma-

163 1818 293 1867 joribus
311 1821 542 1868 conservatum
571 1819 627 1857 seu
654 1821 878 1868 ccmftcratum
895 1849 906 1863 ,
933 1833 996 1870 pro
1015 1833 1038 1855 a
1057 1821 1193 1869 majori-

171 1867 232 1905 bus
245 1899 257 1913 ,
286 1873 324 1907 ὃ(
341 1870 427 1921 saepe
443 1871 532 1909 alibi.

170 1919 267 1957 cibus
290 1933 370 1958 Mss,
395 1921 515 1970 legitur
545 1937 555 1959 ς
583 1926 674 1958 Cum
693 1920 805 1958 multu
824 1921 994 1956 divinitus
1012 1922 1193 1969 majoribus
1211 1935 1215 1973 3

171 1970 285 2017 nastris
302 1972 448 2008 inventa
479 1984 581 2023 atque
599 1972 755 2020 instituta
764 1970 860 2020 sunt.
918 1971 1059 2021 Vulgati
1083 1985 1105 2007 a
1118 1986 1194 2009 ma-

160 2020 293 2068 joribus
315 2021 454 2059 habent.

226 2071 320 2107 Silva>
341 2071 533 2123 callesque]

170 2120 266 2157 tione
285 2122 421 2159 callium
442 2123 689 2174 silvarumque,
717 2137 792 2173 quae
816 2122 934 2160 futuris
959 2122 1027 2171 coffJ
1056 2136 1116 2173 per
1143 2123 1190 2159 se-

169 2183 290 2209 natum
314 2173 450 2211 decreta
468 2186 559 2218 erat,
590 2175 678 2212 hunc
700 2173 818 2211 locum
848 2172 1000 2221 intelligit
1032 2187 1040 2209 :
1070 2173 1112 2209 ad
1131 2173 1190 2211 hu-

170 2221 316 2267 jusmodi
338 2226 432 2261 enim
451 2226 643 2276 provincias
670 2238 750 2262 cum
778 2223 874 2261 nullis
914 2237 1000 2273 opus
1034 2220 1113 2260 effet
1132 2237 1190 2261 co-

169 2272 251 2321 piis,
281 2275 395 2323 minus
411 2287 481 2312 erat
502 2289 521 2313 a
541 2275 675 2312 Caesare
695 2274 935 2311 metuendum.
993 2274 1044 2309 Sic
1065 2279 1190 2323 Aqua-

169 2322 223 2357 ria
242 2352 253 2365 ‚
280 2322 325 2360 sic
349 2325 500 2374 Ostiensis
511 2327 693 2376 provincia
727 2328 825 2362 Orat.
853 2326 888 2361 in
915 2325 1032 2360 Vatin.
1062 2327 1099 2359 &
1126 2339 1188 2375 pro

170 2372 323 2411 Murena.
377 2377 518 2423 Qaestor
545 2390 672 2426 quoque
698 2374 870 2424 Ostienfis‚
897 2377 995 2411 Orat.
1024 2388 1085 2424 pro
1112 2379 1190 2412 Sex-

170 2422 230 2457 tio.
287 2428 327 2460 Et
342 2424 453 2463 facete
479 2427 543 2464 huc
569 2426 720 2464 alludens
741 2426 875 2462 Plautus
903 2424 1071 2461 Pseudolo
1104 2441 1113 2462 ε
1145 2432 1187 2463 Te
1209 2426 1212 2471 l

169 2484 247 2507 cum
257 2472 364 2519 securi
392 2478 558 2514 caudicali
577 2477 711 2527 preficio
730 2476 916 2524 provinciae.
974 2478 1185 2525 Quanquam
1206 2472 1212 2503 ι’

171 2522 336 2560 Ostiensis
362 2528 398 2560 &
421 2527 567 2576 Aquaria
583 2539 619 2565 ut
637 2525 846 2564 honestiores
861 2555 872 2570 ,
900 2525 946 2563 fic
965 2530 1001 2562 ὃ(
1021 2525 1187 2576 Ρνῑεῒὲᾶἰε

170 2572 319 2609 utiliores
339 2586 445 2611 erant.
474 2590 556 2614 nam
575 2582 611 2614 ὅ(
627 2575 792 2614 Ostiensis
812 2576 977 2626 quaestura
996 2576 1108 2613 ablata
1131 2581 1187 2613 Sa-

171 2624 328 2666 turnino,
360 2638 474 2661 rerum
506 2640 675 2665 novarum
710 2625 931 2663 occasionem
960 2627 1121 2676 praebuit5
1150 2632 1186 2664 ὃ(

170 2673 318 2723 Aquaria
336 2702 351 2718 ,
382 2675 509 2712 eadem
547 2675 709 2719 fortasse,
755 2690 829 2725 quae
857 2676 1021 2712 Ostiensis
1044 2706 1054 2719 ‚
1094 2680 1188 2714 Vati-

169 2724 231 2759 nio
248 2724 384 2773 quaestui
411 2724 482 2763 fuit.
514 2728 585 2763 Cic.
622 2740 683 2776 pro
710 2727 841 2769 Sextio,
867 2730 904 2762 ὃς
929 2727 964 2762 in
992 2728 1184 2765 Vatinium.

170 2773 285 2810 Sed&
308 2777 419 2811 Varro
444 2776 499 2812 lib.
523 2790 574 2813 11.
601 2776 644 2812 de
663 2789 698 2811 re
715 2774 832 2811 rustica
850 2788 922 2826 cap.
944 2790 977 2812 x.
1010 2782 1125 2826 Neque
1143 2780 1187 2819 se-

169 2835 246 2868 nes,
271 2827 480 2874 nequepueri
499 2827 637 2862 callium
666 2824 919 2872 difficultatem,
949 2840 988 2862 uc
1016 2827 1183 2864 montium

167 2874 380 2911 arduitatem
398 2887 500 2925 atque
515 2877 727 2926 asperitatem
736 2875 841 2921 facile
852 2877 982 2922 ferunt.
1011 2878 1099 2925 quod
1121 2887 1185 2926 pa—

167 2923 323 2962 tiendum
341 2925 406 2961 illis
424 2927 483 2976 qui
495 2940 604 2976 greges
614 2927 825 2975 sequuntur,
848 2927 1026 2975 prasertim
1050 2940 1184 2964 armen-

166 2973 257 3011 titios
292 2988 332 3011 ac
357 2978 530 3023 caprinos,
567 2977 684 3025 quibus
713 2984 804 3023 rupes
833 2989 871 3012 ac
891 2975 985 3024 stlvae
1008 2978 1056 3012 ad
1077 2977 1184 3026 pabu—

165 3024 311 3062 landum
329 3027 430 3063 cordi.
488 3026 580 3063 Male
599 3028 721 3078 igitur,
749 3027 807 3075 qui
822 3025 952 3063 collium
971 3026 1017 3063 ibi
1036 3040 1098 3076 pro
1118 3028 1184 3064 cal-

162 3073 251 3112 Imm
266 3076 392 3128 legunt.
421 3089 507 3115 nam
524 3081 561 3116 ὅ(
586 3077 735 3122 Isidorus
752 3076 808 3114 lib.
822 3088 880 3114 xv.
901 3088 1065 3127 cap.xv1.
1104 3076 1185 3114 Cab-

1241 1199 1281 1236 lis
1312 1200 1467 1251 (inquit)
1498 1199 1540 1247 est
1548 1200 1611 1235 iter
1623 1200 1791 1248 pecudum
1814 1200 1902 1238 inter
1919 1212 2066 1246 montes,
2092 1204 2268 1251 angustum

1243 1248 1296 1293 ΕΒ*
1308 1252 1431 1286 tritum
1442 1280 1452 1294 ,
1480 1264 1503 1286 u
1513 1249 1724 1298 cullopedztm
1736 1263 1895 1288 voratum
1909 1281 1920 1295 ‚
1929 1251 2006 1302 five
2017 1253 2097 1289 call.)
2102 1255 2268 1301 pecudum

1241 1301 1476 1348 perduratum.
1535 1300 1632 1336 Adde
1644 1301 1761 1337 locum
1770 1304 1920 1340 Suetonii
1938 1302 2057 1340 Claud.
2078 1316 2150 1353 cap.
2165 1319 2264 1343 xx1v.

1247 1364 1353 1400 quem
1369 1351 1583 1388 restituimus.

1300 1400 1465 1449 Offlnsum
1476 1398 1670 1450 put³¹ibu5.]
1700 1401 1766 1438 Aut
1786 1402 1839 1438 hic
1865 1416 2001 1453 quoque
2020 1403 2112 1441 deest
2137 1418 2268 1454 praepo-

1245 1449 1319 1486 sitio
1335 1464 1376 1494 a,
1405 1464 1439 1488 ut
1450 1452 1610 1503 proximo
1628 1464 1700 1501 cap.
1721 1452 1939 1500 autoffiusum
1958 1467 2020 1503 pro
2035 1456 2158 1491 iratum
2172 1455 2265 1498 dixit.

1243 1501 1337 1550 quod
1362 1504 1472 1539 verius
1498 1501 1570 1546 est3
1600 1513 1635 1536 ut
1658 1502 1737 1539 Tib.
1766 1515 1839 1553 cap.
1859 1517 1963 1540 xrr1.
2019 1511 2048 1540 Is
2069 1506 2159 1551 forte
2187 1515 2268 1542 tunc

1243 1557 1296 1588 M.
1314 1551 1415 1588 Lollio
1429 1550 1583 1601 offimfioi‘,
1598 1554 1636 1587 ὃ(
1647 1554 1733 1589 Ner.
1746 1565 1818 1602 cap.
1837 1567 1863 1589 1.
1884 1554 2098 1602 Pontificibus
2115 1554 2266 1603 offenfisr.

1242 1603 1314 1638 Cic.
1329 1616 1391 1652 pro
1404 1604 1564 1639 Cluentio
1597 1616 1606 1637 :
1634 1603 1746 1649 Qem
1755 1602 1823 1651 szbi
1842 1602 2040 1653 offensiorem
2051 1605 2202 1653 sciebat,
2229 1609 2267 1642 &c

1242 1650 1331 1702 saepe
1352 1652 1441 1691 alibi.
2261 1660 2265 1661 ⁷

1295 1705 1521 1740 Cunctantius
1542 1702 1556 1751 ]
1588 1704 1724 1754 Optimi
1742 1704 1865 1753 quique
1875 1703 1949 1741 libri
1961 1707 2137 1742 comasius.

1240 1755 1438 1792 cum-zasias.

1293 1817 1350 1840 20.
1377 1804 1645 1842 Publicurentur.
1657 1802 1669 1851 ]
1701 1804 1740 1840 Id
1752 1804 1916 1855 Augustus
1927 1804 2041 1856 postea
2052 1807 2157 1844 vetuit
2166 1835 2177 1849 ,
2189 1819 2262 1857 cap.

2196 1705 2262 1742 Alii

594 1872 718 1908 Cicero
737 1884 800 1921 pro
827 1871 960 1913 domo,
991 1882 1026 1907 ut
1046 1872 1080 1906 in
1102 1854 1216 1923 codi-{
1237 1866 1359 1890 XXXVI.
1383 1868 1427 1890 ne
1455 1855 1707 1904 publicarentur
1728 1854 1875 1898 scilicet,
1905 1869 1979 1892 non
1999 1856 2104 1892 etiam
2123 1870 2166 1892 ne
2185 1871 2268 1893 cona·

1240 1900 1434 1942 ficei-entur.
1493 1907 1585 1942 Hinc
1610 1907 1711 1941 toties
1748 1906 1881 1941 mentio
1921 1908 2079 1942 actorum
2123 1906 2263 1944 senatus.

1237 1954 1331 2002 Qun
1358 1959 1395 1990 δε
1417 1968 1550 1992 certum
1575 1968 1646 1992 erat
1673 1955 1890 2006 quorundam
1935 1954 2095 1992 officium
2127 1958 2264 1994 curandi

1237 2006 1314 2039 asta
1330 2004 1471 2043 senatus.
1531 2007 1695 2056 Spartian.
1716 2006 1812 2042 Hadr
1843 2021 1852 2042 z
1879 2006 1950 2053 Post
1972 2007 2169 2056 quaesturam
2184 2011 2266 2045 afta

591 2074 701 2111 Reste
731 2072 885 2110 Turneb.
914 2071 956 2108 de
978 2071 1191 2109 administra·
1229 2054 1369 2102 ftmm‘5
1386 2067 1536 2092 CWWW‘·

1294 2107 1370 2153 Qo
1386 2107 1495 2155 menft
1504 2107 1651 2156 fasces.]
1686 2105 1778 2143 Vide
1799 2106 1949 2143 Gellium
1968 2106 2025 2144 lib.
2043 2121 2054 2143 1
2068 2121 2095 2144 1.
2123 2118 2195 2158 cap.
2206 2119 2262 2147 xv.

1550 2174 1581 2208 C
1607 2185 1628 2207 A
1657 2185 1672 2208 s
1701 2185 1722 2207 A
1748 2185 1772 2207 υ
1802 2183 1821 2207 Β
1852 2186 1874 2208 o
1904 2185 1939 2209 N.

1294 2225 1381 2257 Eam
1399 2221 1610 2270 largitionem
1628 2236 1643 2257 e
1661 2221 1843 2270 rrpfieri]
1883 2225 1981 2259 Nota
1996 2226 2033 2259 &
2054 2223 2264 2263 observatio..

1238 2284 1282 2307 ne
1301 2272 1465 2321 dignum,
1495 2269 1588 2322 poss'e
1609 2285 1649 2307 ea
1668 2284 1826 2322 tempora
1846 2272 2015 2316 incidere,
2051 2287 2131 2309 cum
2154 2288 2173 2310 e
2191 2288 2261 2325 rep.

1238 2320 1357 2365 fuerit,
1385 2323 1493 2358 malas
1508 2322 1658 2371 alioquin
1677 2335 1766 2359 artes
1784 2321 1951 2371 usurpare.
2010 2324 2125 2360 Simile
2145 2338 2263 2362 exem-

1240 2372 1334 2422 plum
1353 2375 1387 2408 in
1406 2376 1525 2409 Graeca
1546 2373 1690 2409 historia.
1751 2372 1922 2409 Laudatur
1949 2374 2044 2408 enim
2065 2374 2264 2412 Themisto-

1240 2423 1326 2466 cles,
1356 2423 1550 2472 quo.ibello
1560 2421 1696 2459 Persico
1711 2424 1758 2458 rei
1781 2423 1908 2460 bellicae
1928 2423 2262 2464 administrationem

1239 2473 1400 2523 Epicydi,
1432 2475 1524 2519 cujus
1537 2473 1755 2509 metuebatur
1771 2473 2039 2523 ingeriitrriiluci·i
2049 2475 2210 2524 cupidum
2221 2480 2261 2514 δε

1238 2524 1501 2565 meticulosum,
1529 2525 1670 2573 pecunia
1691 2523 1872 2559 extorserit.
1930 2526 2041 2560 Recte
2069 2526 2162 2561 enim
2185 2539 2262 2576 pru-

1239 2574 1358 2610 dentes
1368 2574 1493 2610 docenr
1502 2602 1513 2616 ,
1546 2573 1939 2623 temporibusinterdum
1951 2575 2061 2623 potius
2070 2577 2261 2625 parendum

1241 2623 1305 2660 effe
1322 2637 1427 2674 quam
1439 2622 1604 2660 moribus.
1631 2623 1674 2660 de
1693 2636 1762 2672 quo
1780 2623 1886 2659 multa
1907 2623 1950 2659 ad
1960 2623 2144 2671 Polybium
2166 2625 2262 2663 disie-

1240 2688 1377 2712 ruimus.

1295 2726 1400 2773 Igitur
1416 2737 1492 2759 cum
1510 2722 1625 2760 Bibulo
1643 2736 1701 2759 cos.
1725 2733 1854 2759 creatus
1876 2724 1957 2772 effi]
1999 2724 2102 2762 Scrib.
2116 2729 2261 2763 eMem-

1237 2776 1357 2811 miano
1376 2779 1412 2811 ὃ(
1433 2774 1504 2810 aliis
1523 2790 1533 2808 :
1572 2787 1630 2811 cos.
1661 2783 1804 2810 creatur.
1863 2778 1912 2819 Et}
1929 2788 2015 2812 mox
2063 2775 2259 2824 cmzsterent,

1239 2839 1311 2862 non
1329 2824 1587 2861 conficerentur.

1294 2889 1349 2911 20.
1378 2881 1449 2911 Nec
1458 2887 1627 2924 quoquam
1638 2873 1937 2923 repert0,quificper
1956 2875 2022 2911 tali
2033 2874 2260 2922 consternatio-

1237 2939 1277 2961 ne
1292 2926 1412 2970 referre
1429 2935 1491 2960 aut
1518 2925 1641 2973 cenfi’re
1664 2925 1799 2973 aliquid
1823 2925 2005 2974 materen]
2067 2925 2259 2963 Consularis

1237 2975 1407 3026 potestatis
1437 2987 1510 3025 pars
1540 2975 1629 3012 haud
1658 2976 1805 3011 minima
1824 2976 1860 3010 in
1877 2975 2047 3014 relationis
2076 2978 2146 3021 jure
2167 2975 2254 3012 olim

1237 3025 1346 3076 posita
1375 3041 1385 3062 ε
1414 3039 1487 3062 non
1505 3027 1599 3062 enim
1617 3037 1749 3076 poterat
1771 3029 1802 3061 S.
1826 3028 1868 3061 C.
1891 3023 1962 3062 fine
1979 3027 2141 3063 relatione
2159 3023 2256 3061 fieri:

1240 3075 1407 3117 referendi
1424 3087 1541 3118 autem
1558 3077 1629 3121 viS,
1659 3074 1839 3164 cDonsulum
1851 3074 1923 3115 fuit.
1979 3076 2100 3127 Polyb.
2112 3075 2184 3161 Ιὼὲ.
2191 3089 2260 3162 211

2175 3141 2243 3161 'va-0
