2504 3425
239 189 347 243 440
636 160 1990 225 C.SUET.TRANQU1LL1L11³.V.

240 279 422 308 veterem
447 258 626 326 segnitiae
640 273 804 314 notam,
825 253 1033 303 ebrietatis
1046 267 1213 316 quoque
1228 254 1271 297 &
1286 251 1381 298 aleae
1396 250 1612 298 infamiam
1632 249 1772 299 subiit.
1841 255 1956 300 Cum
1970 254 2161 312 interim,
2184 271 2334 318 quam—
2354 260 2385 301 6

241 344 367 388 quam
391 326 471 370 hoc
494 325 622 371 modo
641 324 808 385 agenti,
843 333 1075 379 numquam
1097 329 1165 360 aut
1182 311 1374 360 officium
1385 313 1632 372 hominum,
1665 330 1733 361 aut
1746 318 1974 363 reverentia
1992 317 2158 379 publica
2182 318 2331 374 defuit.

244 389 443 453 Equester
476 389 578 435 ordo
613 389 675 432 bis
707 397 925 446 patronum
959 396 1054 424 eum
1088 375 1342 440 perferendae
1377 394 1452 440 pro
1485 378 1524 424 se
1560 380 1781 443 legationis
1802 380 1964 442 elegit:
1997 381 2121 427 semel
2142 399 2238 428 cum
2258 384 2334 429 de-

245 454 492 516 portandum
518 454 697 497 Romam
721 461 869 507 corpus
889 441 1070 506 Augusti
1090 443 1273 488 humeris
1295 440 1375 487 suis
1399 460 1421 488 a
1445 441 1608 489 COSS.
1634 442 1938 505 exposceretur:
1975 446 2122 491 iterum
2146 463 2238 491 cum
2253 464 2334 509 op-

245 515 419 578 pressum
453 520 642 572 Sejanum
664 509 772 571 apud
794 505 961 553 eosdem
983 508 1261 569 gratularetur.
1331 509 1451 564 Quin
1487 511 1529 553 δι
1563 506 1801 570 speetaculis
1833 507 2072 554 advenienti
2106 509 2332 573 assurgere,

244 586 288 625 δε
311 582 484 626 lacernas
505 577 710 638 deponere
734 570 902 617 solebat.
977 575 1147 617 Senatus
1168 587 1366 633 quoque,
1401 584 1445 616 ut
1478 571 1528 617 ad
1563 588 1785 617 numerum
1816 569 2015 618 sodalium
2040 572 2333 634 Augustalium

244 643 350 689 sorte
373 642 592 687 ductorum
615 652 726 683 extra
751 635 943 682 ordinem
965 635 1231 694 adjiceretur,
1265 635 1425 682 censuit
1449 654 1459 681 :
1495 641 1539 682 &
1565 653 1664 683 mox
1689 650 1734 681 ut
1752 635 1901 681 domus
1921 637 1960 681 ei
1983 672 1997 693 ,
2032 652 2159 699 quam
2184 637 2334 682 incen-

244 707 316 750 dio
337 703 542 758 amiserat,
577 701 745 764 publica
771 697 955 762 impensa
985 699 1286 756 restitueretur,
1320 699 1588 763 dicendaeque
1624 703 1731 746 inter
1766 698 1999 746 consulares
2030 700 2240 746 sententiae
2274 707 2335 759 jus

243 764 348 814 essct.
417 766 548 825 Qiod
567 767 778 813 decretum
790 764 995 810 abolitum
1019 763 1098 821 est,
1134 762 1352 809 excusante
1375 764 1557 811 Tiberio
1581 764 1911 811 imbecillitatem
1933 768 2047 823 ejus,
2079 780 2124 809 ac
2137 763 2336 810 damnum

245 832 482 877 liberalitate
504 828 573 876 sua
597 830 842 877 resarturum
868 830 1106 893 pollicente.
1169 829 1260 887 Qui
1279 842 1417 875 tamen
1441 830 1649 886 moriens,
1684 833 1726 874 δι
1751 830 1796 874 in
1822 828 1954 874 tertiis
1984 826 2206 875 heredibus
2239 845 2336 875 eum

242 913 292 940 ex
311 911 419 957 parte
442 897 560 941 tertia
585 908 869 957 nuncupatum
894 929 907 950 ,
963 894 1100 957 legato
1135 894 1259 939 etiam
1290 895 1397 939 circa
1421 893 1596 940 sestertia
1616 893 1742 940 vicies
1764 891 2001 954 prosecutus
2019 927 2035 948 ‚
2068 895 2339 939 commenda-

243 962 304 1004 vit
324 958 486 1022 insuper
505 958 754 1006 exercitibus
774 994 787 1015 ‚
820 957 975 1004 senatui
997 959 1240 1021 populoque
1258 959 1390 1003 Rom.
1414 959 1520 1004 inter
1546 971 1697 1004 ceteras
1720 955 2037 1019 necessitudines
2069 957 2336 1004 nominatim.

245 1024 333 1069 Sub
360 1025 469 1082 Cajo
493 1023 663 1069 demum
687 1022 820 1069 fratris
842 1021 933 1067 filio
958 1020 1177 1068 secundam
1199 1021 1548 1068 existimationem
1579 1024 1684 1067 circa
1712 1021 1829 1066 initia
1864 1022 2030 1082 imperii
2053 1020 2253 1066 omnibus
2277 1023 2336 1066 le-
2360 1045 2389 1086 7

247 1089 427 1133 nociniis
446 1088 698 1151 colligente,
733 1085 914 1132 bonores
938 1086 1182 1148 auspicatus,
1217 1084 1472 1132 consulatum
1492 1085 1614 1150 gessit
1637 1103 1717 1131 una
1737 1101 1808 1147 per
1828 1084 1934 1130 duos
1957 1083 2141 1131 menses:
2175 1088 2338 1131 evenit-

243 1167 325 1213 que
351 1165 396 1196 ut
421 1154 612 1214 primitus
634 1150 885 1214 ingredienti
906 1166 1003 1195 cum
1026 1148 1205 1195 fascibus
1227 1151 1406 1206 Forum,
1442 1152 1731 1213 praetervolans
1751 1150 1888 1211 aquila
1911 1149 2140 1195 dexteriore
2163 1147 2341 1196 humeto

247 1213 488 1262 consideret.
538 1216 728 1260 'Sortitus
762 1213 820 1260 est
851 1218 896 1260 &
931 1212 982 1261 de
1016 1215 1147 1261 altero
1180 1214 1395 1260 consulatu
1429 1217 1473 1261 in
1508 1229 1701 1278 quartum
1722 1230 1903 1260 annum:
1939 1212 2208 1277 praeseditque
2228 1231 2342 1259 non-

2113 1294 2343 1341 numquam

563 1353 600 1387 T
622 1365 646 1388 o
673 1364 699 1388 n
729 1364 754 1388 ι
781 1362 803 1387 E
833 1363 858 1388 Ν
889 1362 925 1389 τ.
1307 1350 1342 1386 in
1358 1351 1527 1388 concione
1544 1349 1685 1387 lacernis
1702 1348 1863 1386 indutum
1875 1347 2004 1387 vidisset
2019 1362 2100 1400 pop.
2116 1351 2336 1391 Romanum,

304 1400 487 1438 ebrietatis
504 1398 555 1443 Εἴ
575 1401 647 1438 alea
670 1400 833 1451 quoque]
873 1404 994 1450 Lego,
1020 1411 1056 1438 ut
1071 1401 1105 1437 in
1127 1401 1268 1451 optimo
1313 1400 1521 1438 exclamavit
1542 1416 1551 1435 .-
1588 1406 1642 1436 En
1669 1406 1831 1435 Romanos
1850 1412 1963 1435 rerum
1981 1401 2129 1435 dominos
2141 1399 2340 1449 gentemque

249 1451 329 1490 md.
353 1451 401 1490 eb.
419 1464 473 1501 qu.
493 1449 651 1494 &aleae
689 1476 692 1480 -
902 1482 906 1484 .
1318 1461 1468 1499 togatam
1485 1455 1499 1486 !
1532 1450 1685 1499 jussItque
1713 1449 1876 1498 deinceps
1903 1462 2029 1493 ornnes
2055 1447 2171 1497 posuis
2199 1450 2342 1488 lacernis

307 1501 446 1538 Publica
461 1500 606 1549 [lesuin]
635 1501 737 1539 Libb.
759 1501 830 1538 duo
846 1501 989 1550 publice.
1323 1512 1461 1551 togatos
1489 1499 1684 1536 consistere.
1709 1509 1711 1513 ’
1745 1502 1824 1535 Hoc
1851 1497 1940 1548 apud
1969 1499 2170 1535 Suetonium
2199 1500 2342 1553 legitur,

1321 1550 1414 1601 quod
1434 1562 1564 1587 tamen¹
1578 1551 1635 1588 vix
1656 1549 1729 1600 post
1747 1549 1843 1586 illum
1864 1549 2022 1586 obtinuit.
2080 1551 2191 1586 Rarus
2216 1550 2340 1593 exinde

1323 1608 1484 1652 togarum
1513 1600 1605 1651 apud
1633 1603 1820 1637 Romanos
1846 1600 1920 1637 usus
1952 1614 1961 1636 ι
2013 1599 2048 1635 in
2088 1598 2345 1638 salutationibus

1323 1653 1496 1689 matutinis
1516 1662 1672 1694 tantum,
1710 1655 1747 1687 δε
1771 1649 1897 1687 officiis
1915 1649 2035 1686 ceteris
2058 1649 2270 1688 celebrandis
2295 1651 2346 1689 su-

1321 1702 1533 1739 mebantur:
1567 1702 1667 1738 omni
1685 1701 1753 1738 alio
1772 1712 1932 1751 tempore
1952 1700 2112 1737 lacernati
2128 1729 2139 1744 ,
2177 1700 2243 1738 hoc
2269 1701 2317 1738 est
2330 1730 2344 1746 ,

1325 1752 1422 1790 birris
1441 1753 1559 1789 amiC’ti
1576 1752 1631 1789 vel
1650 1751 1808 1800 paenulati
1827 1752 1936 1789 ibant.
1980 1754 2165 1788 Senatores
2182 1753 2346 1790 omnium

308 1559 342 1589 6.
372 1552 745 1600 Lacernasssdeponereff
776 1555 866 1603 Aug.
881 1557 1026 1602 catum.
1052 1549 1222 1600 Equidem
1235 1548 1269 1585 id

249 1603 451 1640 reverentiae
470 1601 567 1638 causa
586 1602 845 1641 advenientibus
867 1602 1075 1652 Principibus
1097 1600 1171 1637 sieri
1187 1614 1270 1637 con-

250 1649 387 1691 suevisse
416 1651 631 1690 crediderim.
680 1666 765 1689 nam
799 1657 836 1690 Sc
871 1655 997 1689 oraturi
1033 1652 1119 1689 deos
1157 1664 1273 1702 paenu-

250 1701 299 1761 las
328 1702 563 1753 deponebant.
620 1705 750 1741 Austor
778 1704 978 1741 Tertullian.
1008 1703 1066 1741 lib.
1111 1704 1169 1738 De
1198 1713 1275 1738 ora-

252 1763 358 1790 tione.

308 1803 562 1852 Adjiceretur.]
590 1804 684 1842 Libri
703 1804 854 1855 aliquot,
879 1805 984 1841 etiam
1009 1801 1182 1854 impressi,
1210 1802 1274 1838 asl-

256 1852 433 1890 diceretur.
489 1854 596 1902 Quod
615 1854 762 1905 placeret
780 1883 790 1897 ,
822 1854 846 1890 si
873 1856 915 1892 'de
936 1854 1046 1900 indice
1068 1864 1124 1890 aut
1143 1852 1272 1889 arbitro

256 1901 374 1939 dando
388 1902 591 1952 loqueretur.
625 1908 711 1941 Non
729 1904 784 1941 dis
781 1904 877 1954 plicet
893 1918 1021 1943 tamen.
1061 1906 1274 1953 Qianquam

258 1953 306 1987 ad
321 1959 464 1989 Iceretur
480 1955 586 1991 veteri
606 1968 705 1991 more
722 1957 923 1992 Suetonium
939 1952 1097 2006 scripsisse
1117 1954 1270 1990 arbitror.

259 2004 400 2054 Proprie
418 2015 534 2040 autem
545 2007 712 2040 nominari
731 2017 771 2041 ac
789 2008 927 2054 coaptari
946 2007 1101 2043 dicuntur
1121 2003 1277 2040 sacerdo-

258 2064 310 2090 tes
326 2082 337 2097 ,
362 2065 397 2090 ut
419 2053 461 2091 de
479 2053 609 2097 Galba,
640 2058 677 2090 δε
700 2053 840 2104 quidem
861 2056 947 2092 inter
967 2055 1096 2093 sodales
1114 2054 1278 2105 Augusta-

259 2116 346 2147 nos,
377 2103 436 2141 suo
454 2103 533 2141 loco
552 2104 768 2148 videbimus,
795 2117 985 2154 cap.V111.

316 2158 362 2189 Et
377 2156 415 2189 in
434 2154 545 2190 tertiis
560 2154 706 2192 heredzb.
724 2155 740 2202 ]
773 2160 818 2191 Et
836 2156 1038 2205 particulam
1053 2154 1203 2191 omnino
1221 2166 1279 2190 ex-

262 2203 484 2254 pungendam
501 2204 633 2242 censeo.

316 2256 420 2290 Circa
433 2252 584 2301 sestertia
603 2252 744 2298 vicies.]
778 2254 882 2291 Liber
901 2266 974 2304 opt.
996 2259 1061 2292 HS.
1079 2254 1180 2290 vicies
1196 2281 1208 2296 ‚
1225 2253 1279 2289 alii

265 2302 336 2340 duo
345 2303 530 2352 sestertium
548 2304 617 2341 vic.

318 2353 548 2398 Exercitibus,
577 2354 746 2404 senatui]
789 2354 892 2393 Libb.
912 2367 1037 2392 omnes
1064 2366 1146 2391 uss.
1174 2366 1213 2389 ac
1228 2353 1280 2402 ft-

266 2413 376 2440 natus.

323 2467 355 2499 7.
367 2453 588 2501 Consulatum
596 2453 684 2503 geffit
700 2453 808 2502 unm]
828 2457 883 2491 De
895 2454 960 2491 hoc
971 2456 1080 2497 Dion,
1093 2459 1127 2491 δε
1140 2458 1277 2491 Sueton.

268 2503 379 2552 Calig.
398 2516 538 2554 cap.xv.
566 2505 672 2553 Quod
691 2519 776 2543 vero
798 2506 963 2555 sequitur,
988 2506 1141 2542 sortitum
1162 2503 1226 2541 elie
1243 2509 1278 2541 δε

267 2553 312 2589 de
331 2544 437 2591 altero
455 2555 488 2591 in
505 2567 663 2604 quartum
675 2568 803 2592 annum
816 2585 827 2599 ,
855 2568 895 2591 ea
919 2569 994 2606 quae
1011 2555 1140 2592 sortitio
1160 2554 1277 2595 fuerit,

268 2605 393 2653 ignoro
412 2631 425 2648 ,
463 2604 524 2640 niti
544 2607 667 2650 Caium
687 2606 838 2643 dicamus
858 2607 892 2642 in
908 2619 1018 2642 annos
1047 2605 1173 2654 aliquot
1194 2606 1280 2641 sorte

267 2653 419 2691 consules
439 2653 624 2697 desiqnafl'e
643 2685 654 2699 ,
697 2671 766 2706 quo
790 2669 947 2707 tempore
969 2653 1074 2693 etiam
1103 2669 1192 2707 equo
1222 2655 1280 2692 suo

268 2704 415 2741 Incitato
433 2704 644 2742 consulatum
661 2706 847 2744 destinavit.

573 2761 602 2791 (j
634 2770 653 2792 Α
681 2770 696 2792 s
727 2771 748 2793 Α
774 2772 797 2794 υ
830 2770 849 2794 13
876 2772 899 2794 o
928 2770 964 2795 Ν.

296 2852 302 2858 .
321 2806 424 2838 Circa
437 2804 584 2851 sestertia
605 2807 745 2854 vicies]
793 2809 897 2846 Scrib.
921 2808 1008 2844 circa
1019 2807 1207 2856 sestertium
1226 2807 1280 2842 vi-

273 2865 334 2888 nes
347 2880 357 2896 ,
388 2864 422 2888 ut
440 2855 474 2888 in
494 2854 615 2903 scriptis
635 2857 778 2895 nostris:
807 2860 860 2895 vel
881 2859 1031 2901 circiter,
1062 2869 1097 2894 ut
1115 2859 1150 2894 in
1162 2857 1244 2894 aliis.

616 2909 647 2940 V
679 2919 700 2941 Α
731 2921 752 2942 u
786 2921 797 2943 1
827 2922 849 2944 o
882 2922 917 2945 n.

328 2961 362 2989 6.
383 2958 549 2989 Lacernns
560 2955 748 3002 deperiere]
784 2959 894 2994 Birrus
911 2957 980 2997 sive
1003 2958 1157 3002 lacerna,
1184 2971 1284 2995 com-

1324 1803 1433 1840 ultimi
1455 1815 1579 1853 togam
1609 1803 1776 1839 retinuere
1796 1830 1808 1846 ,
1845 1814 1952 1853 quam
1968 1812 2095 1838 tamen·
2105 1801 2222 1852 postea
2243 1804 2277 1839 in
2294 1814 2348 1841 to-

1324 1865 1399 1891 tum
1434 1853 1634 1890 abdicarunt
1651 1882 1663 1897 ‚
1706 1852 1796 1890 adeo
1824 1865 1861 1889 ut
1887 1851 2103 1889 Constantini
2131 1853 2348 1902 temporibus

1326 1904 1551 1955 chlamydes,
1589 1903 1655 1940 hoc
1677 1903 1751 1947 est,
1795 1901 1947 1940 lacernas
1978 1900 2100 1951 paffim
2143 1902 2345 1952 induerent,

1325 1955 1419 2005 qnod
1438 1956 1583 1992 vetitum
1600 1954 1661 1991 illis
1679 1951 1758 1990 fecit
1771 1953 1824 1990 lex
1842 1951 2057 1990 Constantini
2085 1951 2176 1989 Cod.
2202 1952 2343 1993 Theod.

1327 2007 1403 2053 (ἔξω
1420 2005 1540 2041 habitu
1563 2008 1616 2041 uti
1630 2012 1753 2053 oportet
1770 2005 1866 2040 intra
1886 2003 2024 2045 urbem,
2055 2000 2214 2052 iussitque
2236 2014 2347 2041 terro·

1328 2068 1404 2091 rem
1429 2054 1665 2104 chlamydunr
1683 2053 1869 2103 deponere.
1927 2051 2090 2088 Tandem
2125 2065 2230 2103 penes
2256 2052 2348 2091 solos

1329 2105 1456 2151 judices
1469 2133 1481 2147 ,
1518 2118 1600 2141 cum
1620 2104 1804 2149 judicarent
1820 2131 1832 2147 ,
1867 2105 1905 2140 ὃ(
1923 2101 2114 2140 advocatos
2133 2115 2215 2139 cum
2232 2104 2347 2143 causas

1330 2165 1550 2204 perorarent,
1585 2165 1668 2204 toga
1689 2151 1793 2190 haefit.
1850 2152 1953 2189 Unde
1974 2153 2075 2199 tagam
2096 2152 2345 2200 Augustorum,

1329 2205 1433 2253 togati
1442 2205 1691 2252 psze’ciorum,
1706 2203 1749 2239 de
1766 2202 1961 2245 causidicis,
1979 2201 2133 2251 quiapud
2143 2203 2347 2253 Augustum,

1330 2266 1387 2290 aut
1411 2254 1620 2304 praesecturae
1634 2253 1752 2291 sedem
1780 2254 1894 2290 causas
1911 2251 2120 2296 elatrab'ant,
2150 2254 2184 2289 in
2203 2256 2348 2306 antiquis

1330 2304 1601 2354 inscriptionibus
1620 2333 1633 2349 ,
1676 2307 1713 2341 ὃ(
1730 2305 1777 2340 rei
1793 2301 2057 2355 Agrimensoriae
2075 2304 2272 2342 auster-ibus
2297 2319 2349 2342 re-

1332 2355 1610 2405 periunturdiffi.
1666 2354 1865 2391 Advocatos
1892 2365 2011 2390 tamen
2040 2355 2144 2390 etiam
2162 2356 2347 2404 paenulatos

1331 2405 1515 2455 aliqnando
1543 2403 1636 2442 tuisse
1662 2418 1741 2441 cum
1772 2405 1885 2441 causas
1907 2416 2076 2455 agerent,
2105 2405 2226 2454 legitur
2253 2406 2347 2456 apud

1333 2458 1524 2492 Auctorem
1554 2455 1597 2492 de
1623 2453 1730 2493 causis
1757 2467 1927 2506 corruptae
1956 2454 2170 2505 eloquentiae.
2207 2460 2348 2494 SALMA-

1330 2519 1421 2544 ειυς.
1471 2543 1475 2548 ,

1387 2555 1645 2604 Resarturum.]
1707 2555 1829 2594 Codex
1854 2553 2083 2593 Salmasianus
2111 2560 2148 2594 &c
2174 2556 2348 2595 Robertus

1330 2607 1519 2656 Stephanus
1537 2621 1546 2643 ι
1574 2608 1793 2654 resarsurum.

1386 2661 1487 2693 Circa
1500 2656 1652 2706 sestertia
1671 2656 1812 2707 vicia]
1839 2661 1962 2696 Immo
1970 2656 2113 2706 ftstertt'l
2127 2656 2250 2693 vicies:
2264 2670 2348 2695 nam

1333 2718 1373 2743 ea
1392 2721 1459 2745 vox
1479 2708 1602 2756 regiter
1623 2708 1694 2744 ἀπὸ
1712 2710 1760 2745 τέ
1775 2708 1804 2744 le
1824 2720 1881 2745 ato
1895 2737 1907 2753 ,
1933 2722 2004 2745 non
2029 2719 2049 2743 a
2078 2704 2346 2755 praepositione,

1331 2771 1406 2802 quae
1451 2758 1552 2795 instar
1593 2758 1746 2796 adverbii
1786 2723 1858 2796 signe
1890 2758 1978 2806 casu<
2005 2756 2156 2793 nominis
2195 2760 2345 2806 ponitur.

1332 2811 1504 2847 Gitonov.
1541 2808 1664 2846 Codex
1686 2809 1914 2846 Salmasianus
1933 2806 2122 2854 sestertium
2152 2808 2264 2846 vities.
2310 2812 2344 2849 F.

1332 2857 1475 2897 Ursinus
1496 2860 1634 2897 testatur
1648 2860 1683 2896 in
1699 2862 1804 2897 veteri
1819 2858 1936 2896 codice
1950 2854 2063 2893 fuisse:
2091 2856 2221 2893 circiter
2233 2859 2349 2907 sester-

1335 2911 1422 2945 tium
1442 2910 1568 2948 visita·
1714 2920 1719 2923 “
1756 2918 1758 2920 ’

1392 2974 1424 3006 7.
1454 2959 1549 3007 Gessit
1577 2956 1683 3006 unm]
1731 2956 1771 2994 Id
1795 2955 1864 2999 est,
1893 2954 1995 2993 simul
2020 2970 2101 2994 cum
2122 2959 2227 3005 Caio.
2272 2963 2347 2999 Gu..

273 3005 386 3041 munis
406 3003 467 3039 fuit
486 3003 544 3040 sub
570 3006 838 3052 imperatoribus
853 3036 862 3048 ‚
909 3012 945 3043 ὅ(
966 3010 999 3043 in
1018 3011 1212 3046 communi*
1228 3009 1285 3057 usu
1323 3015 1459 3053 'JETUffl
1506 3020 1512 3024 '

268 3053 395 3101 versam
407 3053 504 3092 vestis
521 3056 590 3100 jaro
602 3053 680 3092 inde
691 3066 711 3090 a
722 3067 808 3105 tem}
818 3056 931 3093 orib'us
941 3054 1078 3107 Augusti
1087 3079 1099 3103 ·‚
1118 3060 1172 3109 qui
1183 3088 1195 3103 ,
1206 3052 1285 3097 cum

1350 3063 1354 3069 '
1377 3056 1533 3096 ‘Sartitas
1551 3054 1659 3107 eff&
1678 3056 1842 3108 aja-altaro
1861 3056 2032 3106 consulatu
2046 3061 2083 3097 in
2105 3050 2270 3109 q'uaritum
2289 3074 2349 3099 cen-

1552 3115 1560 3124 ⁴
1583 3109 1589 3121 “
1979 3118 1981 3122 ’
2263 3117 2347 3149 main
