2504 3425
304 199 409 256 ⁷92
594 175 1058 257 JoANurs
1132 173 1326 226 G=EO

306 274 429 322 lusum.
475 274 588 326 paullo
608 274 682 325 post
705 274 798 310 idem
816 274 854 308 δε
878 269 982 307 Salm.
1007 266 1168 313 Asernini
1187 268 1321 313 nepotis.

308 325 470 363 Har-lem.
504 325 693 373 Affevt'rini
717 321 850 368 nepotis.
882 319 994 355 statim
1021 316 1130 354 iidem
1154 315 1290 353 codices
1308 344 1320 359 ,

311 388 389 412 crus
403 376 567 424 fregerat.
594 373 673 409 dein
699 382 861 418 uterque,
895 367 1130 416 adoleftentem
1151 367 1290 415 Lycium
1309 394 1321 410 ,

312 438 379 475 pro
397 428 546 460 Lucium.
1036 468 1042 475 Ι

365 475 402 508 Si
423 473 556 521 quando
585 472 669 519 quid
698 467 954 519 invifitatum.]
1011 471 1063 504 Sic
1093 468 1186 504 reete
1212 465 1322 502 codex

308 522 462 560 Salmafii
472 551 483 564 ‚
520 520 626 571 vulgo
643 520 846 570 inusitatum
857 549 869 565 ,
894 532 929 557 ut
944 522 980 556 δε
1003 516 1090 568 apud
1108 519 1183 555 Liv.
1195 529 1282 555 xxvi
1297 531 1323 554 1.

310 587 365 616 39.
411 571 585 619 Invisitati
614 583 760 620 namque
783 582 886 608 antea
907 568 1103 617 alienigenis
1128 568 1325 604 Gronovius

308 634 351 657 ex
368 624 522 658 Putaneo
544 625 580 657 ὃ(
602 622 741 671 optimis
758 622 951 664 codicibus,
984 623 1020 656 ὃ(
1036 616 1167 667 Lipsius
1186 632 1227 655 ex
1241 632 1323 654 con-

307 673 438 719 jestura
484 672 664 708 restituere.
722 672 922 722 Invtsttatus
952 671 1047 706 enim
1082 669 1200 725 saepius
1233 669 1323 718 apud

307 723 390 759 Liv.
408 726 445 758 ὅ(
466 722 596 769 invisus
616 721 705 772 apud
725 724 799 761 Cic.
820 722 868 760 est
887 733 987 759 antea
1007 733 1078 757 non
1095 721 1191 757 viius.
1233 721 1324 756 Sicut

308 784 428 808 contra
443 771 601 820 visttatus
617 772 707 820 apud
722 773 827 811 Plaut.
849 775 883 809 in
900 772 1016 810 Pseud.
1037 772 1112 808 Aust.
1141 785 1194 807 11.
1216 772 1269 806 Sc.
1290 784 1324 815 4.

309 821 380 864 est,
410 823 496 872 stepe
516 822 613 860 visus.
632 827 669 859 ὃ(
688 822 829 872 vifitare
847 825 883 860 in
902 822 1028 874 Epidic.
1052 825 1088 858 δε
1109 821 1143 857 in
1162 821 1325 858 Trinum.

308 871 397 920 saepe
417 874 543 910 videre.
570 876 778 923 Frequenter
798 874 870 911 haec
892 887 962 913 vox
980 872 1178 920 invisitatus
1197 882 1327 907 mutata

310 921 359 958 est
377 935 397 958 a
424 924 674 961 correstoribus
700 924 736 959 in
762 924 952 973 inusitatus.
1010 924 1063 960 Sic
1090 922 1180 971 apud
1208 921 1324 965 justin.

307 971 365 1009 lib.
383 987 510 1010 xviii.
537 988 562 1012 1.
585 987 626 1011 ex
651 975 895 1011 emendatione
917 974 1087 1012 Gronovii
1117 972 1326 1021 legendum:

308 1024 373 1058 Sed
391 1030 554 1060 Romanos
576 1027 746 1060 vincentes
764 1037 840 1073 jam
860 1024 1043 1070 invifitata
1067 1032 1148 1059 ante
1176 1022 1328 1070 elephan-

310 1082 421 1109 torum
430 1074 549 1118 forma
565 1074 692 1123 stupere
704 1077 814 1122 primo
829 1104 841 1119 ,
867 1088 944 1111 mox
965 1076 1076 1111 ιειὶενε
1090 1073 1197 1120 prelio
1213 1074 1323 1121 coegit.

308 1122 451 1166 Vulgo:
479 1123 654 1162 inumata.

362 1164 421 1218 43³·-
450 1176 588 1220 Qoties
622 1175 707 1222 quid
730 1174 960 1222 spectandum.
979 1173 1000 1219 ]‚
1054 1171 1147 1208 Cod.
1187 1171 1328 1210 Salmas.

309 1224 436 1272 quoties
455 1224 537 1270 quid
547 1223 743 1270 speoiaculi.
774 1224 893 1271 procul
914 1223 1022 1259 dubio
1041 1235 1132 1260 vere.
1177 1223 1328 1258 firmant

309 1284 376 1308 tres
404 1272 538 1309 codices
566 1274 741 1311 Torrentii
759 1301 771 1316 ,
809 1277 846 1311 ὅς
864 1273 950 1311 olim
976 1274 1102 1324 recepit
1130 1271 1227 1310 Rob.
1258 1276 1330 1308 Ste-

308 1323 450 1374 phanus.
876 1352 878 1355 ,

362 1373 566 1410 Muliebrem
576 1374 697 1422 sexum
713 1374 883 1420 omnem.-]
919 1376 1012 1410 Cum
1041 1374 1075 1410 in
1100 1373 1250 1424 plurimis
1270 1386 1330 1410 an-

307 1423 412 1473 tiquis
427 1424 519 1461 libris
541 1424 672 1475 legatur
688 1425 851 1461 muliebre·
859 1425 950 1472 secus
969 1437 1086 1467 omne,
1112 1423 1171 1459 ista
1182 1423 1331 1461 formula

307 1486 394 1510 vero
414 1474 574 1510 muliebre
592 1504 603 1518 ,
637 1475 740 1512 virile
757 1476 850 1523 fietus
874 1486 1052 1524 nunquam
1071 1476 1105 1510 in
1128 1476 1330 1512 nominandi

309 1523 385 1560 casu
406 1552 418 1567 ,
449 1524 504 1560 sed
533 1525 666 1575 semper
686 1526 722 1562 in
740 1525 905 1574 gignendi
933 1525 1106 1575 usurpetur
1140 1525 1229 1574 apud
1256 1526 1332 1562 scri·

309 1586 424 1624 ptores
443 1574 636 1623 elegantes,
667 1587 703 1613 ut
721 1577 852 1626 primus
869 1575 1005 1626 pulchre
1015 1575 1210 1614 observavit
1227 1579 1332 1613 Gno-

311 1637 442 1662 uovius
468 1625 511 1661 ad
533 1628 606 1665 Liv.
627 1625 686 1666 lib.
709 1640 812 1664 xxvi.
835 1641 893 1673 47.
916 1626 1101 1678 legendum
1121 1626 1174 1662 ille
1192 1627 1259 1676 ipse
1280 1627 1332 1664 hic

309 1725 387 1765 vide
405 1737 503 1763 notas
526 1730 600 1772 ejus
616 1726 659 1764 ad
679 1727 713 1764 d.
729 1727 749 1763 l.

365 1782 406 1812 In
419 1778 588 1826 sequentis
605 1778 712 1825 diei.]
747 1776 889 1815 Salmas.
908 1780 945 1814 ὃ(
958 1776 1083 1829 Copes.
1104 1784 1143 1814 In
1156 1777 1332 1828 insequen-

310 1828 353 1862 tis
371 1827 449 1862 clici.

322 1916 325 1917 ⁷
366 1877 526 1913 Mulieres
550 1888 630 1915 ante
659 1879 781 1915 horum
798 1879 957 1927 quintam
980 1877 1137 1914 venirent
1166 1877 1202 1913 in
1234 1877 1331 1913 thea-

311 1934 405 1960 trum
423 1939 489 1962 non
501 1927 667 1975 placere]
694 1929 834 1965 Palatini
854 1940 943 1973 tres,
974 1928 1096 1977 aliique
1115 1930 1206 1964 Mss.
1224 1940 1265 1964 ac
1276 1929 1329 1965 ed.

311 1975 407 2012 Rob.
429 1976 542 2026 Steph.
562 1978 630 2027 ipsa
648 1979 753 2016 verba
764 1979 866 2015 edicti
884 1983 921 2015 ὃ(
940 1979 1105 2016 editiones
1123 1979 1330 2028 antiquiores

311 2037 439 2063 omnes
459 2028 599 2071 venire,
625 2028 719 2078 quod
739 2030 865 2065 merito
883 2030 1029 2080 reposuit
1045 2032 1216 2066 Gruterus.

365 2090 424 2122 45.
455 2077 640 2124 spectaculo
652 2079 820 2126 plurimas
837 2078 973 2128 horas]
993 2080 1083 2117 Cod.
1105 2077 1245 2116 Salmas.
1259 2079 1332 2127 spe-

313 2127 449 2162 b‘t'ucula
462 2126 628 2173 plurimas
647 2128 756 2166 horas.
777 2127 901 2164 dehinc
911 2130 972 2177 seu
980 2130 1092 2176 studio
1111 2131 1333 2178 exspefft'ancli.

313 2175 360 2213 fic
375 2177 411 2213 in
436 2174 506 2213 fine
522 2189 596 2225 cap.
618 2177 714 2215 idem
731 2182 992 2227 expaveram,
1019 2193 1081 2230 pro
1099 2180 1332 2227 spectatorem.

312 2230 349 2263 ὅ(
370 2240 442 2277 cap.
461 2241 513 2271 53.
534 2227 740 2276 exspeblante
760 2243 793 2265 eo
813 2228 929 2272 ludos,
957 2242 1020 2278 pro
1043 2230 1215 2277 spectante.
1239 2229 1335 2265 idem

311 2276 452 2327 postea:
476 2280 613 2324 promta
638 2279 675 2314 in
701 2279 820 2314 alienis
839 2292 967 2328 quoque
985 2279 1176 2315 muneribus
1200 2307 1211 2322 ‚
1247 2283 1336 2316 ut&

312 2328 428 2377 Steph.
449 2326 501 2364 ed.
537 2341 732 2379 perperam.
764 2329 883 2366 dicitur
908 2342 941 2367 n.
973 2341 1010 2366 ut
1036 2329 1149 2366 statim
1175 2329 1265 2366 ludis
1283 2329 1335 2372 Εἴ

328 2391 419 2415 cena.

304 2377 337 2427 s
367 2427 590 2464 Gladiatores
604 2426 675 2475 fine
693 2427 835 2475 missione
852 2429 904 2465 edi
917 2428 1132 2477 prohibuit.]
1164 2431 1252 2465 Non
1269 2429 1338 2472 est,

312 2488 349 2514 ut
365 2477 551 2514 Beroaldus
570 2478 659 2521 vult,
687 2477 750 2515 nisi
770 2480 957 2517 victoribus
976 2478 1092 2515 missio
1116 2493 1178 2528 pro
1190 2481 1336 2530 praemio

314 2527 492 2578 proposita
508 2527 697 2579 foret‚qua
718 2531 898 2580 impetrata
910 2530 992 2566 rude
1012 2530 1253 2567 donabantur:
1282 2530 1338 2566 sed

313 2577 385 2614 fine
406 2576 565 2615 mistione
594 2592 744 2629 pugnare
770 2580 817 2616 est
844 2582 893 2617 ad
926 2591 1071 2618 mortem
1093 2588 1243 2629 pugnare
1261 2607 1273 2624 ‚
1304 2592 1339 2617 ut

313 2627 445 2666 dudum
464 2630 526 2666 viri
543 2628 637 2666 doffi
654 2641 896 2681 praeceperunt.

368 2678 611 2715 Coercitionem
628 2681 665 2717 in
684 2680 875 2727 histriones,
902 2680 1154 2730 magistratibus
1187 2681 1223 2718 in
1246 2693 1337 2718 omm

315 2737 455 2776 tempore
477 2727 530 2771 ἶς’
550 2729 626 2765 loco.
644 2730 657 2776 ]
693 2730 785 2770 Cod.
805 2732 911 2769 Salm.
932 2734 1131 2768 coercionem
1156 2734 1192 2768 in
1212 2731 1340 2777 histrio-

314 2789 370 2812 nes
387 2778 638 2827 magistratibus
656 2782 747 2817 omni
765 2792 907 2830 tempore
925 2781 977 2825 ΕΞ
996 2781 1070 2819 loce.
1121 2781 1185 2819 Sic.
1204 2785 1242 2819 ὃ(
1265 2783 1338 2820 Cic.

315 2828 354 2862 ὃ(
377 2828 452 2867 infr.
473 2829 507 2864 in
528 2829 638 2880 Calig.
658 2830 796 2868 inferius
815 2832 931 2881 paullo
956 2831 1051 2868 idem
1068 2843 1079 2865 τ
1110 2830 1243 2881 flagellis
1262 2846 1340 2868 ver-

317 2874 452 2912 beravit
476 2905 487 2920 ,
526 2878 593 2928 leg.
635 2882 824 2923 verberarit
844 2912 856 2927 ,
888 2894 924 2920 ut
947 2881 1097 2932 superius
1123 2883 1159 2918 in
1178 2883 1244 2920 hoc
1264 2894 1338 2934 cap.

318 2923 413 2961 idem
435 2926 515 2963 cod.
530 2941 693 2979 quemque
711 2931 896 2971 honorarit.
926 2932 1064 2971 iuferius
1092 2947 1133 2971 ex
1152 2934 1232 2971 eod.
1259 2933 1340 2972 cod.

319 2976 443 3011 rectius
463 2975 566 3012 scribe
584 2993 594 3015 z
623 2979 788 3026 Pyladem
804 2983 898 3021 Urbe.

333 3063 338 3066 ,
374 3029 601 3072 Preterquam
619 3027 707 3066 ludis
721 3031 773 3073 Εἴ
786 3031 933 3080 scena]
956 3035 1088 3084 Recepi
1113 3035 1201 3073 hanc
1222 3035 1342 3073 1Εᾶἰο-

1367 187 1601 226 RG11
1675 174 1805 231 Gn
1845 190 2028 236 sev-1
2075 201 2094 236 1

1367 276 1410 322 eie
1437 265 1635 311 conjectura
1662 267 1848 318 legendum
1875 272 2094 311 ostenderant
2123 272 2328 312 Torrentius
2347 276 2387 313 &

1368 312 1527 372 Lipsius,
1571 317 1629 366 qui
1657 319 1733 356 ait:
1767 322 1847 358 Mos
1874 335 1972 361 vetus
2004 325 2112 375 puniri
2144 324 2320 362 histriones
2343 325 2389 362 ab

1370 363 1553 411 AEdihbus,
1584 369 1807 411 Praetoribus,
1832 374 2057 418 Consulibus,
2085 376 2206 424 quovis
2225 386 2389 424 tempore

1370 417 1407 451 &
1429 417 1552 465 quovis
1580 415 1659 454 loco
1685 420 1931 467 permittebat:
1974 426 2117 463 :ti-&avit
2134 425 2321 476 Augustus,
2349 428 2388 462 δε

1371 464 1524 502 nonnisi
1548 479 1609 516 per
1626 479 1763 519 tempus
1789 469 1947 508 ludorum
1974 475 2125 523 permifit
2140 504 2151 519 ,
2192 480 2229 512 ὅ(
2249 477 2282 512 in
2306 476 2387 513 loco

1372 515 1447 565 ipso
1468 516 1524 553 ubi
1540 530 1740 567 peccarant,
1770 519 1804 556 id
1821 521 1888 565 est,
1919 523 1952 558 in
1972 523 2082 562 scena.
2116 525 2257 563 Ademit
2281 527 2388 564 etiam

1371 567 1572 615 virgarum:
1601 570 1720 620 (quod
1742 570 1912 608 redditum
1932 571 1996 609 effe
2028 576 2277 623 magistratibus
2295 576 2392 615 vide-

1369 627 1421 653 tur
1440 617 1515 668 lege
1531 619 1619 662 Julia
1634 621 1678 656 de
1697 622 1731 659 vi
1755 620 1902 670 publica,
1913 636 1983 659 non
2001 624 2141 672 quidem
2156 627 2365 664 nominatim
2377 654 2391 670 ,

1369 667 1425 704 sed
1437 668 1641 717 prudentum
1652 671 1953 722 interpretatione)
1985 685 2018 709 at
2028 685 2201 712 carcerem
2221 688 2340 713 tamen
2350 679 2389 713 δε

1370 717 1526 756 exsilium
1546 720 1688 771 reliquit.
1748 723 1874 760 Probat
1892 728 1928 761 ὃ(
1953 724 2039 760 hanc
2055 724 2243 762 leffionem
2262 726 2388 763 Casan-

1373 768 1505 807 bonus:
1535 770 1654 808 dicitur
1671 784 1790 811 autem
1812 775 1901 810 ludis
1932 803 1943 818 ‚
1970 787 2032 824 pro
2054 787 2135 810 cum
2161 775 2230 811 ludi
2254 777 2395 814 ederen-

1375 830 1450 863 tur,
1479 831 1515 858 ut
1531 820 1670 860 inferius
1685 852 1698 867 ,
1715 825 1837 869 feriis,
1857 838 1937 861 cum
1954 826 2045 861 feriae
2057 822 2180 871 essent,
2207 829 2244 863 ὃ(
2261 826 2395 876 gladia-

1374 870 1517 915 toribus,
1547 886 1629 910 curn
1647 873 1716 910 ludi
1734 875 1926 924 gladiatorii
1952 875 2144 913 ederentur.

1428 922 1591 971 Hylam]
1646 924 1750 963 Salm.
1788 925 1866 963 cod.
1893 926 1987 964 Ylan.
2006 929 2044 963 ὅ(
2069 925 2162 963 idem
2194 938 2281 963 mox
2316 938 2397 964 cum

1375 971 1500 1020 CopesI
1525 975 1687 1021 Pyladen.

1368 1069 1400 1117 s
1415 1029 1488 1106 {7433
1518 1024 1584 1059 Sub
1607 1026 1662 1060 die
1682 1026 1929 1075 comitiorum]
1972 1028 2025 1064 Sic
2045 1026 2186 1064 Salmas
2218 1040 2285 1077 pro
2305 1027 2398 1079 vulg.

1390 1084 1412 1105 u
1475 1085 1551 1108 tem.

1429 1134 1487 1166 47.
1518 1128 1596 1158 Non
1617 1124 1659 1169 est
1682 1152 1694 1167 ,
1736 1135 1775 1160 ut
1812 1128 1951 1174 opinor,
1984 1127 2206 1176 provincia.]
2255 1127 2396 1166 Salmas:

1378 1170 1470 1206 Cod.
1491 1175 1527 1207 δε
1554 1173 1651 1208 Rob.
1669 1175 1783 1223 Stepli.
1803 1176 1857 1213 ed.
1881 1190 1938 1213 nec
1961 1178 2025 1224 est,
2053 1180 2185 1224 opinor,
2204 1178 2399 1225 provincia.

1430 1226 1489 1264 48.
1519 1227 1653 1270 Regna,
1672 1226 1792 1271 quibus
1816 1226 1891 1261 belli
1909 1227 2025 1275 jure.]
2052 1227 2192 1266 Salmas.
2210 1231 2248 1265 ὃς
2271 1228 2398 1279 Copes.

1377 1274 1560 1317 Regnorum
1576 1273 1693 1321 quibus
1711 1273 1785 1310 belli
1793 1276 1872 1324 jure
1880 1277 2006 1324 potitus
2024 1277 2076 1323 est.

1430 1323 1599 1358 Rectorem
1635 1336 1763 1372 quoque
1789 1325 1908 1372 solitus
1949 1327 1990 1373 est
2009 1335 2164 1374 apponere
2186 1336 2280 1364 atate
2314 1338 2400 1377 par-

1378 1370 1456 1412 vis,
1484 1384 1522 1407 ac
1543 1382 1653 1409 mente
1667 1373 1799 1423 lapsts.]
1827 1375 1948 1413 Melius
1963 1377 2102 1413 Salmas.
2123 1380 2159 1414 δ(
2172 1378 2266 1414 Rob.
2279 1380 2395 1430 Steph.

1378 1424 1535 1457 rectorem
1562 1436 1690 1472 quoque
1719 1425 1838 1472 solitus
1867 1436 2022 1475 apponere
2047 1437 2142 1463 atate
2169 1429 2294 1474 parvis
2332 1439 2396 1465 am

1377 1482 1488 1557 rgenti·
1514 1472 1621 1522 lapfis.
1646 1473 1706 1513 sed
1728 1477 1847 1513 τελεία
1863 1477 1978 1523 ςιγμῆ
1995 1489 2074 1514 ante
2096 1480 2258 1515 restorem
2284 1478 2406 1517 delen-

1408 1533 1439 1559 a.

1431 1586 1492 1618 49.
1518 1578 1661 1613 Certum
1689 1576 1908 1627 numerum]
1966 1577 2057 1616 Cod.
2081 1578 2225 1619 Salmas.
2255 1591 2403 1622 ceterum

1356 1652 1359 1660 s
1380 1635 1560 1662 numerum
1565 1652 1572 1661 ι

309 1675 421 1711 censet
433 1675 626 1714 verillime:
651 1677 811 1713 muliebre
819 1680 914 1725 secus
929 1690 1039 1714 omnes
1054 1678 1135 1713 aclea
1143 1677 1332 1725 submovit.
1356 1667 1361 1702 i

1357 1729 1361 1781 ἰΙ
1380 1728 1547 1774 quoque]
1577 1728 1700 1766 Codex
1727 1729 2065 1774 Corsendoncenfis,
2103 1744 2210 1782 quem
2228 1733 2310 1770 vidit
2327 1734 2406 1772 Pul-

1433 1679 1475 1711 Ut
1493 1678 1553 1725 qui
1572 1689 1595 1713 a
1612 1677 1677 1714 loco
1694 1678 1803 1715 eidem
1823 1679 2008 1727 perferrent
2031 1680 2183 1724 litteras,
2200 1681 2405 1732 interrogari

1359 1794 1363 1822 ᾗ
1382 1788 1553 1814 mannus:
1579 1789 1618 1813 ut
1630 1780 1690 1828 qui
1707 1792 1729 1814 a
1740 1780 1807 1816 loco
1818 1781 1992 1829 perferunt
2008 1781 2144 1818 litteras
2159 1783 2286 1825 ‚iidem
2304 1785 2410 1821 inter-

1383 1830 1491 1874 rogari
1511 1842 1639 1877 quoque
1649 1828 1696 1878 ,si
1715 1831 1798 1878 quid
1821 1844 1871 1866 res
1892 1832 2078 1878 exigerent,
2099 1832 2236 1879 poſjent.
2261 1833 2407 1871 Salmas.

1384 1877 1493 1913 codex
1506 1906 1518 1921 ,
1546 1889 1585 1915 ut
1607 1881 1665 1928 qui
1678 1895 1701 1916 a
1718 1881 1784 1916 loco
1801 1881 1891 1916 idem
1908 1881 2081 1927 perferunt
2098 1880 2244 1920 litteras.
2275 1885 2404 1935 Copes.

1387 1937 1425 1962 ut
1452 1940 1535 1977 quia
1553 1929 1618 1964 loco
1630 1929 1719 1965 idem
1731 1929 1908 1976 perferunt
1930 1930 2082 1972 litteras,
2108 1932 2311 1981 interrogari
2327 1949 2407 1983 quo-

1384 1991 1466 2027 que,
1486 1977 1520 2025 fi
1534 1979 1618 2028 quid
1636 1992 1685 2014 res
1706 1979 1994 2027 exigant,poffznt.
2039 1983 2107 2017 Suo
2129 1980 2209 2018 loco
2227 1995 2326 2020 mota
2345 1984 2406 2023 suit

1385 2042 1453 2066 vox
1470 2030 1573 2064 iidem
1593 2057 1605 2072 ‚
1632 2028 1710 2065 iude
1743 2041 1822 2066 nata
1839 2029 2016 2068 diversitas
2047 2030 2228 2081 scripturae.
2286 2034 2353 2071 Sed
2374 2052 2400 2072 a

1383 2079 1448 2114 loco
1469 2080 1573 2115 etiam
1594 2079 1692 2116 valde
1709 2079 1911 2130 suspectum.
1968 2082 2119 2117 Suetonii
2142 2095 2287 2120 manum
2311 2084 2406 2124 fuisse

1385 2128 1531 2180 suspicor
1551 2145 1561 2166 ε
1590 2140 1628 2165 ut
1646 2131 1704 2179 qui
1729 2133 1885 2167 alicunde
1901 2132 2086 2178 perferrent
2105 2133 2237 2170 litteras
2257 2162 2269 2177 ,
2300 2137 2406 2174 iidem

1386 2179 1586 2228 interrogari
1607 2193 1734 2229 quoque
1748 2210 1761 2224 ‚
1800 2180 1969 2230 fiquiclem
1988 2182 2025 2217 id
2052 2195 2101 2216 res
2124 2184 2313 2231 exigerent,
2336 2187 2408 2235 pofi

1382 2231 1468 2276 sent.
1496 2228 1661 2266 Alicunn'e
1673 2229 1832 2268 usitatum
1848 2232 1990 2275 Plauto,
2016 2234 2201 2276 Terentio,
2231 2235 2403 2276 Ciceroni.

1387 2281 1530 2316 sicunde
1551 2280 1688 2317 iuferius
1710 2282 1745 2317 in
1774 2281 1884 2332 Calig.
1904 2297 1936 2327 4.
1995 2284 2135 2330 Qoties
2165 2284 2280 2333 aliquo
2299 2289 2407 2324 adve-

1388 2331 1498 2373 niret,
1523 2330 1580 2366 vel
1589 2330 1729 2379 ficunde
1747 2330 1934 2379 discederet.
1961 2335 1998 2367 δ(
2019 2345 2083 2381 cap
2112 2347 2164 2378 5¹·
2186 2340 2263 2370 Non
2282 2338 2409 2374 medio-

1388 2393 1476 2417 crem
1479 2381 1556 2426 fore
1573 2381 1867 2428 consternationem
1880 2411 1891 2425 ,
1903 2381 2043 2431 sicunde
2061 2382 2157 2429 hostis
2173 2393 2343 2432 appareat.

1453 2445 1506 2476 50.
1533 2433 1724 2478 Dioscordis
1752 2432 1897 2481 manus]
1935 2433 2026 2470 Cod.
2053 2433 2191 2471 Salmas.
2211 2436 2412 2483 ‘Dioscuridi

1389 2492 1509 2518 manu.
1530 2481 1625 2518 idem
1644 2496 1654 2519 ε
1676 2483 1950 2529 perseverarunt.
1973 2495 2009 2519 ut
2024 2482 2119 2520 idem
2137 2483 2229 2535 seqq·
2243 2499 2342 2538 capp.
2356 2501 2412 2525 zn-

1388 2529 1503 2580 qut'fiit
1515 2559 1529 2576 ,
1558 2545 1620 2582 pro
1638 2531 1829 2582 inquifivit.
1871 2560 1872 2565 ,

1448 2596 1500 2626 51·
1533 2582 1838 2632 Tiberioquoque.]
1868 2582 2024 2620 Restituit
2040 2586 2201 2624 Gruterus
2217 2586 2406 2626 lectionem

1387 2644 1508 2670 veram
1531 2632 1606 2669 huic
1625 2633 1705 2670 loco
1739 2646 1780 2670 ex
1805 2633 1923 2670 codice
1942 2631 2056 2671 Ursini
2076 2649 2086 2672 ε
2124 2637 2252 2672 Tiberio
2278 2651 2406 2686 quoque

1388 2684 1504 2719 eadem
1520 2684 1561 2718 de
1579 2697 1614 2718 re
1636 2712 1648 2727 ,
1683 2683 1743 2730 sed
1761 2684 1943 2720 violentius
1959 2713 1972 2728 ,
2007 2696 2044 2721 ut
2068 2696 2148 2722 ante
2168 2700 2303 2736 quoque
2322 2700 2409 2725 con-

1389 2734 1514 2778 jecerat
1546 2736 1570 2770 F
1603 2734 1756 2772 Pithoeus
1773 2762 1784 2776 ‚
1820 2747 1902 2771 cum
1925 2736 1959 2771 in
1984 2734 2045 2772 suo
2065 2737 2257 2787 reperisset:
2286 2736 2405 2784 sedule

1388 2784 1510 2819 lentius
1524 2812 1535 2827 ‚
1551 2784 1643 2834 quod
1668 2789 1705 2822 ὃ(
1726 2784 1830 2821 exstat
1851 2787 1887 2821 in
1903 2784 2116 2822 Salmasiano
2133 2790 2170 2823 δε
2189 2784 2400 2834 Copesimo.

1390 2835 1514 2870 Primae
1531 2835 1665 2886 syllabae
1680 2836 1715 2873 in
1730 2835 1911 2872 violentius
1928 2835 2021 2872 male
2031 2836 2104 2873 sunt
2125 2836 2275 2884 repetitae
2295 2840 2332 2874 ὅ(
2345 2839 2406 2876 ud-

1392 2884 1558 2921 haeserunt
1578 2885 1780 2936 praecedenti
1795 2885 1928 2924 voculae
1939 2887 2012 2934 sed.

1451 2948 1501 2980 53.
1530 2935 1605 2984 Nzfi
1631 2938 1760 2985 vespere
1783 2946 1846 2972 aut
1867 2934 2007 2984 ‘motu-J

1391 2985 1517 3036 Copess
1541 2985 1603 3036 Wfi
1619 2987 1754 3034 vespera
1771 2996 1831 3022 aut
1850 2988 1959 3024 noctu.

1442 3037 1616 3084 Adoperta
1626 3036 1754 3084 sella.]
1789 3037 1841 3073 Sic
1857 3037 1948 3073 reste
1967 3035 2085 3083 legunt
2108 3037 2198 3074 Mss.
2220 3037 2324 3074 etiam
2343 3041 2408 3076 Pa·-

2065 2932 2157 2970 Cod.
2183 2934 2324 2975 salmas.
2360 2909 2404 2978 ὣςν

316 3085 405 3114 uem
426 3086 509 3112 cum
524 3076 670 3117 Gruter-0
689 3092 731 3119 ex
750 3082 870 3121 codice
892 3085 929 3124 F.
948 3083 1084 3129 Ursini,
1107 3085 1192 3125 ficut
1207 3089 1247 3126 ὅς
1265 3096 1344 3126 ante
1392 3084 1497 3125 latini.
1527 3088 1719 3138 Perperam
1742 3085 1952 3132 Beroaldus,
1987 3079 2168 3126 Scriverius
2183 3115 2196 3132 ,
2234 3088 2409 3126 Casaubo-

2339 3153 2411 3183 ‚nus
