2504 3425
620 201 1006 264 Tusci).
1087 211 1152 266 Μ

157 294 163 319 -‘
178 290 342 341 Basilides
372 291 518 341 obtulisse
553 296 647 346 visits
679 297 755 349 effi]
807 301 982 355 Multiplici
1018 307 1149 346 omine.

125 341 279 380 Primum
309 344 382 394 ipso
406 344 558 385 Basilidis
581 350 726 387 nomine
744 379 755 395 ‚
786 350 909 390 deinde
939 356 1018 405 quia
1045 354 1150 395 sacer-

123 390 187 428 dos
205 394 274 430 Dei
293 395 474 440 Carmeli,
506 401 600 444 cujus
624 399 767 438 sortibus
794 403 1045 444 confirmatum
1073 410 1146 455 ‘jan

121 442 336 494 Vespasiano
361 447 575 496 imperium5
624 464 790 500 praeterea
815 456 894 504 quia
914 455 1072 495 divinitus
1095 457 1149 496 of-

119 492 183 530 fert
205 523 217 538 ,
261 495 438 546 postremo
456 501 535 548 quia
562 503 726 539 verbenas
744 532 755 547 ‚
793 518 926 543 coronas
944 536 956 551 ,
985 508 1148 556 panificia

116 541 232 581 offert.

117 596 229 631 Recte
277 609 397 636 autem
439 602 601 640 Laevinus
649 606 852 643 Torrentius
902 607 994 645 delet
1038 608 1148 646 liberti

114 658 249 683 nomen
268 677 279 691 ,
325 662 360 687 ut
388 662 479 700 patet
514 655 554 690 C.
583 656 696 691 Taciti
723 656 781 693 lib.
809 670 859 695 ιν.
901 658 1033 696 Histor.
1078 661 1145 697 Aut

113 694 204 733 forte
241 710 285 735 an
320 701 512 748 παρόραμα
545 703 612 741 hoc
649 708 803 744 Suetonii
843 707 922 751 est,
964 721 999 745 ut
1037 711 1141 747 etiam

112 745 177 784 alia
207 748 295 786 insi-a
322 751 390 788 hoc
409 754 517 802 capite
537 783 548 797 ,
589 754 647 792 ubi
667 756 709 792 de
732 758 915 796 miraculis.
974 763 1015 796 Et
1043 761 1142 810 supra

113 811 143 834 c.
165 813 223 837 v1.
255 800 324 837 Ubi
344 802 386 837 de
404 802 486 841 idib.
514 804 631 849 Julii,
661 809 729 844 &tx
762 807 915 851 eodem,
942 808 1053 846 ubide
1069 812 1143 846 red«

111 849 226 886 denda
245 852 387 890 ratione.

106 900 274 948 gionibus.
548 947 552 951 .

164 955 206 986 Ut
231 952 360 998 scilicet
384 953 594 1003 inopinato]
642 957 804 994 Laevinus
826 960 1062 1003 Torrentius,
1101 972 1140 998 ut

96 999 182 1046 solet
198 1000 380 1050 inopinato.
439 1005 505 1041 Sed
524 1004 676 1054 vulgaris
697 1006 802 1043 lestio
821 1007 957 1045 melior.

164 1057 219 1088 Ex
244 1053 336 1101 plebe
355 1055 538 1102 quidam]
561 1066 564 1069 ·
587 1055 683 1092 Plebe
701 1058 868 1094 nimirum
885 1059 1136 1105 Alexandrina,

108 1114 145 1139 ut
160 1114 275 1140 narrat
294 1105 337 1142 C.
350 1104 490 1142 Tacitus
507 1105 564 1145 lib.
584 1119 636 1145 lv.
664 1107 793 1146 Histor.
820 1112 861 1145 Et
875 1111 949 1146 Dio
963 1111 997 1147 in
1010 1112 1137 1163 Vespa-

109 1151 219 1191 siano.
823 1178 827 1181 ¹

105 1204 247 1240 Crebrae
275 1218 360 1243 vero
397 1207 566 1254 eiusmodi
593 1209 793 1260 Principum
828 1209 1042 1250 admirandae
1071 1222 1134 1252 ‘cu-

104 1256 255 1292 rationes
281 1256 316 1292 in
340 1256 508 1303 historiis,
548 1271 584 1297 ut
608 1261 725 1310 Pyrrhi
774 1263 862 1310 regis
887 1262 979 1311 apud
1009 1266 1136 1302 (3.1)Ιί-

105 1305 203 1342 nium
221 1319 249 1342 c.
279 1321 333 1347 11.
365 1308 423 1346 lib.
445 1323 529 1349 v11.
569 1311 788 1348 Plutarchum
805 1313 840 1348 in
859 1314 1004 1358 Pyrrho.
1064 1319 1136 1353 Ha-

105 1353 214 1394 driani
238 1358 329 1409 apud
351 1359 478 1397 AEliutn
498 1363 741 1413 Spanianum,
768 1362 952 1400 Alexandri
979 1368 1029 1402 M.
1053 1367 1134 1404 alio-

104 1419 183 1444 rum
213 1409 306 1458 apud
335 1409 430 1446 alios.
480 1415 576 1449 -Haec
612 1412 819 1450 daemonum
856 1414 1028 1465 praestigiis
1056 1416 1130 1455 fieri

104 1457 265 1496 censuere
293 1459 423 1510 aliqui,
472 1463 527 1499 alii
561 1462 604 1500 ad
641 1465 708 1500 Dei
739 1465 996 1514 providentiam
1022 1471 1134 1518 reguis

104 1519 207 1558 atque
246 1511 402 1559 imperiis
434 1515 646 1562 peculiariter
690 1515 927 1552 consulentem
968 1518 1134 1558 retulere:

104 1560 277 1610 Principes
301 1561 397 1598 enim
424 1564 551 1602 Christi
580 1564 729 1602 domino
751 1568 832 1603 Deo
851 1594 863 1610 ,
904 1578 940 1604 ut
968 1568 1073 1607 Esaiae
1104 1585 1133 1608 c.

103 1620 188 1648 xtv.

158 1665 244 1697 Item
261 1661 350 1699 alius
366 1663 471 1700 debili
490 1664 617 1714 crure.]
647 1665 752 1703 Aliter
769 1669 810 1705 C.
824 1670 985 1715 Tacitus,
1006 1685 1134 1724 nempe

107 1709 198 1747 alius
219 1725 331 1749 manu
356 1727 451 1763 aeger,
476 1717 545 1753 &c.
603 1717 831 1768 Similiterque
850 1721 944 1765 Dio,
972 1723 1022 1760 ἐκ
1040 1724 1135 1773 ἀρτί-

106 1775 204 1810 χειξ.

157 1811 436 1860 Demonstratam
456 1826 478 1849 u
496 1815 652 1864 Serapide
665 1826 725 1865 per
745 1822 934 1869 quietum]
969 1825 1129 1870 Qietem

101 1861 241 1911 intelligi
276 1864 348 1901 vult
391 1865 629 1903 incubantium
652 1896 664 1911 ‚
717 1867 788 1907 five
826 1875 1038 1921 captantium
1093 1877 1128 1913 in

102 1912 233 1950 somnis
252 1915 432 1952 oraculum
452 1916 630 1967 Serapidis.
689 1919 747 1954 De
769 1920 980 1966 incubandi,
1013 1927 1049 1960 ὅ(
1073 1939 1128 1962 ca-

98 1962 168 2003 stus
194 1962 265 2001 sive
286 1967 402 2012 jejunii
428 1966 657 2016 praecursione
679 1999 691 2014 ‚
729 1981 832 2020 atque
859 1973 892 2009 id
921 1987 1030 2024 genus
1058 1976 1129 2014 aliis

100 2014 218 2052 ritibus
252 2017 380 2053 Cicero
410 2031 438 2055 1.
487 2017 530 2054 de
557 2020 675 2058 Divin.
713 2022 943 2073 Geographus
966 2024 1124 2065 lib.xvt.

99 2065 279 2104 Pausanias
316 2069 529 2113 Laconicis,
575 2071 804 2110 Tertullianus
836 2086 866 2111 c.
894 2088 1021 2116 xxvtt.
1082 2078 1125 2115 de

98 2117 237 2155 Anima.

105 2166 270 2212 Eiusdem
305 2182 390 2207 vero
415 2171 484 2208 Dei
515 2173 658 2211 numina
691 2176 824 2227 Serapis
851 2189 953 2229 atque
979 2178 1123 2216 AEscula-

101 2217 194 2265 piuS,
221 2228 259 2254 ut
274 2219 425 2258 arbitrati
436 2221 596 2274 plerique.
626 2227 668 2262 C.
682 2229 823 2264 Tacitus
841 2228 899 2266 lib.
918 2241 970 2266 tv.
991 2230 1120 2269 Histor.

98 2268 156 2303 De
179 2267 423 2311 incubationib.
462 2286 548 2311 vero
579 2275 613 2311 in
638 2276 819 2328 AEsculapii
847 2278 934 2316 fanis
968 2283 1123 2331 Geogra-

98 2317 185 2367 pluis
204 2317 262 2356 lib.
277 2332 319 2358 vt
333 2333 385 2357 11.
427 2324 607 2362 Suetonius
628 2325 762 2364 Claudii
779 2343 809 2366 c.
820 2343 897 2369 xxv.
946 2331 1119 2370 Arnobius

97 2369 160 2406 lib.
180 2383 208 2406 1.

154 2419 400 2466 Restituturum
417 2423 543 2468 oculos,
563 2424 599 2473 fi
615 2426 815 2478 inspuiffiet.]
847 2431 920 2468 Καί
937 2448 987 2468 τοι
1007 2430 1115 2470 &laium

98 2468 136 2513 'y'
156 2469 316 2515 anemii,
348 2472 431 2508 ἀλλ’
452 2472 543 2515 ἑωῶς
571 2478 679 2517 γελῶ.
709 2477 762 2520 <25³
788 2480 889 2517 labra
917 2484 1047 2518 mordeo
1066 2485 1116 2520 mi

98 2521 161 2568 ipse
180 2550 191 2565 ,
221 2521 274 2564 &⁰
301 2522 391 2558 rideo
415 2533 530 2559 tamen
550 2554 562 2568 ,
601 2528 707 2576 inquit
735 2530 827 2578 apud
846 2532 1114 2581 Aristophanem

44 2608 47 2612 ,
96 2571 162 2609 ille.
220 2575 299 2609 Hoc
329 2572 414 2609 mihi
442 2587 533 2611 nunc
564 2575 756 2621 usuvenit,
793 2579 920 2630 legenti
956 2584 1116 2620 animad-

97 2621 296 2660 versionem
324 2623 368 2660 ad
396 2625 485 2661 hunc
509 2625 637 2664 locum.
695 2630 935 2678 Opportunior
952 2632 1110 2670 decl-imi·

95 2675 180 2710 tatio
196 2672 330 2716 sufflet,
371 2675 512 2712 salivam
537 2679 640 2723 jejuni
678 2678 830 2717 hominis
868 2681 1001 2732 semper
1033 2683 1113 2721 loco

45 2749 52 2753 -
97 2724 237 2760 amuleti
281 2725 433 2762 habitam
453 2755 465 2770 ,
506 2725 576 2765 sive
619 2741 694 2765 rem
729 2731 862 2768 morbis
906 2734 1112 2771 amoliendis

97 2773 279 2813 efficacem
297 2805 308 2819 ,
346 2788 381 2812 ut
407 2790 533 2813 veneno
549 2779 738 2827 serpentum
755 2810 767 2824 ,
792 2782 901 2818 morbo
921 2785 1110 2827 comitiali,

88 2825 310 2872 fascinatio-izi
326 2855 337 2869 ‚
365 2828 564 2872 furunculis
581 2859 591 2873 ,
629 2830 750 2866 lichcm'
773 2862 792 2875 ‚.
822 2832 909 2881 lepra
929 2862 939 2876 ,
979 2833 1113 2882 lippitu-

95 2875 169 2912 dini
183 2905 194 2920 ‚
224 2878 442 2913 carcinomati
459 2907 471 2923 ‚
515 2883 653 2916 cervicis
668 2881 774 2917 dolori
792 2912 803 2926 ,
846 2884 985 2919 aurium
1004 2885 1112 2921 dolori

96 2939 137 2962 ex
155 2927 300 2962 animali
319 2930 356 2964 in
377 2928 534 2965 auricula
551 2958 563 2973 ,
605 2934 642 2968 ὃς
665 2932 697 2968 id
719 2945 829 2983 genus
849 2935 918 2971 aliis
936 2935 1107 2985 plurimis,

96 2984 170 3026 quae
195 2977 344 3015 recznset
380 2982 421 3018 C.
440 2979 565 3018 Plinius
587 2995 616 3018 c.
643 2996 694 3021 lv.
729 2984 787 3021 lib.
808 2998 917 3040 xxvii
933 3001 958 3023 1.
1018 2988 1109 3022 Hinc

97 3027 206 3074 itaque
233 3028 407 3068 somnium
443 3030 524 3069 illud
558 3044 577 3068 a
603 3034 765 3084 Serapide
792 3035 966 3073 inmissum
991 3036 1034 3073 de
1061 3040 1108 3073 sa-

83 3075 171 3116 tiva.

147 3127 270 3166 Palam
285 3140 346 3180 pro
368 3133 516 3172 concione
534 3144 716 3186 utrumque
744 3137 932 3189 tenta-aia]
977 3139 1111 3180 Admo-

449 857 489 890 Et
515 854 614 904 supra
642 869 672 894 c.
689 869 741 896 IV.
784 858 843 894 ubi
871 858 914 895 de
937 860 1069 896 duabus
1097 860 1142 897 le-

1195 228 1750 279 AnctLtus.
2164 251 2229 309 23

1213 317 1298 356 nent
1321 309 1654 355 Animadversiones
1683 319 1717 356 in
1736 319 1827 360 hunc
1845 321 1962 362 locum
1978 325 2133 365 notabile
2152 330 2240 376 esse,

1211 360 1317 410 accipi
1333 374 1427 398 nunc
1445 376 1466 399 a
1484 368 1525 403 C.
1539 370 1707 408 Suetonio
1725 372 1908 411 concionem
1928 389 1990 427 pro
2009 380 2135 426 quavis
2150 382 2240 418 mul-

1211 409 1360 446 titudine
1377 413 1533 460 adstante
1549 446 1561 461 ‚
1600 423 1669 458 &a
1718 422 1904 486 Distsffluit
1921 426 2063 478 quidem
2081 427 2130 466 sic
2152 432 2236 469 Tul-

1207 457 1267 496 lius
1295 461 1329 496 in
1353 465 1459 501 Bruto
1485 471 1670 507 concionem
1697 475 1734 508 δ(
1763 485 1917 513 coronam
1936 506 1948 522 ,
1992 490 2028 516 ut
2053 482 2160 518 concio
2190 482 2231 520 sit

1205 521 1267 558 pro
1289 511 1404 550 rostris
1420 543 1432 558 ,
1462 529 1580 554 corona
1595 521 1630 557 in
1659 523 1786 566 judiciis
1805 540 1815 564 ι
1854 538 1956 577 atque
1980 527 2026 565 ita
2045 543 2134 568 nunc
2152 535 2233 570 Sue-

1203 561 1316 598 tonius
1337 577 1490 601 coromtm
1509 567 1620 607 dicere
1638 571 1812 613 debuisset.
1841 580 1977 616 Verum
1993 591 2112 618 tamen
2122 583 2226 621 etiam

1206 622 1268 667 pro
1302 615 1421 662 quavis
1458 619 1672 660 multitudine
1698 627 1735 661 δε
1769 627 1898 678 populo
1929 632 2139 670 concionem
2166 634 2221 671 alii

1203 659 1320 697 dixere
1332 691 1343 706 ,
1374 677 1408 700 ut
1428 669 1604 707 Lucretius
1620 672 1677 710 lib.
1690 688 1750 713 vi.

1259 716 1378 748 Verum
1406 716 1542 765 aliquid
1553 734 1670 767 genere
1689 725 1746 770 effe
1763 740 1805 762 ex
1823 727 1883 764 hoc
1899 758 1910 773 ,
1940 733 2029 780 quod
2046 733 2152 770 concio
2172 734 2226 769 (ll-

1200 770 1268 798 cat.
1318 764 1546 816 Similiterque
1564 774 1669 808 concio
1689 777 1723 811 in
1741 775 1821 813 loco
1837 779 1895 815 illo
1914 784 1953 818 L.
1975 786 2112 820 Senccae
2122 796 2223 823 vexa-

1202 820 1240 845 to
1264 822 1284 846 a
1301 814 1432 851 Criticis
1448 829 1476 853 c.
1488 830 1618 858 x><111.
1637 823 1695 860 lib.
1714 838 1721 860 ι
1740 840 1765 863 1.
1781 827 1835 862 ‘de
1850 830 2002 870 Benefic.
2061 841 2119 870 lta
2136 837 2222 872 acci-

1193 859 1302 917 pienti
1326 864 1525 902 adhibenda
1549 872 1655 907 concio
1675 874 1716 919 est
1737 903 1748 917 ‚
1786 880 1853 914 ἃς.
1919 885 2055 920 Etenim
2084 888 2222 935 proprIe

1196 910 1339 959 quidem
1356 916 1480 952 concio
1497 945 1509 960 ,
1550 918 1744 962 ἐκκλησίαι
1781 925 1837 962 sed
1858 936 2089 971 communiter
2115 937 2222 974 etiam

1196 963 1323 1010 quaevis
1350 965 1535 1004 multitudo
1560 972 1701 1010 audiens
1722 1002 1734 1018 ,
1780 987 1815 1012 ut
1833 989 1922 1016 nunc
1944 994 2073 1021 corona
2091 987 2219 1024 circum

1192 1010 1341 1051 tribunal
1363 1016 1573 1068 Vespasiani.

1530 1124 1562 1159 C
1591 1124 1622 1161 A
1650 1127 1688 1164 P.
1748 1130 1882 1168 VIII.

1246 1219 1335 1254 Αέῖο
1353 1219 1393 1255 [le
1412 1218 1543 1265 Judaeis
1560 1226 1767 1276 triumpha]
1820 1234 1948 1270 Narrat
1980 1233 2071 1274 hunc
2097 1239 2216 1277 trium-

1190 1266 1299 1315 phum
1327 1269 1493 1320 Josephus
1510 1275 1649 1313 Exscidii
1670 1292 1696 1315 c.
1712 1293 1792 1319 xvi.
1818 1286 1854 1319 &-
1877 1283 2038 1336 deinceps
2056 1289 2113 1327 lib.
2131 1304 2213 1330 v11.

1189 1321 1225 1354 &
1247 1321 1355 1369 tangit
1375 1323 1446 1358 Dio
1469 1324 1504 1360 in
1524 1326 1754 1376 Vespasiano.

1187 1373 1238 1405 Ex
1257 1371 1435 1421 triumpho
1457 1386 1576 1413 tamen
1597 1378 1796 1423 illoJudaici
1817 1397 2096 1434 cognomentum
2114 1404 2215 1440 repu-

1188 1419 1317 1463 diavit,
1367 1434 1403 1459 ut
1424 1424 1577 1473 ignobile
1604 1432 1639 1465 ὅ(
1664 1429 1806 1469 infame.
1864 1437 1937 1473 Dio
1960 1437 2103 1478 ibidem.
2161 1443 2216 1479 Sic

1189 1483 1337 1524 magnus
1371 1475 1533 1528 Princeps
1576 1480 1777 1520 Aurelianus
1813 1487 1934 1539 Carpis
1964 1491 2095 1540 populis
2119 1491 2214 1530 devi-

1189 1522 1275 1566 etis,
1317 1527 1499 1573 Carpicum
1517 1527 1550 1565 se
1578 1529 1643 1567 dici
1672 1533 1783 1571 noluit
1801 1563 1814 1579 ,
1851 1548 1886 1574 ut
1917 1537 1964 1576 est
1992 1541 2082 1592 apud
2103 1543 2217 1594 Vopi-

1187 1570 1293 1612 scum.

1243 1624 1444 1672 Consulatus
1461 1641 1569 1668 v111.
1597 1635 1707 1669 veteri
1730 1635 1912 1684 addidit.]
1953 1642 2124 1678 Veterem
2149 1656 2218 1681 vo·

1187 1684 1262 1718 cat,
1292 1677 1370 1726 quia
1395 1679 1527 1727 primus
1547 1681 1600 1718 ille
1619 1684 1807 1723 consulatus
1827 1690 1900 1734 ejus
1918 1692 2016 1728 annis
2032 1692 2111 1743 ipsis
2129 1708 2208 1732 xix,

1187 1735 1265 1761 ante
1283 1726 1481 1767 secundum.
1539 1734 1660 1770 Primo
1685 1748 1802 1774 autem
1822 1739 1880 1776 illo
1900 1740 1969 1778 sive
1988 1755 2105 1780 vetere
2125 1758 2209 1782 con-

1185 1774 1290 1813 sulatu
1310 1777 1469 1816 suffectus
1488 1782 1603 1820 consul
1621 1786 1847 1838 Vespasianus
1860 1798 1901 1827 ex
1916 1792 2205 1833 Kal.Novembr.

1185 1827 1365 1866 Suetonius
1384 1829 1478 1879 supra
1500 1845 1529 1870 c.
1556 1848 1608 1872 IV.
1640 1840 1678 1872 δε
1696 1841 1891 1876 Domitiani
1914 1856 1943 1879 c.
1972 1857 1999 1879 1.
2036 1843 2206 1882 Suffectus

1184 1888 1301 1915 autem
1320 1908 1332 1922 ‚
1366 1892 1401 1916 ut
1426 1881 1480 1918 alii
1498 1896 1682 1924 numerant
1701 1917 1713 1932 ,
1751 1891 1900 1940 Scipioni
1919 1890 2038 1932 Orfito
2055 1897 2144 1933 Cos.
2173 1909 2209 1934 ut

1184 1927 1260 1971 alii,
1287 1930 1404 1968 Salvio
1424 1932 1570 1972 Othoni.

1182 1978 1365 2026 Signanter
1389 1993 1506 2020 autem
1527 1985 1658 2024 dietum
1685 2001 1705 2025 a
1725 1992 1889 2029 Suetonio
1912 2022 1925 2039 ,
1962 1995 2112 2034 addidit.
2155 1998 2206 2034 in-

1182 2029 1289 2080 telligi
1313 2034 1407 2070 enim
1445 2034 1518 2075 vult
1544 2036 1706 2077 addidisse
1736 2043 1807 2089 jure
1831 2042 1891 2080 suo
1906 2074 1920 2090 ,
1956 2057 1991 2083 ut
2010 2050 2206 2097 Imperato-

1178 2092 1266 2119 rem.

1232 2132 1375 2181 Suscepit
1395 2134 1448 2178 {5
1466 2138 1676 2189 cenficram.]
1714 2142 1864 2195 Suscepit
1888 2144 2060 2194 censuram
2084 2158 2202 2199 perpe-

1177 2190 1274 2218 tuam
1293 2187 1381 2223 Cos.
1417 2187 1541 2225 iterum
1569 2187 1640 2228 five
1666 2190 1815 2231 secundo
1842 2195 1901 2233 suo
1928 2198 2100 2237 consulatu
2117 2229 2129 2244 ,
2160 2205 2200 2238 δε

1177 2234 1246 2269 Titi
1271 2236 1412 2284 primo5
1450 2237 1507 2275 sed
1532 2241 1684 2279 condidit
1709 2244 1849 2282 lustrum
1870 2247 1988 2285 censor
2006 2263 2087 2287 cum
2113 2251 2197 2288 Tito

1175 2281 1254 2320 filio
1285 2288 1372 2324 Cos.
1404 2288 1473 2338 ipse
1493 2303 1525 2328 v.
1555 2295 1591 2328 δ(
1618 2293 1792 2333 Titoxtt.
1821 2298 1864 2332 C·
1884 2297 2008 2335 Plinius
2026 2313 2055 2337 c.
2074 2314 2107 2338 v.
2136 2300 2194 2340 lib.

1179 2335 1306 2373 111.'c.
1326 2350 1430 2376 xtix.
1460 2340 1519 2378 lib.
1539 2356 1620 2380 vit.
1651 2347 1689 2379 ἃ
1712 2345 1794 2383 alias
1823 2360 1894 2383 non
1914 2347 2031 2387 semel.
2088 2352 2196 2394 Julius

1170 2385 1377 2425 Censorinus
1409 2389 1452 2426 de
1475 2392 1544 2428 Die
1578 2394 1678 2430 natali
1703 2408 1831 2433 c.x11.
1866 2397 1931 2442 Jul.
1975 2401 2191 2450 Capitolinus

1168 2438 1340 2487 principio
1373 2442 1492 2479 Marci.
1539 2446 1662 2481 Peccat
1689 2445 1855 2484 Onufrius
1883 2450 1916 2484 in
1949 2451 2052 2488 Fastis
2073 2480 2084 2495 ,
2131 2455 2189 2502 qui

1166 2485 1308 2524 lustrum
1333 2489 1532 2540 Vespasiani
1547 2493 1649 2531 refert
1670 2496 1703 2531 in
1727 2509 1862 2534 annum
1882 2511 2030 2540 Dcccv1
2045 2516 2072 2538 ι.
2129 2504 2188 2539 De

1165 2548 1331 2584 perpetua
1365 2543 1618 2586 verocensiua
1648 2545 1715 2582 dixi
1750 2547 1793 2584 ad
1821 2550 1941 2586 Titum
1975 2554 2015 2588 C.
2035 2555 2187 2591 Suetonii

1164 2598 1272 2623 c.v1.
1331 2588 1384 2623 Sic
1417 2591 1532 2641 itaque
1570 2595 1605 2630 in
1640 2600 1793 2635 nummis
1823 2612 1961 2649 quoque
2008 2604 2185 2654 antiquis,

1165 2634 1376 2692 Vespafiuous
1402 2644 1478 2678 Cos.
1501 2655 1552 2681 tv.
1579 2642 1632 2686 Εἴ
1652 2648 1774 2694 Cenfin·
1799 2665 1809 2683 .·
1851 2653 1887 2685 ὃ(
1915 2650 2186 2702 inscriptionibus

1161 2685 1306 2735 antiquis
1325 2714 1337 2728 ‚
1376 2690 1585 2740 Vespufiunus
1606 2697 1678 2732 Cos.
1691 2710 1730 2734 Vt
1747 2713 1756 2734 1
1772 2713 1797 2735 1.
1836 2697 1888 2741 ξδ’
1909 2703 2041 2751 Cen-fiir.
2074 2707 2186 2754 Vespa-

1154 2735 1274 2784 stemus
1290 2740 1483 2779 Cos.v111‚
1513 2743 1566 2786 Εἴ
1585 2745 1718 2793 Cenfhr.
1750 2748 1959 2797 Vespasianus
1979 2757 2052 2791 Cos.
2074 2768 2191 2795 V111..

1164 2786 1243 2833 Desss
1262 2800 1310 2823 xx.
1329 2792 1461 2838 Censor.

1220 2838 1428 2888 Litterujque
1456 2845 1670 2895 revocavit.]
1709 2851 1795 2886 Non
1823 2849 1986 2891 diffimilis
2026 2855 2182 2896 severitas

1165 2886 1322 2937 Augusti,
1354 2891 1533 2941 quilegato
1550 2898 1714 2944 consulari
1729 2899 1935 2948 successorem
1953 2906 2068 2950 dedit,
2095 2910 2184 2956 quod

1163 2938 1215 2972 ixi
1235 2947 1296 2984 pro
1325 2940 1384 2989 ipsi
1402 2971 1423 2986 „
1459 2957 1566 2980 munla
1592 2949 1657 2996 ejus
1677 2950 1841 2997 scriptum
1867 2957 2181 3006 animadvertisset,

1164 2989 1320 3024 Suetonii
1355 3004 1374 3027 c
1418 3005 1616 3034 Lxxxvxti.
1675 3000 1742 3036 Ubi
1790 3015 1848 3038 cur
1880 3003 2009 3055 legatus
2044 3008 2098 3044 ille
2134 3010 2179 3046 ita

1163 3037 1357 3087 scripserit,
1409 3058 1564 3095 quaerunt
1594 3049 1922 3092 Animadversiones
1948 3086 1958 3100 ,
2005 3061 2041 3094 δ(
2072 3061 2178 3096 ratio-

1164 3102 1246 3125 nem
1266 3091 1410 3130 reddunt
1430 3123 1442 3139 ‚
1475 3098 1552 3146 quia
1571 3109 1652 3136 tunc
1683 3115 1774 3140 nova
1796 3118 1820 3141 x
1836 3105 1956 3145 littera.
1982 3108 2095 3157 itaque
2117 3110 2177 3145 ad-

1161 3139 1279 3181 fectari
1306 3142 1458 3184 solitam..
1508 3149 1571 3187 Sed
1592 3152 1701 3195 verius
1719 3182 1731 3197 2
1772 3156 1987 3207 negligentiae
2021 3159 2054 3195 id
2084 3173 2181 3196 com-

2048 3211 2095 3248 mi
2101 3208 2143 3247 ssu
2149 3224 2155 3245 ι
2162 3224 2194 3246 ιι,
