2504 3425
682 135 1817 235 PRAEFATlo.

185 301 249 364 ni
281 345 298 371 ‚
376 302 493 387 (ea
527 308 695 371 enim
727 300 861 369 sunt
893 358 912 387 ,
966 328 1122 397 quae
1154 306 1380 373 Codici
1418 306 1792 376 Salmafiano
1824 308 2237 378 adscribuntur
2267 330 2305 379 a

181 435 282 476 me
313 465 332 495 ‚
419 417 586 508 quod
632 414 841 509 postea
885 416 1160 507 plurimis
1198 430 1575 513 argumentis
1610 424 2018 517 deprehendi,
2070 422 2306 516 praecio

178 547 297 615 pue
337 552 410 593 ex
459 550 624 595 nota.
655 551 777 593 una
825 551 1006 622 atque
1056 532 1252 598 altera
1309 532 1581 599 Salmafii
1630 555 1680 594 τς
1712 547 1856 609 πάνυ,
1904 542 2008 629 qui
2047 525 2303 630 compo-

177 635 288 703 suit
337 641 669 723 editionem
727 639 1076 709 Casauboni
1130 646 1205 710 ad
1257 645 1365 710 has
1412 650 1805 713 membranas
1836 697 1855 724 ,
1904 656 2172 740 margini
2221 647 2307 715 sui

179 750 318 816 libri
354 749 666 842 appofita)
718 777 984 846 quorum
1033 764 1282 848 copiam
1336 759 1491 826 mihi
1531 761 1807 826 fecerunt
1854 759 2110 855 Joannis
2145 763 2308 826 ΗΖΕ*-

175 867 305 963 yirii
382 861 668 929 haeredes
706 898 723 946 3
774 892 887 933 nec
969 893 1095 934 non
1180 874 1370 937 editio
1451 875 1713 941 Roberti
1765 872 2098 965 Stephani,
2157 881 2310 942 anni

176 977 250 1038 M
299 980 357 1040 D
408 982 458 1038 X
485 981 534 1039 L
559 983 662 1041 111
697 1025 715 1051 ,
779 1004 937 1070 quae
969 983 1207 1046 videtur
1243 987 1317 1049 ad
1356 986 1529 1051 illum
1565 992 1875 1079 optimum
1918 995 1974 1049 δε
2011 981 2310 1074 antiquis-

172 1085 390 1153 fimum
438 1086 666 1156 librum
702 1089 814 1156 effe
853 1094 1261 1162 conformata,
1363 1104 1605 1164 Horum
1657 1125 1775 1191 ope
1808 1104 2131 1190 praecipue
2166 1121 2311 1187 pro-

172 1198 382 1291 fligavi
417 1227 542 1266 non
594 1227 819 1294 paucas
873 1205 1384 1273 hallucinationes
1433 1209 1822 1275 librariorum
1871 1221 1930 1274 δε
1980 1212 2309 1284 editorum·-

173 1322 315 1382 Nec
364 1315 624 1380 silentio
654 1320 1163 1408 praetereundum
1198 1319 1279 1386 est
1308 1318 1676 1385 beneficium
1712 1321 1937 1411 AEgidii
1975 1303 2251 1410 Menagii
2291 1367 2310 1397 a

177 1435 310 1495 Viri
363 1430 669 1521 elegantia
718 1437 950 1520 ingenii
1001 1442 1058 1496 δε
1097 1439 1254 1497 vitae
1285 1480 1303 1506 ,
1351 1433 1787 1526 doctrinaeque
1825 1431 2189 1524 praestantia
2243 1439 2309 1525 in

176 1547 390 1634 primis
424 1543 569 1608 clari
602 1596 621 1625 ,
692 1549 796 1635 qui
832 1543 907 1606 ad
946 1568 1044 1607 me
1080 1568 1194 1634 pro
1227 1541 1326 1609 sua
1360 1550 1421 1610 in
1455 1546 1790 1612 litterarum
1825 1570 2130 1620 amatores
2165 1570 2310 1638 pro-

174 1658 294 1722 lixa
351 1655 668 1719 voluntate
715 1654 966 1746 perferri
1027 1655 1188 1744 jusfit
1241 1660 1578 1724 editionem
1629 1658 1990 1726 Leidensem
2038 1714 2092 1738 ,a
2140 1665 2308 1746 cujus

179 1767 558 1859 marginibus
598 1770 678 1835 V.
733 1769 825 1833 CL
879 1767 1222 1834 Franciscus
1274 1773 1543 1856 Guyetus
1594 1768 1878 1833 alleverat
1925 1767 2049 1834 suas
2104 1776 2309 1858 conje-

182 1892 376 1951 cturas
454 1892 514 1949 δε
577 1880 981 1975 expositiones
1015 1936 1033 1965 ,
1132 1905 1277 1973 quas
1327 1885 1485 1945 notis
1531 1886 1840 1945 variorum
1881 1878 2055 1945 inseri
2088 1887 2312 1947 curavi.

111 2038 114 2041 >
185 1992 302 2071 His
335 1995 621 2065 omnibus
662 1993 894 2063 acceffit
952 1998 1134 2063 index
1180 1995 1519 2061 uberrimus
1572 1992 1877 2059 Matthiae
1915 2001 2264 2064 Bernecceri
2294 2051 2314 2080 ‚7

185 2098 314 2184 {liri
350 2113 680 2207 praeclari,
754 2138 937 2204 quen]
987 2111 1062 2177 ab
1099 2117 1222 2200 ejus
1258 2117 1464 2202 generi
1500 2158 1516 2185 ‚
1564 2108 1824 2201 Joannis
1854 2108 2253 2178 Freinshemii
2294 2160 2318 2188 ,v

186 2226 541 2297 haeredibus
577 2251 711 2293 aere
746 2225 846 2290 luo
867 2224 1281 2316 typographus
1304 2229 1703 2316 comparavit.
1731 2227 1871 2286 Hoc
1892 2219 1971 2286 est
1997 2225 2314 2313 prooemi-

191 2366 298 2407 um
314 2341 477 2432 quod
513 2345 746 2431 primae
767 2338 1166 2430 praefixeram
1187 2338 1441 2404 editioni
1462 2361 1603 2404 ante
1624 2338 1733 2401 hos
1757 2336 2177 2425 duodeviginti
2202 2363 2318 2406 an-

194 2475 303 2516 nos
322 2449 678 2539 publicatae.
701 2451 894 2534 Qod
916 2456 983 2514 iis
1003 2451 1222 2515 addam
1241 2456 1340 2514 vix
1359 2446 1697 2530 habe0,nifi
1717 2447 2315 2519 V.Cl.Guilielmum

195 2565 594 2639 Coetierium,
612 2562 941 2626 litterarum
968 2563 1322 2652 politiorum
1367 2584 1495 2625 tum
1536 2567 1595 2624 in
1619 2563 1827 2647 Lyceo
1852 2560 2275 2626 Daventrienfi
2293 2616 2316 2645 ‚

196 2680 358 2740 nunc
379 2695 524 2735 vero
544 2676 605 2734 in
625 2676 1086 2763 Francquerana
1109 2674 1443 2738 Academia
1464 2673 1780 2737 doctorem
1816 2673 2270 2738 eruditissimum
2293 2727 2315 2757 ,

190 2809 434 2851 mecum
465 2780 937 2850 communicasse
956 2792 1384 2850 annotationes
1404 2795 1460 2848 in
1485 2785 1715 2874 aliquot
1735 2789 2003 2850 Suetonii
2025 2787 2160 2852 loca
2180 2811 2317 2878 per-

193 2899 424 2978 docitas²
445 2918 594 2988 quas
614 2950 631 2978 ‚
654 2920 793 2963 cum
811 2893 985 2962 serius
1006 2897 1155 2963 :nihi
1179 2899 1730 2972 traderentur,meis
1751 2903 2002 2964 intexui.
2057 2898 2318 2965 Videbis

170 3005 382 3078 etiarn
416 3008 756 3078 Variorum
804 3016 964 3078 notis
1021 3013 1226 3078 adsuta
1256 3059 1275 3086 ,
1337 3035 1495 3104 quae
1534 3016 1639 3079 Vir
1686 3010 1922 3079 lllustris
1958 3011 2321 3081 Guilielrnus

2153 3126 2327 3188 Coe-v.
