2504 3425
555 172 1019 226 D.Oc·rAv.
1094 170 1408 226 CAESAR
1467 171 1972 229 AUGUSTUS.
2192 195 2291 233 221

213 265 457 327 plerumque
477 261 621 309 docuit
643 282 655 309 ·.
698 278 744 307 ac
777 261 883 308 nihil
916 279 1033 325 aeque
1066 262 1293 317 laboravit,
1328 279 1452 325 quam
1472 277 1518 309 ut
1540 264 1800 311 imitarentur
1820 265 2138 329 chirographum
2163 269 2295 316 suum.

213 329 372 391 Neque
399 329 583 374 coenavit
602 344 683 373 una
704 362 717 383 ,
751 325 827 371 nisi
848 340 894 371 ut
918 327 962 371 in
984 327 1071 371 imo
1096 327 1205 372 lecto
1227 324 1467 373 affiderent:
1503 344 1641 390 neque
1667 330 1742 374 iter
1765 327 1894 384 fecit,
1929 330 2005 376 nisi
2032 344 2076 374 ut
2100 331 2294 380 vehiculo

133 403 187 461 σς
214 394 415 438 anteirent
437 408 506 438 aut
527 394 634 438 circa
653 391 947 453 adequitarent.
1015 390 1094 435 Sed
1126 392 1263 434 laetum
1293 406 1389 434 eum
1415 406 1538 455 atque
1561 391 1760 437 fidentem
1781 398 1823 438 δε
1849 392 1991 438 sobole
2014 398 2056 438 δε
2083 394 2294 454 disciplina

212 454 387 512 domus,
420 458 603 502 Fortuna
626 453 825 501 destituit.
891 453 1048 516 JuliaS,
1091 453 1219 499 filiam
1242 457 1286 497 δε
1314 468 1507 515 neptem,
1550 455 1749 501 omnibus
1774 456 1937 518 probris
1970 460 2291 517 contaminatas,

208 520 419 581 relegavit.
490 521 643 579 Cajum
667 519 909 564 &Lucium
942 519 986 562 in
1027 517 1320 579 duodeviginti
1355 517 1558 564 mentium
1594 518 1721 580 spatio
1746 520 1876 565 amisit
1899 520 2067 576 ambos,
2105 522 2212 579 CaJ'o
2247 526 2291 569 in

208 585 335 644 Lycia
355 618 369 638 ‚
410 585 545 629 Lucio
576 580 760 628 Maffiliae
794 579 1014 626 defunctis.
1082 582 1278 625 Tertium
1300 596 1497 641 nepotem
1525 585 1784 645 Agrippam,
1822 585 2025 646 simulque
2048 587 2290 648 privignum

211 646 439 692 Tiberium
463 646 671 708 adoptavit
692 646 735 690 in
760 642 883 700 foro,
917 645 1009 708 lege
1032 645 1214 689 Curiata.
1275 644 1341 687 Ex
1362 644 1515 705 quibus
1527 649 1760 708 Agrippam
1776 681 1788 701 ,
1823 648 1964 705 brevi,
1999 649 2055 694 ob
2069 651 2290 712 ingenium

208 707 433 756 scordalum
465 726 512 756 ac
547 708 700 765 ferox,
741 706 945 754 abdicavtt
963 743 979 764 ‚
1023 706 1282 770 seposuitque
1317 707 1571 754 Surrentum.

1641 711 1876 772 Aliquanto
1910 728 2047 759 autem
2069 716 2289 776 patientius

2109 795 2288 824 mortem

203 844 288 894 sunt
302 846 350 882 acl
369 844 627 895 temperantiam
646 842 884 893 affitefaciendi
897 871 907 887 ‚
937 853 974 880 ut
985 844 1069 880 nulli
1078 843 1221 892 ipfhrum
1273 841 1430 886 tradunt,
1463 845 1605 894 pecunia
1627 848 1699 892 ejus
1718 845 1823 884 relata
1843 848 1877 885 in
1896 851 2053 888 aerarium
2064 852 2207 888 militare
2220 881 2229 894 ’
2243 852 2288 889 de

213 895 442 941 confabulari,
468 904 530 931 aut
549 894 587 931 in
602 906 721 930 aurem
741 892 829 929 clam
845 893 978 943 aliquid
993 895 1100 930 dicere
1114 905 1223 929 conce-

210 945 336 990 datur,
358 945 537 994 prasertim
552 954 587 980 te
606 944 755 980 vidente.
814 944 975 992 Injustum
993 941 1144 985 enim&
1158 943 1223 978 ini-

208 1006 315 1042 quum
331 996 507 1046 quidpiam
516 1023 529 1038 ,
554 995 642 1043 quod
650 1006 768 1031 virum
778 994 898 1029 audire
915 993 1036 1031 inutile
1043 993 1085 1041 est
1095 1021 1110 1036 ,
1133 992 1170 1027 id
1182 1005 1223 1028 ne

208 1045 307 1080 uxori
316 1046 452 1094 quidem
469 1044 686 1081 emolumento
704 1045 778 1083 erit.
839 1043 902 1080 Ubi
921 1056 1000 1079 vero
1016 1043 1223 1080 clancularia

206 1093 428 1132 collocutiones
445 1108 512 1132 non
529 1095 635 1131 locum
662 1093 786 1131 habent
803 1092 840 1129 in
862 1093 978 1130 adibus
997 1123 1009 1138 ,
1048 1093 1132 1130 bona
1146 1093 1220 1141 spes

207 1143 251 1191 est
266 1144 400 1182 nullum
418 1159 458 1182 ex
468 1145 615 1192 famulis
631 1155 706 1182 tam
723 1146 887 1182 audacem
893 1145 991 1190 fore,
1032 1154 1070 1179 ut
1089 1143 1221 1181 adulte-

205 1206 284 1230 rum
309 1195 460 1245 aliquem
477 1196 614 1232 domine
632 1195 792 1232 conciliet.
849 1195 994 1231 Omnino
1014 1194 1102 1230 enim
1122 1206 1146 1229 a
1161 1194 1219 1229 do-

206 1244 299 1281 mino
315 1247 474 1283 audietur
492 1274 505 1290 ‚
525 1244 558 1295 fi
576 1246 670 1292 nefas
679 1244 727 1294 fit
744 1245 843 1281 aliter
861 1257 966 1294 quam
984 1253 1096 1293 aperte
1119 1243 1220 1292 loqui.

209 1297 357 1341 Profecto
374 1296 413 1333 in
432 1296 583 1333 omnibus
593 1296 658 1344 istis
671 1309 745 1332 vim
755 1294 918 1342 ineffescio
928 1296 975 1331 all
991 1294 1199 1342 efficiendum
1209 1322 1220 1337 ,

208 1354 249 1380 ut
266 1345 388 1395 aliqua
404 1346 530 1392 honeste
549 1348 667 1383 vivat.
698 1348 931 1382 GRUTERUS.

264 1397 364 1433 Lucio
382 1401 413 1431 T
409 1397 516 1433 icinio.
533 1396 548 1443 ]
582 1396 690 1433 Palat.
710 1397 814 1445 prim.
834 1395 985 1431 Lincinio
998 1410 1008 1430 .-
1039 1393 1223 1432 secundus:

211 1446 360 1484 Lucimo.
371 1457 444 1484 tert.
458 1447 596 1483 Licinio.
606 1446 756 1483 &Salm.
768 1447 940 1482 Torrentii
951 1474 963 1489 ,
980 1449 1015 1482 ὅ(
1028 1449 1059 1481 U
1062 1443 1140 1481 rfini
1149 1444 1224 1481 libri

214 1496 351 1533 Vicinio.
383 1497 473 1533 unde
495 1498 587 1533 reete
606 1496 840 1546 rescripserunt
862 1497 1061 1533 Torrentius
1077 1499 1113 1532 ὃς
1133 1493 1224 1532 Ursi-

214 1558 296 1588 nus,
327 1550 365 1582 L.
382 1546 527 1589 Vinicio,
556 1545 638 1583 sicut
657 1546 791 1584 &olim
809 1545 996 1584 Frobenius
1012 1543 1222 1596 expresserat.

215 1595 340 1645 vulgo:
369 1596 564 1635 L.Tucini0.
1105 1604 1110 1609 ”

526 1652 560 1684 Τ
592 1661 615 1684 0
642 1661 667 1684 R
697 1661 722 1685 R
749 1660 770 1684 E
799 1660 823 1685 N
854 1659 889 1684 τ.

266 1696 369 1732 Nihil
387 1710 472 1745 eque
495 1697 706 1744 laboravit.j
767 1697 970 1734 Elaboravit
998 1696 1066 1734 hab
1073 1708 1131 1734 ent
1161 1709 1227 1735 tres

215 1746 315 1784 codd.
335 1746 602 1795 chirographum
612 1760 730 1784 autem
740 1747 874 1784 imitari
883 1747 963 1784 dixit
974 1776 988 1790 ,
996 1747 1090 1798 quod
1102 1748 1226 1785 Cicero

214 1809 357 1834 manum
375 1797 412 1844 se
428 1796 550 1832 Alexis
567 1810 695 1834 amare.
740 1800 792 1834 Sic
809 1797 1062 1845 chirographum
1083 1798 1228 1847 Augusti

215 1844 274 1883 inf.
294 1859 366 1896 cap.
384 1859 512 1886 Lxxxvt
526 1861 553 1884 1.
582 1848 681 1885 Adde
699 1847 817 1884 locum
834 1850 919 1884 Ner.
932 1860 1006 1897 cap.
1018 1860 1036 1884 t
1048 1863 1058 1885 1
1072 1863 1100 1885 1.

266 1902 306 1932 In
315 1896 506 1944 inuoluta]
538 1897 640 1935 Libb.
663 1911 741 1935 mss.
754 1898 942 1948 quatuor-in
953 1911 1016 1934 uno
1027 1898 1126 1942 lecto,
1152 1912 1227 1936 rna-

211 1945 256 1984 le,
281 1960 366 1983 unus
386 1961 471 1985 vero
494 1946 558 1993 nili
577 1949 643 1984 imo
670 1948 747 1984 letio
766 1977 776 1991 ,
814 1947 885 1984 sine
904 1946 1143 1998 praepositione
1173 1951 1220 1987 in.

214 1997 442 2035 Probaverim
459 1997 525 2047 legi
535 2025 546 2039 ,
574 1997 636 2046 nist
655 2008 694 2034 ut
711 1999 778 2034 imo
795 2026 807 2041 ,
836 2009 871 2034 ut
890 2012 994 2040 mox,
1033 1997 1095 2046 nist
1112 2009 1151 2035 ut
1167 2014 1225 2036 ve-

216 2045 325 2084 hiculo
343 2050 522 2085 anteirent.
583 2051 714 2085 Iterum
726 2047 847 2084 Claud.
863 2061 940 2096 cap.
958 2060 1058 2086 xxxv.
1088 2048 1162 2098 Nzfi
1186 2061 1225 2086 ut

207 2096 424 2144 speculatores
444 2112 519 2135 cum
537 2097 660 2134 lanceis
682 2098 942 2144 circumstarent.
981 2098 1098 2135 Valer.
1135 2103 1225 2137 Max.

1272 903 1342 942 quo
1360 891 1428 942 sup.
1443 907 1518 944 cap.
1529 907 1573 931 xt
1585 908 1633 931 tx.

1577 948 1608 980 C
1638 957 1659 981 Α
1686 960 1702 981 s
1733 960 1754 983 A
1781 961 1806 983 U
1838 960 1856 983 B
1880 962 1903 985 o
1931 962 1966 985 Ν.

1328 993 1447 1040 Qum
1465 1004 1503 1030 ut
1520 994 1739 1033 imitarentur
1757 996 2012 1046 chirographum
2019 999 2144 1049 fisum]
2157 1003 2285 1045 Credo,

1272 1042 1350 1091 quia
1369 1055 1492 1080 eorum
1517 1057 1623 1095 opera
1650 1047 1685 1081 in
1703 1046 1884 1084 scribendis
1907 1048 2139 1087 secretioribus
2164 1054 2287 1101 episto-

1271 1092 1309 1128 lis
1328 1094 1373 1128 uti
1394 1093 1586 1133 destinabat
1607 1110 1616 1132 ε
1641 1110 1713 1132 non
1734 1099 1830 1133 enim
1847 1097 1994 1148 legimus
2020 1101 2211 1149 Augustum
2230 1117 2289 1138 eo-

1270 1155 1348 1179 rum
1365 1145 1553 1184 ministerio
1575 1145 1696 1189 usum,
1730 1149 1790 1197 qui
1813 1162 1832 1183 e
1856 1162 1891 1185 re
1912 1145 2173 1199 appellabantur
2191 1165 2214 1187 u
2234 1167 2288 1188 cu-

1269 1205 1313 1228 ra
1333 1193 1543 1240 epistolarum
1566 1196 1622 1234 vel
1642 1197 1685 1232 ab
1710 1197 1846 1245 epistolis
1866 1214 1876 1234 .·
1905 1198 1964 1235 etfi
1985 1200 2099 1238 habuit
2117 1214 2140 1237 a
2158 1215 2287 1246 manu,

1270 1255 1306 1279 ut
1325 1243 1503 1282 Thallum.
1560 1246 1652 1284 Vide
1671 1249 1776 1284 etiam
1798 1251 1934 1286 Horatii
1952 1252 2062 1288 vitam
2082 1264 2102 1288 a
2122 1255 2289 1290 Suetonio

1268 1292 1438 1343 scriptam.

1328 1350 1445 1394 Neque
1465 1348 1614 1384 coenavit
1623 1361 1693 1384 una
1704 1377 1715 1391 ,
1748 1348 1811 1398 nifi
1821 1361 1858 1385 ut
1868 1351 1905 1386 in
1915 1351 1982 1386 imo
1998 1350 2077 1388 lecto
2093 1351 2266 1399 affiderent
2276 1385 2287 1398 ,

1272 1406 1376 1442 neque
1393 1396 1458 1431 iter
1459 1396 1544 1442 fecit
1553 1426 1566 1441 ,
1575 1397 1637 1447 ntfi
1648 1409 1687 1434 ut
1698 1398 1799 1447 veh.]
1814 1401 2025 1451 Eginliardus
2036 1417 2047 1438 z
2063 1403 2225 1440 Filiorum
2235 1405 2289 1447 [ej

1267 1442 1424 1490 siliarum
1437 1456 1576 1484 tantam
1587 1449 1624 1484 in
1640 1450 1812 1485 educando
1831 1463 1950 1487 curam
1971 1451 2092 1487 habuit
2104 1481 2116 1495 ,
2145 1464 2184 1490 ut
2203 1468 2291 1490 nun-

1275 1506 1379 1542 quam
1403 1496 1495 1532 domi
1503 1496 1712 1548 posttusfine
1729 1498 1802 1548 ipfis
1822 1511 1967 1538 coenaret
1979 1530 1991 1545 ,
2017 1515 2197 1552 nunquam
2223 1505 2290 1541 iter

1269 1543 1340 1592 sine
1362 1544 1431 1581 illis
1441 1547 1585 1592 faceret.

1331 1601 1388 1639 ⁶5·
1404 1594 1526 1642 Julius
1534 1598 1650 1646 filium
1662 1599 1714 1643 ξς
1726 1609 1854 1647 neptem
1862 1602 2018 1638 omnihus
2029 1601 2158 1650 probris
2176 1614 2292 1640 conta-

1275 1644 1425 1681 minatas
1443 1647 1620 1695 relegavit.
1641 1651 1654 1697 ]
1688 1651 1805 1688 Filiam
1829 1651 1970 1701 qui-dem
1989 1653 2022 1688 in
2042 1652 2184 1689 insulam
2202 1657 2292 1691 Pan-

1275 1692 1454 1734 dateriam.
1491 1699 1563 1735 Dio
1581 1700 1617 1736 in
1636 1712 1728 1737 anno
1746 1712 1890 1740 DCCLvr
1905 1716 1956 1739 11.
1990 1714 2130 1751 neptem
2150 1717 2235 1741 vero
2254 1706 2290 1742 in

1273 1744 1416 1782 insulam
1431 1748 1633 1786 Trimerum
1649 1780 1662 1794 ,
1688 1750 1769 1788 haut
1778 1752 1896 1802 procul
1907 1752 2022 1803 Apulis
2031 1753 2208 1791 littoribus.
2222 1758 2294 1792 Ta·

1276 1795 1359 1832 citus
1369 1796 1425 1833 lib.
1447 1811 1497 1836 iv.
1520 1800 1642 1838 Annal.
1656 1815 1713 1847 7¹·
1732 1816 1760 1846 5.

1328 1851 1368 1881 ln
1385 1848 1621 1897 duodeviginti
1637 1850 1799 1900 menfium
1816 1852 1964 1899 spatia]
2005 1852 2070 1888 Adi
2090 1852 2288 1898 historicos,

1274 1894 1441 1945 imprimis
1460 1899 1637 1945 Vellejum
1658 1915 1668 1937 1
1684 1916 1713 1944 ι,
1736 1916 1812 1938 102.
1842 1905 1885 1938 In
1904 1901 2105 1939 definitione
2124 1907 2295 1954 temporis

1274 1947 1455 1984 nonnullus
1474 1949 1558 1985 mihi
1578 1950 1769 2000 scrupulus,
1794 1964 1902 2002 quern
1927 1953 2024 1992 evelli
2049 1955 2152 2003 cupio
2180 1957 2293 2005 magis

1272 2007 1378 2045 quam
1393 1996 1527 2047 possum
1544 2000 1701 2038 evellere.

1327 2046 1378 2082 Ob
1396 2049 1568 2096 ingenium
1580 2051 1759 2098 sordidum
1780 2064 1820 2088 ac
1832 2052 1932 2097 ferox
1942 2052 2162 2102 abdicavit.]
2183 2055 2289 2105 Suspi-

1276 2109 1335 2132 cor
1353 2096 1541 2146 legendum
1553 2129 1565 2142 ,
1581 2100 1743 2146 stolidum
1770 2115 1810 2138 ac
1830 2103 1930 2148 ferox
1942 2132 1953 2147 ,
1982 2104 2038 2141 vel
2055 2103 2232 2141 horridum
2249 2120 2290 2143 ac

214 2146 273 2184 lib.
295 2163 306 2185 1
320 2163 348 2186 1.
375 2162 448 2200 cap.
480 2164 491 2185 1
507 2163 533 2185 1.
589 2149 726 2185 Femina
750 2147 946 2185 cubantibus
970 2149 1056 2184 viris
1073 2150 1226 2197 sedentes
1265 2146 1298 2191 f-
1327 2150 1426 2184 Nzun
1441 2162 1517 2199 quae
1535 2162 1637 2187 tantae
1656 2151 1771 2190 sordes
1794 2151 1859 2188 este
1880 2155 2076 2203 potuerint,
2106 2166 2141 2191 ut
2152 2169 2288 2206 propter

216 2199 432 2236 coenitabant.
492 2202 572 2236 Hoc
583 2212 666 2249 ergo
677 2199 723 2235 est
733 2227 746 2242 ,
764 2197 860 2248 quod
869 2197 1027 2246 afficiendi
1046 2199 1156 2236 verbo
1167 2203 1228 2237 uti-

215 2257 269 2283 tur
279 2251 415 2287 Sueton.

1274 2208 1330 2232 eas
1352 2210 1450 2248 pater
1473 2201 1506 2235 in
1522 2199 1632 2238 filium
1649 2213 1760 2240 tantas
1784 2204 1849 2239 iras
1871 2205 2066 2254 conciperet
2088 2208 2098 2242 ἒ
2126 2209 2289 2244 Tacitum

473 2252 571 2285 Nam
589 2249 686 2299 quod
705 2250 771 2285 imo
791 2249 869 2284 lecto
881 2248 1025 2294 adjecit,
1053 2249 1096 2286 de
1118 2263 1161 2286 eo
1180 2249 1226 2287 fic
1278 2261 1305 2283 1.
1318 2248 1360 2285 A.
1376 2256 1450 2292 3.6.
1480 2257 1637 2299 Nepotem
1665 2255 1802 2290 uturum
1824 2254 2011 2302 Agrippam
2038 2254 2230 2301 Postumum
2250 2258 2288 2293 ln

216 2297 312 2335 idem
331 2299 452 2337 Claud,
466 2312 632 2350 cap‚xx‚<1
646 2315 673 2337 1,
704 2303 794 2334 Cam
806 2300 940 2346 pueris,
947 2298 1126 2348 puellisque
1136 2301 1225 2337 nobj-
1272 2297 1420 2345 insulam
1450 2299 1644 2350 Planafiam
1658 2304 1789 2351 projicit
1813 2318 1824 2340 ι
1875 2305 1994 2341 rudem
2014 2303 2099 2351 sane
2124 2305 2288 2342 bonarum

215 2346 321 2392 libus,
351 2351 410 2397 qui
426 2364 514 2386 more
529 2351 636 2386 veteri
648 2349 815 2396 aclfalcra
831 2349 990 2386 lectorum
998 2350 1148 2396 sedentes
1170 2366 1229 2386 ve-
1250 2340 1256 2389 l
1273 2349 1405 2384 W‘tssuni
1424 2379 1435 2393 ,
1468 2349 1521 2393 ζῇ*
1544 2352 1654 2388 robore
1671 2352 1932 2401 corpori'sstolide
1946 2355 2094 2400 fierocem
2111 2384 2123 2399 ,
2160 2356 2289 2393 nullius

207 2396 392 2446 scerentur.
419 2401 532 2444 Vide,
547 2413 622 2451 quae
632 2400 677 2438 ad
691 2403 814 2438 Horat.
826 2398 1008 2439 notavilib.
1027 2404 1156 2438 11.Sat.
1168 2402 1225 2439 ult.
1250 2391 1254 2412 ⁸
1274 2408 1391 2434 tamen
1407 2400 1539 2449 slag‘sil
1558 2414 1772 2449 compertum.
1830 2404 1883 2440 Sic
1916 2404 2005 2454 apud
2032 2406 2171 2443 Livium
2199 2407 2288 2444 libro

211 2447 336 2495 secutis
353 2450 505 2486 omnibus
527 2464 614 2487 mus.

273 2506 329 2543 65.
342 2499 461 2544 Julius
475 2498 663 2549 dilium&
673 2499 840 2550 neptem]
857 2499 1225 2550 Liberopt.&filium
1273 2501 1444 2542 Juvemis
1463 2502 1670 2539 Scholia-stem
1690 2505 1749 2540 bis.

217 2545 271 2589 Εἴ
280 2561 320 2583 ne
341 2559 419 2586 tem.
741 2575 744 2577 >

273 2557 401 2648 Agrilit
411 2599 557 2648 ambos]
604 2603 661 2636 De
676 2601 726 2638 his
743 2602 875 2652 optime
886 2606 1063 2644 Zonaras,
1095 2601 1224 2639 addens

219 2648 357 2685 Liviam
375 2654 411 2686 ὃς
433 2650 615 2687 Tiberium
639 2664 711 2688 non
729 2648 864 2687 caruisse
884 2652 1078 2702 suspicione.
1121 2653 1222 2689 Unde

216 2697 304 2735 Plin.
319 2699 376 2737 lib.
398 2714 438 2739 vx
452 2715 480 2737 1.
504 2714 577 2750 cap.
588 2712 669 2738 va.
694 2702 866 2748 Accusata
882 2702 1060 2738 liberorum
1078 2712 1224 2747 mortes,
1272 2700 1375 2737 trium
1403 2704 1714 2740 Toi·t·enti.moi·um
1732 2733 1745 2748 ,
1774 2703 1974 2740 elaboravit.

218 2746 387 2799 luffufi-Jue
406 2764 469 2786 non
478 2761 616 2787 tantum
627 2751 767 2787 orbitate
778 2750 894 2797 tristes.
921 2751 1036 2789 llberos
1055 2753 1150 2788 enim
1160 2756 1226 2789 Ca·
1276 2752 1393 2788 cei-oni
1410 2751 1570 2802 frequens
1588 2754 1762 2791 elaborare
1792 2767 1855 2803 pro
1873 2754 2040 2792 laborare.

215 2799 292 2845 jum
303 2803 339 2837 δε
351 2802 498 2838 Lucium
509 2801 672 2852 intelligit.

266 2850 318 2886 Ob
333 2853 503 2900 ingenium
517 2853 618 2897 ferox
643 2850 858 2896 abdicavit]
906 2853 1125 2900 Qtinsstilian.
1154 2857 1223 2890 De-

217 2902 353 2940 clamat.
385 2901 570 2939 institutam
598 2901 697 2938 tradit
719 2901 976 2938 abdicationem
1000 2916 1120 2940 contra
1139 2902 1224 2941 filio-

217 2965 296 2990 rum
314 2951 498 2994 ferociam,
526 2965 592 3003 qua
611 2953 693 2990 vivo
711 2951 832 2988 scilicet
857 2952 965 2988 adhuc
996 2965 1089 3003 patre
1110 2958 1147 2990 ὅ(
1167 2954 1227 2992 bo-

217 3004 270 3039 nis
290 3003 436 3053 paternis
457 3003 653 3051 privantur,
680 3006 717 3039 δε
735 3003 779 3039 ab
799 3004 897 3039 omni
917 3001 1066 3039 filiorum
1089 3006 1159 3050 jure
1176 3018 1228 3041 re-

216 3052 390 3102 pelluntur.
449 3054 547 3090 Dion
581 3057 617 3090 ὃς
644 3058 800 3091 Zonaras
835 3052 1035 3090 abdicatum
1062 3056 1150 3103 prius
1180 3054 1229 3091 ob

217 3115 360 3145 morum
376 3103 630 3153 pertinaciam„
674 3117 699 3144 n
716 3103 859 3144 insulam
878 3117 1017 3155 quoque
1036 3104 1228 3156 relegatum

1273 2462 1355 2486 V11.
1384 2464 1459 2486 <¹1ae
1488 2452 1550 2487 illae
1578 2464 1683 2489 voces
1712 2456 1896 2504 junguntur
1913 2484 1923 2497 ,
1962 2459 2000 2491 ὃ(
2017 2454 2108 2505 apud
2132 2469 2289 2495 veterem

1807 2503 1968 2541 Catillum
1992 2505 2140 2542 abdicati
2167 2509 2288 2558 Agrip-

1276 2562 1327 2599 pae
1346 2552 1508 2588 omnium
1536 2554 1668 2602 optime
1695 2553 1842 2589 declarat
1868 2556 1939 2591 Dio
1959 2556 1995 2592 in
2030 2567 2123 2592 anno
2146 2568 2289 2596 ucetx.

1633 2607 1668 2640 V
1694 2617 1714 2639 A
1743 2617 1765 2640 R
1798 2616 1810 2639 1
1842 2617 1864 2640 0
1889 2617 1929 2641 tt.

1328 2658 1387 2695 65.
1405 2657 1460 2689 At
1479 2651 1568 2688 nihil
1583 2653 1886 2703 aquelaboravit.]
1918 2657 2008 2690 Non
2024 2654 2140 2692 debuit
2150 2654 2289 2694 fastidiri

2031 2705 2086 2742 Est
2114 2708 2208 2744 enim
2232 2710 2295 2744 Ci-

2098 2758 2129 2792 G
2142 2769 2165 2792 n
2178 2770 2200 2793 ο
2213 2771 2236 2795 N
2249 2772 2292 2795 o-

1278 2814 1300 2837 ν
1315 2815 1328 2838 1
1342 2816 1364 2839 u
1375 2815 1402 2839 s,

1332 2859 1389 2889 66.
1416 2852 1466 2888 Ob
1483 2853 1655 2901 ingenium
1667 2853 1847 2901 fhrcliclum
1859 2868 1896 2891 ac
1906 2856 2017 2902 ferox.
2036 2855 2050 2904 ]
2083 2856 2205 2894 Codex
2221 2857 2290 2894 Sal-

1278 2902 1362 2939 mas.
1383 2903 1578 2952 scordalum
1603 2902 1655 2946 [5
1667 2904 1779 2949 ferox.
1816 2918 1916 2956 atque
1934 2908 1978 2942 ita
2001 2906 2185 2956 legendum
2207 2909 2290 2954 jndi-

1279 2953 1379 2989 cabat
1400 2953 1538 2990 Salmas.
1557 2951 1660 2991 Gloss'.
1680 2952 1803 2992 Isidori
1817 2973 1827 2993 2
1853 2956 2045 2999 ὁῑυνιίιιτίιῑς,
2068 2958 2180 3003 firm:
2231 2962 2291 2994 Sc-

1279 3015 1363 3039 neca
1380 3003 1482 3053 Epist.
1501 3017 1555 3042 Lv.
1606 3004 1726 3054 Adjice
1765 3020 1853 3043 nunc
1873 3006 2068 3055 scordalum
2098 3006 2149 3049 ἐς
2165 3009 2284 3053 furem

1279 3053 1525 3102 deprehensum.
1583 3055 1759 3091 Petronius
1781 3072 1790 3093 :
1817 3060 1947 3094 Νικίας
1964 3056 2156 3105 occajionefn
2174 3058 2289 3093 vinai-

1279 3106 1353 3151 cta,
1393 3106 1594 3157 Eutitclpum
1618 3105 1777 3150 excluao,
1812 3107 2012 3158 redditaque
2027 3106 2179 3156 scordalo
2199 3106 2285 3195 Rite.

1676 3159 1732 3196 Ee
1759 3172 1776 3202 3
2239 3168 2290 3196 οη
