2504 3425
512 161 1924 238 ‚Txnlziit1usNERovaa‘ssfs-AP»·v
2166 182 2274 248 333

171 281 224 312 co
244 268 287 311 &
311 266 360 310 L.
377 259 525 309 Pisone
551 261 723 308 notftem
747 260 1084 322 continuumque
1106 258 1284 305 biduum
1321 258 1531 322 epulando
1561 257 1829 321 potandoque
1852 255 2087 319 ¹consumsit
2109 276 2120 303 ε
2168 276 2280 322 quo-

163 345 271 381 rum.
296 328 412 373 alteri
446 327 601 389 Syriam
636 324 923 386 provinciam,
965 324 1082 369 alteri
1117 321 1400 386 praefefiuram
1432 323 1571 370 Urbis
1603 320 1825 371 confestim
1860 322 2035 378 detulit,
2077 322 2279 369 codicillis

171 407 344 453 quoque
380 391 682 454 jucundiffimos
725 399 788 433 (θ’
819 390 995 432 omnium
1027 388 1207 432 horarum
1239 391 1387 433 amicos
1419 385 1632 449 profeffus.
1714 386 1846 432 Sestio
1877 386 2007 431 Gallo
2050 385 2282 432 libidinoso

171 469 220 500 ac
237 454 417 517 prodigo
437 452 550 510 seni,
585 455 690 499 olim
721 451 771 498 ab
793 450 989 513 Augusto
1014 453 1251 514 ignominia
1274 466 1419 498 notato
1437 487 1450 507 ‚
1477 455 1520 496 ὅ(
1547 469 1568 496 a
1590 452 1627 496 se
1651 465 1743 496 ant-e
1770 467 1922 512 paucos
1945 450 2032 495 dies
2063 450 2171 511 apud
2205 454 2280 496 Sc·-

172 532 317 563 natum
353 519 560 580 increpito
584 553 597 574 ,
644 532 809 563 coenam
831 532 878 560 ea
906 516 997 577 lege
1021 516 1241 571 condixit,
1288 532 1341 560 ne
1380 515 1482 577 quid
1516 531 1566 559 ex
1599 514 1899 560 consuetudine
1936 515 2175 560 immutaret
2207 529 2276 559 aut

168 580 378 628 demeret:
416 597 544 644 utque
572 580 694 626 nudis
713 579 860 642 puellis
879 577 1206 625 ministrantibus
1226 593 1476 626 coenaretur..
1539 577 1854 642 Ignotislimum
1888 576 2096 642 quaesturae
2132 577 2276 623 candi-

105 683 107 687 .
169 643 313 690 datum
338 644 602 703 nobiliffimis
625 641 882 704 anteposuit,
914 642 972 687 ob
997 656 1162 703 epotam
1189 643 1233 686 in
1260 644 1488 697 convivio,
1522 638 1778 704 propinante·
1793 642 1831 687 se
1855 678 1868 698 ,
1903 643 1994 687 viui
2018 640 2273 705 amphoram.

168 709 332 754 Asellio
354 709 510 754 Sabino
531 711 631 753 HS.
647 706 824 754 ducenta
843 705 1014 750 donavit
1038 722 1114 767 pro
1137 704 1333 767 dialogo,
1369 706 1412 749 in
1440 722 1527 766 quo
1551 705 1704 761 boleti,
1740 711 1782 750 δε
1797 706 1981 751 ficedulae
1995 740 2008 761 ‚
2043 710 2085 751 ὃ(
2101 704 2271 764 ostreae,

168 776 214 817 δεῖ
236 773 345 818 turdi
366 787 572 818 certamen
601 771 827 816 induxerat.
894 770 1074 813 Novum
1108 768 1291 830 denique
1325 766 1514 813 officium
1549 769 1726 814 instituit
1758 787 1779 814 a
1800 770 2084 832 voluptatibus
2108 804 2121 825 ,
2168 787 2275 832 prae·

168 835 307 897 polito
334 838 475 898 equite
497 836 627 880 Rom.
656 834 714 879 T.
738 829 934 888 Caesonio
958 831 1113 877 Prisco.
1181 829 1342 877 Seceffu
1360 848 1459 877 vero
1474 832 1698 893 Caprecnli
1723 834 1848 878 etiam
1875 835 2075 878 sellariarn
2100 836 2273 896 excogi-

83 920 137 968 43
172 900 298 954 tavit,
330 898 465 944 sedem
486 913 722 942 arcanarum
745 894 993 939 libidinum:
1029 898 1073 939 in
1099 912 1226 957 quam
1249 894 1434 956 undique
1454 896 1677 957 conquisiti
1701 897 1926 955 puellarum
1946 901 1989 940 &
2012 899 2271 944 exoletorum

170 978 342 1026 greges,
378 959 682 1023 monstrolique
707 956 958 1005 concubitus
980 972 1206 1021 repertores
1215 994 1229 1016 ,
1263 975 1369 1022 quos
1378 961 1566 1027 spintrias
1583 954 1838 1021 appellabat,
1872 961 2024 1022 triplici
2044 960 2142 1004 serie
2168 977 2273 1006 con-

2144 1040 2270 1082 nexi,

282 1099 396 1148 Hujuaes
414 1098 474 1147 qui
489 1096 642 1134 trahitur
658 1104 856 1145 protextam
866 1093 1000 1143 sumere
1018 1096 1153 1139 mavis,

281 1146 346 1186 An
363 1148 572 1185 Fidenarum
592 1147 842 1195 Gabiorumque
866 1146 923 1194 effe
931 1144 1092 1193 potestas?

225 1203 280 1234 Ne
294 1201 366 1248 quis
378 1198 416 1246 se
437 1198 661 1246 interpellaret
679 1225 691 1240 ‚
717 1196 873 1232 edixerat
892 1224 903 1238 ‚
933 1207 972 1231 ao
990 1204 1056 1230 toto
1073 1196 1194 1232 itinere

168 1247 330 1284 adeuntes
339 1246 598 1298 submoverat.]
630 1251 776 1296 Nempe
789 1243 957 1295 egi-esshm
968 1244 1074 1282 semel
1084 1246 1191 1283 Urbe.

171 1299 312 1336 Tacitus
330 1313 340 1336 ι
376 1299 483 1347 Cesar
503 1327 515 1342 ‚
545 1298 709 1335 dedicatis
718 1306 779 1345 per
797 1295 1026 1343 Campaniam
1043 1296 1192 1345 templis,

170 1361 372 1398 quanquam
397 1348 502 1384 edicio
527 1350 698 1397 monuisset
717 1375 729 1390 ,
774 1359 815 1382 ne
844 1346 918 1394 quis
952 1347 1097 1394 quietem
1121 1347 1190 1386 eius

173 1398 373 1447 irrumperet
392 1425 404 1441 ,
443 1411 559 1434 concur
576 1399 674 1448 usque
703 1396 940 1446 oppidanorum
965 1394 1110 1444 dispofito
1126 1396 1190 1433 mi-

171 1447 233 1484 lite
246 1448 515 1496 prohiberentur.

220 1512 280 1543 4¹·
308 1504 387 1534 Non
405 1497 557 1534 tribunos.
570 1497 722 1534 militum
741 1495 965 1545 prefei‘ifofiquo
984 1523 996 1539 ‚
1038 1507 1103 1531 non
1115 1502 1190 1542 pro-

171 1546 371 1584 vinciarum
383 1545 531 1596 praefides
549 1548 629 1582 ullos
638 1545 859 1594 mutaverit]
876 1547 1016 1582 Tacitus
1032 1558 1061 1581 1.
1075 1551 1130 1588 83.
1143 1545 1184 1581 Id

171 1609 300 1646 quoque
322 1609 455 1634 morum
469 1595 594 1633 Tiberii
611 1597 708 1642 fuit,
749 1597 944 1633 continuare
962 1595 1124 1642 imperia,
1152 1607 1191 1631 ac

163 1645 335 1696 plerosque
352 1646 513 1693 adfinem
530 1647 607 1682 vita
625 1647 662 1682 in
670 1647 788 1696 iisdem
796 1644 994 1682 exercitibus
1015 1655 1078 1684 aut
1086 1645 1191 1693 juris-

172 1696 373 1734 dictionibus
384 1695 516 1732 habere.
542 1695 666 1743 Cauffie
684 1697 787 1733 varie
811 1696 1011 1732 traduntur.
1026 1694 1089 1730 alii
1098 1696 1190 1731 taedio

172 1757 264 1782 nava
279 1758 359 1781 cure
369 1744 474 1792 semel
487 1745 618 1793 placita
628 1754 692 1793 pro
715 1748 840 1783 aeternis
856 1745 1005 1794 servavi
1170 1745 1176 1752 '

172 1795 256 1831 dam
278 1794 452 1836 invidia„
468 1807 510 1830 ne
517 1794 632 1842 plures
641 1796 852 1841 fruerentur.
875 1797 979 1844 sunt,
1012 1798 1021 1807 ἱ
1046 1834 1050 1836 ,
1100 1793 1192 1842 msti-

173 1850 270 1881 ment·
287 1847 356 1895 &⁰-
383 1842 476 1898 Vide
493 1856 566 1895 cap.
581 1856 732 1883 i.>tV1.11.
914 1882 918 1889 ,,

226 1908 285 1939 42.
317 1893 427 1943 Qafi
443 1894 597 1931 eivitatis
612 1895 714 1932 oculis
730 1906 885 1934 remotus.
905 1894 920 1944 ]
950 1898 1095 1933 Veteres
1116 1897 1190 1946 qui-

171 1942 257 1981 dam
274 1945 420 1982 remotis.
448 1945 561 1995 probo
576 1956 725 1983 remotus
745 1962 756 1983 .-
786 1958 822 1984 ut
837 1947 929 1997 apud
945 1946 1158 1993 Ciceronem
1175 1976 1187 1991 ,

171 1994 259 2032 locus
276 1994 418 2031 arbitris
439 2006 611 2033 remotus:

225 2048 315 2083 Cum
342 2045 517 2093 Pomponio
541 2045 693 2094 Flacco]
745 2049 780 2083 Is
807 2046 875 2090 est,
905 2046 948 2082 de
968 2047 1063 2092 cujus
1090 2047 1187 2084 obitu

169 2096 281 2184 Taleit.
300 2095 423 2133 Annal.
461 2095 519 2135 lib.
538 2109 595 2137 vi.
614 2109 668 2144 27.
703 2096 762 2134 ubi
780 2099 884 2148 Syriae
914 2109 1104 2148 propraetor
1128 2111 1187 2151 ap-

167 2158 211 2196 pe
236 2157 318 2184 atur.
986 2176 989 2178 .

494 2222 859 2257 TORRENT.

226 2281 335 2317 Sextio
353 2279 511 2317 Claudio.
530 2278 545 2328 ]
592 2280 688 2317 Libri
705 2279 777 2317 duo
801 2279 896 2327 Sestio
914 2276 1080 2322 Claudia,
1105 2276 1202 2314 alius-

171 2330 265 2376 Sestio
283 2331 393 2366 Gallio
411 2359 423 2373 ,
460 2342 594 2380 quartus
610 2330 736 2378 Sestitio
754 2330 875 2367 Gallio.
931 2330 1031 2378 Lego
1051 2330 1185 2379 itaque,

170 2379 267 2428 Sestio
287 2382 393 2417 Gallo.
418 2381 532 2417 Gallus
548 2382 643 2419 enim
662 2380 848 2418 Sestiorum
864 2392 1068 2429 cognomen
1085 2378 1157 2416 fuit.

224 2435 334 2478 thue
349 2431 448 2466 nullis
462 2430 614 2479 puellis.]
672 2431 793 2468 Melius
820 2444 898 2470 mss,
924 2441 1069 2480 quatuor
1090 2459 1102 2475 ,
1145 2433 1183 2468 ὃ(

170 2480 329 2518 Ptobenii
347 2479 425 2516 edit.
455 2482 552 2516 nudis
562 2481 694 2528 puellis.

222 2530 350 2577 Asellio
365 2530 524 2575 Sabina]
567 2531 643 2568 Lib.
662 2544 748 2568 unus
765 2536 814 2569 A.
841 2531 938 2569 Sellio
961 2530 1037 2569 sab.
1067 2529 1182 2567 Asellii

168 2581 347 2626 cujusdam
368 2579 407 2617 fit
426 2581 562 2617 mentio
579 2581 687 2631 Calig.
712 2575 841 2632 cap-vi
854 2595 907 2619 11.
928 2593 1128 2632 quanquam
1142 2585 1180 2618 δε

166 2631 216 2668 ibi
234 2645 308 2668 non
325 2631 539 2668 consentiunt
557 2630 701 2669 codices.

224 2686 289 2731 Eq.
308 2688 401 2719 Rom.
418 2679 470 2725 Εἴ
489 2681 641 2729 Censorio
660 2680 806 2731 Prift0.]
867 2684 920 2719 Sic
937 2681 1078 2732 quidem
1096 2694 1182 2719 unus

170 2745 192 2769 e
211 2733 331 2770 nostris
350 2760 361 2775 ,
390 2736 427 2769 δε
448 2731 526 2768 edit.
557 2731 684 2769 Gallica
704 2751 713 2777 3
750 2732 854 2782 longe
874 2733 983 2784 plures
1000 2745 1086 2771 vero
1107 2744 1183 2770 tarn

172 2795 248 2820 mse.
275 2795 381 2833 quam
401 2783 557 2833 vulgati,
594 2787 657 2830 Eq.
678 2788 717 2820 R.
738 2786 776 2818 T.
802 2783 935 2831 Cefhnio
960 2782 1081 2831 Prisco,
1125 2786 1183 2820 De

169 2845 238 2884 qua
257 2832 405 2870 lectione
434 2846 542 2870 nemo
568 2833 669 2881 paulo
695 2833 830 2870 doctior
856 2832 1032 2870 dubitabit.
1089 2834 1186 2881 Cafh-

170 2885 246 2919 nius
259 2894 380 2920 tamen
397 2896 457 2935 per
472 2897 492 2919 a
508 2882 737 2920 scribendum.
773 2897 908 2920 nomen
932 2885 1026 2920 enim
1042 2881 1181 2920 familiae

171 2932 221 2970 est
246 2945 266 2969 a
281 2936 493 2983 praenomine
510 2934 591 2982 Caefia
611 2963 624 2977 ,
667 2934 757 2970 unde
776 2936 880 2971 etiam
899 2947 1101 2984 cognomen
1117 2938 1183 2970 Ca·-

162 2983 294 3032 fimius.
349 2984 487 3031 Cafones
509 2997 593 3023 vero
604 3013 616 3027 ‚
643 2986 690 3022 uti
709 2989 746 3021 ὃς
763 2987 901 3034 Caesares
918 3013 930 3028 ‚
968 2998 988 3021 a
1005 2986 1091 3022 cccso
1108 2997 1183 3020 ma-

173 3033 230 3070 tris
244 3044 339 3070 utero
364 3033 444 3070 dieti
468 3034 552 3071 sunt.
586 3035 751 3086 Plin.,lib.
771 3049 853 3078 vix.
873 3047 948 3087 cap.
975 3049 1024 3082 ix.
1050 3035 1180 3080 Festus,

173 3085 214 3121 δε
230 3083 347 3127 Valet.
370 3088 462 3125 Max.
470 3085 528 3125 lib.
537 3099 570 3126 x.
737 3085 740 3092 ’

1299 1109 1356 1139 43.
1386 1096 1564 1133 Sellariam
1587 1096 1828 1146 excogitavit.]
1890 1100 1991 1147 Lego
2008 1110 2052 1133 ex
2079 1096 2184 1133 duob.
2210 1110 2270 1134 ve-

1243 1144 1428 1183 tustiffimis
1452 1147 1724 1196 exemplaribus,
1757 1147 1909 1197 fillaria.
1947 1160 2055 1198 quam
2082 1148 2270 1184 leffionem

1242 1193 1365 1232 fatetur
1393 1196 1582 1234 Beroaldus
1619 1212 1770 1248 quoque.
1805 1201 1918 1236 Tacit.
1938 1198 2043 1236 lib.v.
2089 1202 2182 1233 Tunc
2201 1198 2272 1245 pri-.

1241 1257 1337 1282 mum
1366 1247 1479 1294 ignota
1505 1257 1585 1283 ante
1601 1249 1768 1284 vocabula
1781 1256 1910 1297 reperta
1924 1249 2009 1295 sunt
2027 1248 2240 1296 sellariorum
2256 1275 2269 1291 ,

1244 1294 1295 1337 &³
1307 1295 1549 1344 spintriarum.
1595 1298 1739 1335 Sellaria
1763 1311 1882 1336 autem
1897 1298 2066 1350 appellata
2085 1298 2171 1335 sellae
2191 1297 2270 1349 ipsa:

1241 1345 1284 1381 ad
1303 1346 1482 1384 libidinem
1493 1346 1674 1397 dispofitae.
1704 1348 1750 1386 sic
1761 1350 2055 1397 enim&sellaria
2074 1350 2269 1386 dommali-

1239 1408 1295 1431 νεα,
1318 1398 1461 1434 Neronis
1488 1398 1578 1448 apud
1600 1399 1745 1447 Plinium
1762 1400 1819 1437 lib.
1845 1413 1946 1438 xxm.
1974 1413 2049 1450 cap.
2071 1413 2137 1436 v11
2151 1414 2180 1436 1.
2224 1402 2266 1437 Et

1230 1444 1419 1490 stellariolas
1437 1460 1540 1485 vocat
1552 1449 1692 1496 polinas
1721 1451 1865 1487 Martial.
1887 1450 1944 1487 lib.
1962 1464 1996 1488 v.
2031 1451 2127 1500 Epig.
2146 1461 2210 1489 CXI
2224 1463 2254 1485 1.

1241 1495 1276 1530 iu
1294 1496 1416 1545 quibus
1434 1498 1577 1547 Syriscus
1596 1498 1651 1535 ille
1662 1500 1704 1536 de
1719 1498 1790 1550 quo
1808 1500 1979 1551 loquitur,
2000 1502 2128 1537 centies
2145 1494 2265 1536 sester·'

1243 1546 1329 1582 tium
1356 1559 1432 1583 non
1459 1548 1556 1585 lestis
1582 1550 1849 1594 accumbendo,
1886 1563 1921 1588 ut
1949 1550 2112 1587 honestos
2138 1550 2264 1593 decet,

1242 1596 1298 1632 sed
1323 1610 1404 1633 cum
1427 1598 1642 1649 nequiilimis
1661 1613 1700 1637 ac
1719 1601 1882 1639 viliffimis
1901 1601 2099 1638 hominibus
2111 1600 2264 1637 sedendo

1242 1645 1489 1695 absumpserat.
1518 1649 1550 1686 A
1570 1649 1720 1687 sedendo
1738 1652 1838 1701 igitur
1847 1651 1950 1700 sella,
1979 1651 2105 1688 &inde
2107 1650 2264 1699 sellaria,

1241 1699 1278 1745 βε
1287 1696 1506 1743 sellarioluaess
1535 1703 1572 1736 ὃ(
1584 1699 1803 1747 sellularias,
1839 1703 1897 1752 qui
1915 1701 2065 1738 sedendo
2075 1714 2161 1751 opus
2171 1699 2263 1739 facit.

1178 1768 1192 1776 ·
1241 1746 1542 1786 Liviuslib.vx11.
1575 1754 1682 1795 Sunt,
1710 1753 1768 1801 qui
1785 1752 1828 1789 ad
1848 1754 2071 1788 meretricum
2092 1750 2192 1787 cellas
2209 1764 2264 1787 re-

1242 1793 1331 1834 ferre
1347 1797 1468 1835 malint
1485 1827 1498 1843 ,
1537 1799 1596 1837 sed
1613 1803 1706 1838 reeta
1728 1802 1894 1839 scribendi
1912 1803 1999 1839 ratio
2025 1812 2202 1852 repugnat.
2241 1813 2264 1838 a

1242 1846 1378 1884 celando
1397 1850 1492 1901 enim
1515 1854 1552 1886 δε
1582 1852 1616 1888 in
1635 1853 1772 1904 templis
1793 1856 1828 1889 ὅ(
1852 1854 1886 1889 in
1908 1852 2070 1889 domibus
2098 1851 2180 1887 cella
2205 1863 2262 1899 ap-

1244 1897 1384 1947 pellatur
1399 1912 1475 1950 pars
1489 1899 1606 1951 aliqua
1620 1899 1800 1939 remotior.
1859 1902 1962 1938 Unde
1985 1902 2116 1948 iactum
2134 1913 2169 1937 ut
2198 1900 2266 1938 ser-

1240 1961 1385 1993 vorum,
1411 1962 1451 1986 ac
1467 1954 1690 1989 meretricum
1717 1951 1962 1990 mansiunculae
1988 1951 2260 2003 cella‘appellen-

1239 2010 1306 2036 tur.
1328 2000 1485 2043 Juvenal.
1511 2005 1578 2039 Sat.
1599 2003 1682 2039 ni..
1757 2046 1760 2049 ‚

1347 2053 1394 2086 Et
1407 2051 1542 2087 dubitas
1561 2052 1639 2089 alta
1659 2053 1823 2090 Chlo-aem
1843 2054 2003 2091 deducere
2023 2052 2122 2091 cella.

1234 2104 1277 2137 Et
1292 2103 1428 2139 Sanvx.
1486 2124 1502 2132 -
1523 2125 1538 2133 ·-
1562 2126 1575 2133 -
1599 2103 1728 2141 ultima
1743 2103 1862 2142 cellam
1964 2109 1968 2112 ’

1348 2149 1491 2200 Claufit.

1239 2200 1382 2238 Maniai.
1413 2201 1525 2240 item:

1351 2253 1489 2299 Intrasti
1505 2255 1632 2303 quoties
1649 2255 1808 2304 inscripta
1825 2254 1949 2291 limina
1965 2255 2059 2292 cella.

1234 2306 1276 2339 Et
1303 2301 1382 2338 hinc
1407 2316 1546 2354 quoque
1574 2305 1763 2343 cellarium
1820 2305 1887 2342 Sed
1916 2305 1959 2342 de
1989 2305 2056 2348 hoc
2073 2304 2146 2356 plus
2165 2304 2262 2345 satis..

1237 2352 1329 2391 Vide
1346 2353 1455 2403 Calig.
1476 2368 1548 2405 cap.
1562 2367 1603 2392 xr.
1615 2370 1642 2392 1.
1768 2360 1770 2363 '

1290 2402 1493 2451 spintrias]
1522 2404 1678 2454 Qiosfic
1693 2404 1911 2455 appellaverit
1923 2406 2101 2451 Tiberius,
2125 2420 2166 2452 ex
2177 2409 2261 2443 Sue·

1233 2455 1332 2492 tonio
1347 2454 1569 2492 manifestum
1589 2456 1646 2493 est.
1677 2459 1733 2492 De
1751 2458 1883 2494 ratione
1905 2471 1990 2494 vero
2004 2457 2164 2494 vocabuli
2180 2471 2254 2494 non

1235 2505 1327 2542 male
1340 2505 1545 2550 Sabellicus,
1573 2518 1608 2542 ut
1625 2534 1638 2549 ‚
1665 2506 1759 2555 quod
1775 2506 1879 2545 veluti
1901 2508 2046 2545 scinxillae
2062 2507 2253 2544 &fomites

1234 2556 1380 2593 libidinis
1398 2554 1483 2600 fint,
1512 2555 1557 2593 sic
1577 2556 1800 2605 appellentur.
1830 2560 2007 2607 σπινθῆρα
2026 2560 2120 2594 enim
2139 2559 2251 2595 Graeci

1234 2605 1414 2643 scintillam
1430 2610 1568 2644 vocant.
1598 2608 1696 2643 Plura
1714 2609 1870 2646 Tui-neb.
1890 2609 2066 2646 Adversar.
2080 2622 2113 2646 v.
2133 2621 2195 2657 cap
2221 2621 2250 2646 1.

1233 2661 1272 2694 ὃ(
1288 2657 1434 2694 Hieron.
1452 2659 1586 2707 Magius
1596 2656 1779 2695 Miscellan.
1798 2658 1855 2696 lib.
1875 2674 1924 2696 ιιΔ
1939 2671 2012 2709 cap.
2032 2672 2108 2695 111.
2138 2659 2252 2695 Utitur

1235 2721 1278 2744 eo
1296 2705 1471 2746 vocabulo
1485 2711 1626 2745 Sueton.
1675 2708 1784 2757 Calig.
1803 2722 1876 2760 cap.
1897 2722 1979 2749 xvi.
2026 2708 2142 2746 Vitell.
2173 2720 2246 2759 cap.

1240 2772 1317 2796 111.
1347 2760 1383 2793 ὅ(
1403 2758 1580 2808 Lamprid.
1603 2758 1802 2807 Elagabalo.

1288 2806 1422 2855 Triplici
1432 2807 1518 2855 fierie
1529 2807 1701 2855 connexu]
1721 2811 1802 2845 Duo
1813 2808 1914 2846 codd.
1929 2811 2246 2853 comanam-ecte,

1235 2859 1383 2947 judilclent
1391 2885 1403 2902 ,
1414 2858 1471 2907 qui
1482 2858 1560 2908 quid
1570 2857 1790 2910 symplegade
1800 2859 1857 2897 sua
1872 2858 1952 2900 velit
1965 2860 2113 2898 Martial.
2127 2863 2251 2900 rectius

1233 2915 1300 2950 inte
1327 2920 1432 2959 igunt.

1534 2984 1938 3021 CAsAUBoN.

1285 3042 1519 3088 Prafelsluram
1535 3043 1630 3079 Urbis
1647 3042 1811 3089 confestim
1831 3043 1994 3094 detulit.]
2055 3046 2142 3083 Non
2159 3041 2247 3080 diffi-

1230 3090 1314 3133 mile
1331 3092 1529 3145 exemplum
1544 3092 1603 3135 lib.
1621 3107 1672 3134 iv.
1693 3105 1766 3144 cap.
1776 3107 1839 3133 xvx
1851 3108 1863 3133 1
1876 3108 1903 3134 1.

1669 3147 1769 3188 Τις
2150 3146 2253 3185 ΨΑ·
