2504 3425
435 171 546 211 nr.
610 151 1021 204 ILLus‘r.
1086 135 2051 197 GRAMMAT.LIBER.

221 255 331 301 laum
359 248 581 309 Pompejus
607 246 785 289 Lenaeus
805 274 819 297 ,
865 237 972 300 apud
996 233 1290 282 Philocomum
1313 230 1509 275 Valerius
1534 228 1647 275 Cato
1668 261 1682 282 ‚
1727 241 1753 287 p

1207 293 1443 341 LUCIUS
1488 290 1682 337 AELIUS
1714 287 2095 334 LliNtJerUs
2122 322 2136 343 ‚
2180 304 2313 350 gener

224 325 510 374 auxeruntque
527 307 577 353 ab
594 306 714 352 omni
740 319 851 367 parte
872 300 1132 364 grammatica
1152 332 1165 353 ,

2200 151 2304 208 703

1756 224 1958 272 raedicant.
2026 221 2312 273 Instruxetunt

224 377 379 438 Quinti
402 375 529 430 AElii,
562 370 820 418 SERVIUS
858 360 1163 418 CLODIUS‚
1199 373 1372 421 uterque
1398 373 1526 419 eques
1545 357 1765 403 Romanus
1783 387 1797 410 ,
1837 353 2043 415 multique
2060 367 2106 398 ac
2129 352 2232 398 varii
2262 356 2309 397 δε

224 444 271 490 in
294 441 481 488 dofirina
500 442 542 483 &
564 436 610 481 in
630 432 840 497 republica
864 427 967 476 usus.

225 583 317 618 Tres
336 578 434 629 igitur
450 575 522 613 sunt
540 602 551 617 ,
588 585 661 609 non
687 581 833 621 quatuor
849 567 907 617 qui
932 567 984 604 bic
1017 565 1240 607 nominantur

223 629 456 679 grammatici.
507 627 575 661 Pro
596 620 802 658 Philocomus
823 618 952 656 Petavii
970 615 1048 653 cod.
1066 612 1240 650 &Pithoei

224 680 292 716 Phi
295 679 438 715 loconius
447 671 626 714 mendose.
636 674 685 708 est
697 670 791 708 enim
804 666 964 706 usitatum
971 665 1097 703 Graecis
1106 675 1239 700 nomen

223 728 438 772 Φιλόκωμος.

279 779 402 816 Lucilii
420 782 557 826 Satyrus
564 770 761 821 familiaris
771 768 871 817 sui.]
897 769 953 806 An
972 769 1065 813 ejus,
1096 764 1160 820 *qui
1177 775 1238 813 po-

222 828 354 867 stremo
369 828 590 865 nominatus?
620 834 665 859 an
684 820 845 859 omnium
862 820 966 855 trium
982 822 993 855 Ξ
1028 820 1161 850 Sauras
1181 824 1239 848 au-

222 890 297 917 tem
312 893 371 931 per
388 880 400 915 i
417 874 635 915 scribendum
653 871 790 920 semper
808 865 893 912 effie,
912 878 1006 905 certo
1017 863 1240 914 probavimus

224 930 314 970 libro
333 933 388 968 De
408 928 512 966 Satira
530 929 706 964 Romana.

578 986 615 1020 V
644 993 666 1017 A
693 992 717 1016 R
748 989 762 1014 1
786 990 810 1014 o
839 988 878 1014 R.

278 1040 449 1077 Hactenus
460 1045 575 1071 tamen
590 1026 745 1072 imitati,
759 1037 798 1063 ut
814 1023 1009 1070 carnaim]
1032 1021 1175 1060 Scribo:
1200 1033 1240 1056 nc

223 1089 338 1137 nostris
360 1083 504 1132 exemplo
527 1081 603 1127 suit
631 1079 681 1116 ad
705 1076 930 1115 imitandum.
988 1074 1159 1111 Harlenus
1188 1080 1243 1106 ta-

223 1152 321 1182 men,
347 1146 386 1173 ut
404 1133 560 1171 carmina
572 1139 702 1179 parum
722 1127 835 1163 adhuc
854 1124 1040 1173 divulgata
1058 1124 1127 1159 &c.
1154 1133 1240 1157 nam

222 1190 260 1226 τὶ
277 1186 410 1226 imitati
423 1182 488 1221 effe
507 1181 550 1218 ab
569 1189 764 1216 enarratore
785 1175 908 1222 iudico.
967 1172 1032 1210 Sed
1048 1169 1241 1218 &ajuntu‘a

223 1241 274 1278 ad
292 1235 504 1276 imitandum
523 1244 597 1269 non
614 1227 679 1267 effe
705 1229 740 1264 in
755 1237 836 1266 vett.
858 1226 916 1263 lib.
950 1228 1062 1272 Ergo:
1096 1220 1241 1270 exemplo

215 1290 304 1338 fuit.
361 1287 532 1323 Hastenus
548 1291 686 1323 tamen,
710 1288 748 1314 ut
767 1276 933 1313 carmina.
991 1277 1165 1310 Gaoxov.

280 1338 398 1377 Latius
412 1364 423 1379 ,
458 1330 670 1373 Archelaus,
702 1326 851 1370 Vec‘lius,
886 1326 1058 1374 Qintus,
1095 1321 1243 1358 Philoco-

224 1389 344 1437 mus.]
375 1384 517 1424 Scribo:
545 1380 659 1416 Lalius
677 1376 890 1419 Archelaus,
915 1373 1106 1422 Vefliusque
1128 1369 1242 1407 Philo-

227 1452 350 1478 comus.
405 1437 459 1474 Sic
488 1444 574 1470 mox
607 1441 746 1480 quoque
772 1424 988 1463 scribendum
1013 1438 1025 1460 ε
1065 1427 1103 1459 L.
1132 1420 1244 1456 AElius

229 1487 435 1526 Lanuvinus
453 1513 465 1528 ,
498 1493 661 1531 generque
680 1477 766 1514 AElii
789 1481 858 1513 Ser.
882 1474 1031 1511 Clodius.
1087 1470 1153 1508 Sed
1177 1470 1244 1507 hoc

278 1539 393 1577 sterius
411 1531 616 1582 jamdudum
632 1528 716 1569 vidit
734 1527 856 1564 Carrio
864 1527 900 1563 iu
911 1524 1066 1574 Antiquis
1075 1521 1250 1560 Lectioni-

258 1603 305 1627 us.
363 1591 478 1625 IDEM.

460 1639 995 1680 ACHxLL.S·rAT.
1269 1619 1273 1682 i

289 1697 522 1745 Instruxerum
541 1719 552 1733 ,
589 1696 826 1736 auxeruntque
846 1686 889 1722 ab
909 1687 999 1722 omni
1015 1692 1117 1732 parte
1138 1694 1253 1730 gram·
1272 1683 1273 1723 j

235 1749 365 1789 musica
382 1744 496 1781 Laelius
517 1737 759 1783 Lanuvino&
790 1734 1023 1785 Legendum,
1048 1746 1083 1769 ut
1098 1734 1131 1769 in
1147 1734 1250 1780 impr.
1272 1759 1273 1762 ,

237 1812 305 1839 vet.
334 1801 371 1834 ἃ
389 1790 643 1838 manuscriptis,
664 1788 933 1835 grammaticum
952 1789 991 1821 L.
1010 1784 1121 1819 AElius
1138 1789 1251 1818 Lanu·
1273 1815 1275 1829 ‚

236 1850 354 1886 vinus.

292 1895 429 1933 Servius
458 1886 638 1935 clodian]
684 1889 728 1923 In
752 1895 821 1923 vet.
856 1884 958 1933 impr.
1003 1886 1071 1918 Ser.
1099 1880 1248 1918 Clodius.

235 1949 336 1998 υἷας,
367 1956 439 1981 non
461 1939 507 1976 est
527 1940 562 1975 in
580 1949 648 1976 vet.
667 1937 751 1986 imp.
779 1935 920 1984 Legitur
939 1944 1056 1969 autem
1077 1934 1111 1968 in
1130 1943 1252 1968 manu-

232 1998 359 2050 scriptis
375 1992 503 2032 eodem
518 1987 630 2026 modo
649 1986 702 2023 hic
721 1989 838 2029 locus,
865 1997 935 2034 quo
956 1984 991 2019 in
1009 1994 1078 2022 vet.
1110 1980 1251 2030 impres·

234 2052 273 2090 s0
286 2078 298 2093 ‚
329 2052 366 2083 L.
388 2039 498 2082 AElius
510 2038 714 2075 Lanuvinus
728 2048 851 2085 gener,
877 2032 1031 2083 §LAEZc'i
1049 2036 1119 2069 Ser.
1177 2035 1250 2081 Ego
1274 2065 1276 2076 Κ

235 2098 474 2145 coniesturam
507 2091 596 2127 hanc
619 2086 793 2124 faciebam
811 2114 824 2128 ,
861 2090 901 2121 L.
915 2083 1026 2120 AElius
1046 2084 1250 2118 Lanuvinus
1274 2077 1277 2108 ἱ

230 2163 360 2201 genere,
382 2140 536 2195 QAEii
547 2140 689 2188 servus,
718 2135 770 2179 {55
789 2134 939 2171 Clodius.
995 2135 1076 2177 Jam
1093 2131 1186 2182 quod
1203 2131 1253 2168 se-

237 2202 371 2251 quitur,
393 2201 536 2241 Uterque
555 2203 651 2239 eques
669 2193 838 2223 Romanus
858 2214 870 2228 ‚
899 2186 936 2221 in
953 2181 1184 2232 manuscripto
1208 2182 1255 2219 al-

238 2263 338 2292 tero,
362 2258 433 2284 uno
455 2243 571 2280 miuus
594 2238 702 2278 verbo
721 2236 865 2286 legitur,
893 2245 1031 2281 uterque
1054 2238 1225 2269 Romanus
1239 2261 1254 2275 ‚

242 2312 279 2338 ut
296 2298 350 2336 ille
367 2293 509 2346 quidem
527 2289 726 2328 Lanuvinus
744 2299 871 2336 genere
887 2313 901 2329 ,
931 2283 986 2323 vel
1005 2283 1162 2319 Lanuvio
1180 2281 1254 2319 fue-

243 2353 284 2389 rit
303 2344 463 2386 oriundus
479 2371 491 2386 ,
526 2352 624 2376 natus
641 2350 762 2375 tamen
780 2340 920 2373 Rornae.
961 2335 995 2369 in
1014 2332 1184 2370 veteribus
1201 2344 1259 2369 au-

245 2413 320 2440 tem
338 2391 598 2434 monumentis,
627 2400 706 2424 seu.
728 2387 863 2425 servum
881 2384 1054 2422 interdum
1074 2381 1256 2433 fignificat.

245 2452 291 2491 sic
308 2451 343 2487 in
367 2444 471 2484 hortis
490 2439 663 2480 Vaticanis
676 2465 690 2480 ,
715 2448 806 2474 cffis.
823 2449 860 2473 N.
883 2446 964 2472 seu.

626 2500 662 2534 V
692 2511 705 2535 1
735 2510 758 2533 u
786 2507 807 2531 E
836 2507 873 2532 τ.

304 2557 419 2596 Laelius
438 2545 678 2594 Lanuvium]
713 2550 855 2582 Fuerunt
874 2543 996 2580 Laelius
1015 2545 1050 2578 δε
1067 2540 1265 2578 AEliusinter

249 2617 417 2654 Romana
436 2602 605 2642 nomina,
631 2610 665 2633 ut
688 2597 753 2632 hoc
774 2593 862 2644 apud
873 2594 1047 2631 Ennium:

359 2657 490 2706 Egregie*
508 2651 662 2687 cordatus
677 2646 772 2682 homo
790 2654 883 2680 catus
901 2642 1010 2678 AElius
1028 2646 1156 2677 Sextus.

250 2710 331 2752 illud
347 2706 437 2760 apud
455 2704 569 2742 Silium
588 2699 674 2735 libro
694 2697 814 2745 quinto
827 2693 967 2747 decimo
981 2706 993 2728 ·.

309 2774 313 2777 >
364 2763 419 2795 Ac
440 2755 550 2807 pelago
572 2749 683 2785 virius
693 2752 840 2794 servata
856 2742 968 2779 Laelius
989 2740 1085 2777 hora.

251 2812 318 2853 Sed
341 2803 564 2858 praenominis
590 2798 683 2836 Lucii
702 2806 785 2832 nota
805 2797 847 2831 L.
867 2803 972 2838 quam
993 2790 1086 2826 nullo
1103 2788 1201 2839 figno
1217 2787 1261 2825 ab

252 2858 439 2912 insequenti
478 2852 566 2892 AElio
600 2847 812 2897 negligentes
848 2842 973 2880 librarii
1014 2840 1271 2884 disjunxerant,

255 2913 382 2954 Laelios
412 2905 539 2944 multos
567 2900 678 2940 fecit,
716 2897 774 2946 qui
802 2897 844 2931 L.
870 2891 945 2930 AElii
972 2889 1116 2927 fuerant.
1186 2892 1265 2925 Hoc

256 2965 352 3002 enim
369 2960 450 2996 loco
467 2955 523 3004 qui
545 2951 592 2988 est
610 2947 752 2989 Laelius,
996 2991 1003 2998 .
1027 2992 1034 2998 .

255 3013 371 3054 multis
388 3008 490 3047 locis,
509 3007 545 3040 ὅ(
562 3001 771 3036 Ciceronem
791 2996 824 3030 in
837 2992 1074 3032 Academicis,
1104 2992 1139 3025 ὃ(
1159 2988 1203 3025 (le
1221 2988 1267 3024 le-

256 3065 377 3118 gibus,
404 3057 509 3098 AE'aius
532 3051 603 3093 line
628 3046 844 3103 fraenomine

1285 607 1396 653 strum
1419 635 1433 648 ‚

862 3043 980 3094 legitur
1001 3039 1090 3093 apud
1101 3037 1274 3083 caunum
1321 3039 1471 3081 multum
1485 3037 1652 3080 variante..

2152 480 2310 526 Lucius

1295 557 1384 594 libro
1406 558 1542 606 primo,
1572 554 1662 606 apud
1686 553 1820 591 Festum
1838 555 1874 590 in
1894 552 2009 592 verbis
2033 554 2182 597 immin,
2209 558 2311 589 Mon·

1470 606 1595 642 Nebulo
1619 634 1630 648 ‚
1670 609 1707 642 ἃ
1730 605 1810 641 alibi
1829 619 1840 641 ι
1881 603 2074 641 Arnobium
2090 603 2179 640 libro
2195 604 2309 640 tertio.

1293 655 1566 703 Quinstilianum
1581 654 1720 691 decimo
1731 682 1743 697 ‚
1768 654 1811 690 de
1826 655 1983 691 Comitis
2002 668 2012 691 2
2041 653 2191 690 Plinium
2209 665 2308 691 nono

1293 703 1336 740 de
1355 705 1561 741 Unionibns.
1619 704 1664 740 At
1682 704 1804 740 Lucius
1823 703 1926 740 AElius
1943 703 2032 753 apud
2054 704 2308 740 Ciceronemin

1292 757 1399 790 Bruto
1414 783 1425 797 ‚
1462 758 1500 790 ὅ(
1520 753 1668 789 Plinium
1691 753 1778 789 libro
1796 752 1969 790 tricesimo
1992 754 2093 790 tertio
2115 753 2158 789 de
2179 752 2310 790 annulis

1292 805 1444 853 equiturn
1471 807 1719 840 Romanorum
1740 817 1749 838 :
1794 802 1852 838 ubi
1877 803 2086 840 Hermolaus
2123 805 2229 840 etiam
2267 809 2308 841 L.

1292 854 1430 890 Helium
1446 853 1633 888 stellionem
1653 853 1812 900 icriptum
1827 865 1995 901 repererat
2016 868 2026 890 ι
2063 853 2119 890 sed
2137 855 2195 902 qui
2213 852 2309 890 casti-

1294 902 1450 953 gandum
1467 901 1651 944 censuerit,
1688 906 1722 936 L.
1750 900 1889 936 Haelium
1904 902 2074 939 Stilonem.
2131 905 2183 939 Sic
2212 904 2307 940 enim

1295 955 1330 989 in
1350 955 1422 999 ejus
1441 950 1686 1001 castigationib.
1713 947 1873 1000 scriptum
1893 951 2031 987 invenio
2048 979 2059 993 ,
2097 963 2132 987 nt
2159 956 2195 988 ὅ(
2215 964 2312 990 vetu-

1296 1002 1352 1040 stis
1374 1016 1513 1054 quoque
1543 999 1784 1050 inscriptionib.
1835 999 1963 1036 Haelius
1988 999 2160 1036 interdum
2191 1002 2312 1049 aspira-

1297 1065 1372 1090 tum
1398 1053 1570 1102 reperitur.
1630 1050 1695 1087 Sed
1731 1049 1821 1087 aliud
1854 1050 1924 1086 vitii
1951 1051 2056 1086 etiam
2091 1048 2145 1086 hic
2179 1051 2312 1088 accidit.

1298 1106 1396 1140 Nam
1414 1117 1522 1154 quem
1540 1100 1752 1139 ostendimus
1771 1100 1917 1137 Lucium
1937 1100 2062 1137 AElium
2085 1097 2178 1136 fuisse
2196 1101 2315 1149 appel-

1297 1153 1426 1196 latum,
1459 1152 1612 1190 eundem
1629 1151 1823 1187 Cornelium
1841 1149 2000 1186 Stilonem
2019 1150 2128 1187 Marci
2148 1151 2315 1188 Varronis

1296 1204 1491 1254 fragmenta
1513 1203 1556 1239 de
1582 1203 1716 1249 Lingua
1739 1201 1862 1236 Latina
1881 1213 1941 1235 me
1956 1213 2064 1248 puero
2083 1199 2314 1250 appellabant.

1297 1268 1404 1304 quem
1426 1267 1495 1290 uno
1522 1251 1698 1291 vocabulo
1725 1251 1759 1287 in
1782 1250 1852 1286 duo
1873 1263 1980 1299 nuper
1995 1261 2132 1287 mutato
2150 1278 2161 1293 ,
2188 1253 2316 1300 Cujum

1298 1305 1429 1340 AElium
1448 1303 1608 1339 Sttlonem
1633 1313 1723 1337 nunc
1752 1310 1980 1350 nuncupant,
2017 1313 2080 1349 pro
2107 1300 2207 1336 Lucio
2225 1300 2317 1337 AElio

1298 1355 1441 1390 Stilone:
1471 1352 1533 1390 nist
1556 1351 1645 1388 forte
1662 1349 1703 1387 fit
1724 1352 1749 1387 is
1767 1349 1850 1387 alius
1867 1350 1977 1386 AElius
1995 1350 2076 1386 Stilo
2094 1366 2105 1386 .-
2133 1349 2228 1399 quod
2243 1363 2317 1388 non

1301 1416 1397 1454 puto.
1451 1402 1630 1439 Praeconim'
1645 1413 1762 1438 autem
1782 1414 1916 1437 nomen
1933 1401 2038 1436 etiarn
2055 1400 2148 1449 apud
2167 1399 2317 1437 Plinium

1301 1456 1473 1504 integrum
1494 1452 1576 1490 locis
1601 1451 1728 1502 aliquot
1755 1451 1893 1500 reperi,
1931 1450 2036 1487 veluti
2054 1449 2143 1486 libro
2165 1449 2290 1487 ultimo
2304 1479 2315 1493 ‚

1300 1508 1337 1541 δε
1356 1503 1528 1542 m‘cefimo
1541 1503 1640 1539 tertio
1652 1517 1664 1538 z
1691 1501 1749 1538 ubi
1769 1500 1880 1538 scribit
1896 1500 2020 1538 Plinius
2031 1513 2204 1549 praecones
2213 1501 2319 1537 etiam

1302 1555 1387 1592 olim
1405 1558 1534 1592 Romae
1547 1553 1651 1603 vulgo
1671 1564 1817 1601 purpura
1831 1551 1950 1588 latiore
1969 1552 2091 1587 tunica:
2108 1550 2186 1587 usos
2204 1549 2296 1587 fuisse
2307 1579 2322 1593 ‚

1270 1602 1272 1607 ’
1303 1604 1387 1642 ficut
1415 1617 1548 1655 patrem
1579 1603 1675 1640 Lucii
1710 1601 1788 1638 AElii
1824 1602 1971 1638 Stilonis.
2018 1599 2109 1637 unde
2146 1598 2235 1636 filius
2277 1600 2318 1636 fit

1302 1656 1521 1692 Praeconinns
1538 1653 1815 1702 cognominatus.
1863 1654 2039 1687 Caeterum
2055 1661 2215 1700 quartum
2233 1649 2321 1687 istud

1303 1706 1454 1750 eiusdem
1485 1704 1636 1740 hominis
1660 1713 1794 1737 nomen
1813 1730 1824 1744 ,
1853 1701 1953 1744 Stilo,
1986 1701 2070 1745 lstilo
2095 1699 2142 1736 est
2168 1701 2203 1736 in
2231 1713 2321 1737 non-

1303 1757 1400 1793 nullis
1418 1755 1568 1792 Suetonii
1587 1751 1765 1789 codicibus
1785 1766 1795 1787 :
1833 1750 1888 1786 sed
1908 1750 1997 1800 apud
2018 1748 2188 1786 Cai'ifium
2209 1778 2220 1792 ‚
2256 1750 2323 1786 Pli-

1305 1808 1401 1844 nium
1421 1834 1432 1849 ‚
1458 1802 1729 1854 Quintillianum
1749 1829 1761 1844 ‚
1797 1800 1964 1849 nusquam
1986 1799 2070 1846 lstilo
2089 1799 2297 1849 trisyllabum
2314 1816 2326 1837 z

1302 1856 1384 1893 Stilo
1409 1856 1555 1904 semper.
1582 1852 1644 1889 nisi
1658 1851 1682 1887 fi
1702 1850 1783 1900 quid
1804 1852 1839 1887 in
1861 1850 1978 1886 media
1992 1862 2081 1886 voce
2098 1847 2138 1885 fit
2155 1849 2323 1894 deprava-

1303 1919 1378 1944 tum
1398 1921 1408 1943 ε
1443 1917 1478 1942 ut
1500 1904 1590 1954 apud
1607 1902 1754 1939 Plinium
1772 1900 1883 1936 Stellio
1902 1929 1914 1943 ,
1942 1898 2218 1946 QinCtilianum
2238 1900 2323 1935 stolo

1303 1969 1366 2008 pro
1391 1955 1468 1993 Silo.
1526 1951 1664 1991 Deinde
1682 1952 1830 1987 trastum
1846 1963 1978 1986 nomen
2006 1949 2073 1986 hoc
2101 1948 2146 1986 ab
2165 1962 2209 1985 eo
2227 1950 2321 1999 qnod

1302 2008 1349 2044 est
1369 2006 1480 2049 stilus,
1504 2017 1570 2055 qua
1590 2000 1839 2053 significatione
1857 2001 1982 2036 Cicero
1998 1998 2111 2036 stilum
2131 1997 2299 2035 artificem
2311 2029 2321 2042 ,

1302 2056 1508 2095 effectorem
1530 2084 1542 2097 ,
1590 2050 1795 2101 magistrum
1836 2049 1970 2086 dicendi
2011 2050 2187 2099 optimum
2219 2048 2324 2087 dixit:

1302 2106 1398 2158 quod
1424 2106 1598 2143 orationes
1629 2100 1844 2139 nobiliffimo
1874 2102 1993 2150 cuique
2020 2100 2166 2136 scribere
2197 2098 2320 2135 soleret

1304 2158 1428 2196 Lucius
1447 2156 1551 2193 AElius
1573 2182 1584 2197 ,
1609 2166 1644 2191 ut
1666 2153 1711 2189 ait
1729 2151 1910 2188 Suetonius
1933 2165 1944 2187 :
1985 2149 2040 2188 vel
2066 2160 2100 2186 ut
2126 2150 2251 2185 Cicero
2279 2149 2323 2185 de

1304 2207 1414 2245 Claris
1430 2205 1634 2242 Oratoribus
1646 2232 1657 2246 ‚
1676 2201 1769 2251 quod
1790 2201 1947 2237 scriberet
1966 2201 2159 2242 orationes,
2175 2210 2257 2248 quas
2270 2199 2324 2235 alii

1304 2259 1457 2296 dicerent
1475 2270 1487 2293 ι
1529 2266 1565 2292 ut
1590 2254 1722 2302 Quinto
1750 2250 1890 2289 Metello
1912 2278 1925 2293 ,
1971 2251 2106 2298 Qiinto
2143 2250 2327 2297 Caspioni,

1306 2309 1441 2358 Qiinto
1458 2306 1633 2355 Pompeio
1652 2301 1734 2340 Ruf.
1772 2302 1846 2337 Viri
1863 2313 1948 2350 ergo
1969 2301 2118 2350 egregii,
2146 2302 2182 2335 δ(
2203 2300 2322 2348 equitis

1309 2358 1466 2397 Romani
1484 2367 1578 2406 patre
1598 2364 1757 2405 praecone
1774 2351 1895 2401 geniti,
1921 2349 2142 2399 ejusdemque
2162 2351 2322 2391 oratoris,

1312 2413 1349 2446 ὃ(
1369 2407 1617 2459 grammatici,
1652 2403 1777 2439 Graccis
1796 2400 1992 2449 Latinisque
2012 2401 2126 2436 litteris
2152 2398 2326 2435 erudituli·

1314 2460 1384 2501 mi,
1415 2470 1522 2507 quem
1542 2457 1678 2491 Marcus
1695 2452 1749 2488 ille
1775 2451 1957 2486 Terentius
1981 2453 2094 2486 Varro
2121 2448 2327 2497 magistrum

1316 2509 1452 2549 habuit,
1481 2508 1674 2545 Cicerone,
1701 2500 1812 2538 Gellio
1833 2528 1845 2542 ,
1879 2503 1916 2535 ὃ(
1942 2497 2075 2535 Carisio
2103 2497 2328 2541 austoribus,⁵

1315 2562 1350 2594 ὅ(
1372 2558 1466 2593 idem
1485 2556 1610 2591 Cicero
1629 2551 1824 2588 adolescens
1843 2548 1987 2591 audivit,
2017 2560 2163 2598 quatuor
2180 2549 2329 2583 nomina

1317 2608 1436 2649 sunto,
1456 2607 1578 2640 Lucius
1601 2602 1712 2639 AElius
1735 2598 1942 2636 Praeconinus
1965 2599 2061 2635 Scito.
2112 2598 2183 2646 Qii
2207 2609 2326 2633 antem

1315 2656 1403 2706 apud
1415 2652 1585 2691 Cari-fium
1601 2652 1643 2689 de
1666 2651 1820 2701 genitivo
1832 2658 2063 2696 poematorum
2084 2648 2202 2683 citatur
2217 2649 2335 2695 Qun-

1316 2710 1387 2743 &us
1408 2703 1530 2742 Laelius
1548 2701 1794 2753 grammaticus
1816 2727 1832 2743 ,
1864 2699 1916 2734 hic
1935 2700 2007 2748 quis
2022 2696 2059 2734 fit
2072 2726 2082 2742 ‚
2110 2710 2182 2734 non
2214 2697 2336 2735 habeo

1317 2765 1552 2807 coulpel'tum.

1633 2828 1664 2862 C
1694 2837 1714 2861 Α
1745 2837 1759 2859 s
1789 2835 1810 2859 A
1839 2835 1862 2859 υ
1895 2833 1914 2859 Β
1942 2834 1964 2857 o
1994 2832 2037 2857 Ν,

1372 2884 1595 2932 medimna]
1626 2881 1825 2933 Scripssmus
1844 2910 1855 2925 ,
1885 2880 1986 2929 legisse
1998 2878 2226 2928 sopradicant
2252 2892 2337 2915 cum¹

789 2948 825 2982 ὃ(
845 2942 935 2993 apud
958 2940 1097 2977 Aulum
1118 2939 1267 2975 Gellium
1321 2952 1405 2976 mss.
1433 2942 1469 2975 Ex*
1498 2935 1640 2973 Mediol.
1672 2933 1791 2969 codice
1809 2961 1827 2975 ‚
1866 2944 1938 2967 non
1965 2929 2065 2978 legislie
2086 2929 2331 2976 praedicantur:

1321 2989 1413 3040 quod
1442 3001 1485 3023 ex
1514 2987 1719 3030 conicetura
1744 2982 1838 3020 docti
1869 2979 2106 3019 substituer-ant
2126 2993 2141 3017 2
2171 2978 2341 3015 sententia,

1754 3086 1788 3123 T
1804 3096 1814 3121 t
1828 3094 1861 3120 ιιι
1897 3096 1914 3128 3·
2161 3078 2190 3114 A
2209 3088 2229 3113 c
2247 3089 2294 3114 nr
2306 3088 2349 3113 x.-

1832 3199 1850 3215 Ψ
