2504 3425
512 103 1915 161 Sexv.SuL1³1C1usGA1„BA.
2150 122 2255 178 577

170 199 377 245 canticum
399 198 551 244 exorsis
563 234 577 256 ,
609 202 728 246 Venit
761 204 798 245 io
832 204 962 247 Simus
992 219 1019 246 a
1050 202 1153 246 villa
1180 215 1195 244 .·
1233 200 1374 245 cuneti
1409 199 1525 246 simul
1560 197 1803 262 spectatores
1837 197 2121 245 consentiente
2158 217 2263 246 voce

94 278 152 326 14
170 263 369 324 reliquam
396 276 553 324 partem
580 265 830 320 retulerunt,
863 283 909 312 ac
944 265 1088 327 saepius
1117 261 1236 309 versu
1270 264 1446 325 repetito
1479 277 1669 326 egerunt.
1737 262 1900 320 Majore
1921 263 2027 308 adeo
2052 267 2094 307 δέ
2116 260 2274 307 favore*

168 329 213 370 ec
233 323 470 371 auctoritate
493 325 661 389 adeptus
673 325 755 384 est,
789 345 916 392 quam
941 327 1085 392 gessit,
1117 329 1370 390 Imperium:
1404 343 1658 389 quamquam
1677 325 1805 370 multa
1824 325 2074 371 documenta
2099 328 2262 387 egregii

165 389 371 449 Principis
391 389 505 436 daret
523 407 537 436 ε
566 389 636 438 sed
660 408 924 456 nequaquam
945 406 1030 437 tam
1048 404 1159 455 grata
1183 404 1295 436 erant
1310 407 1433 453 quam
1455 390 1606 446 invisa,
1641 406 1732 452 quae
1752 390 1865 434 secus
1887 388 2047 436 fierent.
2113 391 2261 449 Rege-

166 451 286 498 batur
304 454 434 498 trium
459 454 630 501 arbitrio
647 491 661 512 ,
705 472 812 518 quos
839 473 920 502 una
945 460 989 501 &
1013 458 1119 501 intra
1142 455 1342 500 Palatium
1364 453 1592 499 habitantes
1615 488 1627 509 ‚
1673 468 1751 498 nec
1776 469 1977 515 umquam
2009 469 2098 498 non
2124 452 2263 498 adhaeae·

162 521 298 561 rentes
320 551 334 573 ,
375 516 623 582 paedagogos
653 520 785 581 vulgo
817 519 1035 566 vocabant.
1101 519 1169 564 Hi
1203 531 1315 562 erant
1349 519 1408 562 T.
1444 519 1600 562 Vinius
1629 517 1786 579 legatus
1819 521 1905 574 ejus
1951 518 1996 563 in
2028 517 2257 578 Hispania,

162 579 396 639 cupiditatis
427 582 637 630 immensae
659 602 670 629 ε
707 584 935 629 Cornelius
955 587 1094 638 Laco,
1129 598 1180 626 ex
1200 579 1379 625 affessbre
1400 579 1614 640 praefetstiis
1634 582 1810 641 praetorii
1825 614 1838 635 ‚
1868 581 2096 643 arrogantia
2117 580 2257 625 locor-

162 641 314 706 diaque
335 645 635 694 intolerabilis:
669 645 840 692 libertus
870 647 1026 702 Icelus,
1062 645 1201 707 paullo
1231 658 1325 688 ante
1359 645 1491 688 anulis
1521 646 1653 688 aureis
1685 648 1729 690 &
1764 645 1962 690 Martiani
1992 645 2255 706 cognomine

164 721 363 766 ornatus,
397 725 443 756 ac
462 713 546 771 jam
569 710 721 756 summi
745 707 945 773 equestris
966 709 1115 771 gradus
1137 706 1388 754 candidatus.
1455 709 1539 751 His
1561 706 1725 754 diverso
1749 710 1948 756 vitiorum
1970 725 2122 772 genere
2145 705 2260 770 gras-

483 849 858 883 Tonnsnr.

216 926 316 961 Venit
333 925 363 961 io
385 926 495 961 Simus
510 935 534 959 a
553 922 658 961 villu.
675 922 693 970 ]
743 921 840 959 Libri
858 933 984 958 omnes
999 919 1094 959 foede
1110 935 1188 959 cor-

163 974 263 1021 rupti.
317 976 435 1023 Qare
465 976 504 1009 ὃ(
532 986 602 1022 ego
627 972 835 1010 Turnebum
864 970 987 1022 sequor
1006 972 1184 1011 Adversar.

159 1032 194 1058 v.
212 1035 288 1073 cap.
306 1039 317 1061 1
330 1039 358 1062 1.
377 1022 458 1060 illud
474 1023 569 1060 enim
589 1035 612 1059 a
629 1022 740 1065 villa,
765 1021 886 1059 Galbae
902 1023 1039 1073 optime
1055 1035 1185 1060 conve-

158 1070 230 1115 nit,
252 1073 348 1123 quod
372 1075 432 1120 (ut
449 1084 530 1110 ante
553 1073 685 1110 distum
703 1071 776 1119 est)
797 1072 984 1122 plurimum
1002 1074 1038 1109 in
1060 1072 1183 1112 secessu

156 1121 297 1160 vixerat.
353 1123 457 1161 Plebs
485 1136 571 1162 vero
601 1137 674 1162 non
695 1123 803 1162 verba
821 1122 934 1161 solum
954 1122 1156 1162 histrionum
1170 1154 1182 1168 ,

155 1169 215 1207 sed
233 1176 272 1210 δε
285 1186 402 1213 motus
422 1174 642 1218 imitabatur,
669 1173 764 1224 quod
781 1185 876 1222 agere
901 1184 1006 1212 vocat
1024 1173 1078 1210 hic
1097 1178 1181 1211 Sue-

155 1231 229 1260 ton.
289 1225 383 1263 Vide
403 1225 566 1262 Tacitum
580 1223 638 1263 lib.
651 1238 734 1264 xvi.
765 1223 824 1261 ubi
837 1226 1023 1263 Neronem
1040 1226 1075 1261 in
1087 1225 1181 1262 thea-

157 1282 250 1309 trum
273 1275 441 1325 producit.

214 1337 267 1368 ¹4-
299 1327 381 1372 Qae
399 1327 495 1373 ficus
514 1323 674 1374 fierent]
723 1325 843 1363 Difflo
861 1326 956 1373 secus
979 1326 1018 1362 in
1043 1324 1179 1363 duobus

155 1371 240 1420 libb.
264 1373 481 1414 desideratur.
539 1378 640 1413 Forte
654 1375 815 1425 scriptum
825 1387 898 1413 erat
907 1376 1065 1426 fiequius,
1085 1377 1179 1426 quod

158 1421 214 1459 alii
234 1437 412 1463 mutarunt
427 1454 438 1468 ,
468 1424 530 1462 alii·
543 1428 649 1463 etiam
663 1426 864 1464 omiserunt.
1118 1470 1121 1471 ⁷

217 1478 253 1510 T.
265 1474 437 1523 Junius.]
472 1479 622 1513 Nomen
638 1477 727 1520 hoc,
755 1478 860 1514 etiam
879 1477 913 1513 in
928 1477 1042 1514 Taciti
1061 1490 1180 1515 exem-

159 1521 308 1572 plaribus
326 1538 546 1577 corruptum,
577 1529 708 1577 primus
735 1540 776 1563 ex
796 1527 905 1564 veteri
923 1538 1102 1564 marmore
1126 1541 1178 1565 re-

159 1572 261 1610 stituit
286 1575 453 1615 Onufi·ius
479 1579 662 1616 Panvinius
688 1576 789 1614 Fastis
818 1577 862 1614 A.
885 1579 931 1614 V.
964 1588 1177 1615 Dcccxxxi.

158 1625 203 1663 T.
218 1625 362 1663 Vinium
378 1639 542 1666 vocatum
560 1626 656 1665 fuiffe
673 1626 868 1665 ostendens.
926 1627 1034 1674 Qod
1046 1640 1181 1665 nomen

156 1672 326 1713 Plutarch.
350 1678 525 1729 integrum
543 1677 662 1716 servat.
722 1676 821 1713 Adde
845 1674 940 1726 quod
974 1679 1089 1716 Taciti
1123 1691 1183 1729 pa—

159 1734 250 1761 trem
274 1726 305 1761 ei
324 1738 366 1762 ex
386 1725 514 1765 familia
533 1729 697 1765 Praetoria
721 1725 817 1763 fuiffe
844 1727 970 1764 scribit.
1024 1729 1070 1765 At
1094 1741 1182 1778 gens

157 1774 259 1818 Junia
277 1787 404 1813 omnes
426 1778 577 1814 honores
595 1778 719 1828 adepta
743 1776 802 1815 est.
832 1780 877 1813 T.
900 1777 1045 1815 Vinium
1070 1791 1178 1828 quen-

156 1822 242 1860 dam
268 1822 328 1860 sub
356 1828 562 1867 Triumviris
591 1827 763 1865 servatum
791 1827 907 1863 uxoris
940 1840 1047 1877 opera
1073 1828 1176 1866 refert

156 1874 256 1911 Dion
274 1873 476 1916 lib.x1.vxx.
508 1877 622 1915 Exstat
635 1881 673 1914 &
698 1877 835 1914 Horatii
855 1876 900 1912 ad
922 1878 1065 1915 Vinium
1084 1878 1178 1915 Asel-

154 1921 229 1962 lam
264 1925 417 1974 epistola.
482 1929 589 1975 Cujus
622 1928 778 1966 nominis
817 1928 1029 1965 memoriam
1069 1929 1174 1966 etia-m

152 1977 293 2012 nummi
311 1975 455 2017 servant.

211 2030 266 2062 Ex
280 2025 512 2078 affi’fforepraefi
529 2026 646 2077 prat]
680 2026 854 2076 Affeslbres
877 2027 976 2072 sunt,
992 2029 1050 2079 qui
1069 2041 1174 2067 ama-

153 2073 343 2125 gistratibus
370 2078 630 2131 praesidibusque
663 2079 699 2115 in
734 2077 915 2115 confilium
941 2078 1176 2125 adhibentur,

153 2125 200 2163 ab
225 2140 270 2164 eo
292 2128 371 2167 disti
391 2159 407 2175 ,
477 2131 546 2168 uod
565 2132 600 2167 in
620 2131 691 2174 iure
717 2128 898 2166 reddundo
917 2129 964 2166 eis
980 2128 1170 2168 affiderent.

154 2174 181 2212 l.
205 2189 234 2214 1.
252 2182 289 2216 &
310 2179 331 2217 l.
352 2182 410 2218 ult.
436 2180 480 2217 de
497 2180 611 2218 offic.
644 2176 758 2217 Affeff.
794 2182 912 2228 Qare
932 2180 1037 2216 etiam
1059 2180 1174 2218 confi-

154 2224 239 2263 liarii
259 2230 480 2279 appellantur.
536 2231 707 2279 Affeffiaera
735 2243 874 2279 quoque.
911 2229 1061 2279 ipsorum
1095 2230 1172 2268 fim-

156 2277 237 2313 ἑὶίο.
272 2278 293 2316 l.
321 2282 446 2330 penult.
494 2284 551 2318 De
578 2291 755 2333 proxenet.
812 2283 897 2329 Qo
923 2280 1052 2330 speetat
1073 2283 1168 2331 quod

156 2325 200 2363 de
229 2330 373 2367 Tiberio
399 2330 501 2368 refert
523 2335 663 2369 Sueton.
691 2342 764 2381 cap.
792 2344 947 2367 xxxiii..
987 2345 1068 2368 eum
1101 2332 1169 2369 sese

156 2378 410 2427 magistratibus
447 2394 512 2429 pro
544 2381 701 2418 tribunali
729 2380 1015 2430 cognoscentibus
1054 2381 1169 2432 saepius

155 2427 311 2467 obtulille
332 2430 587 2474 consiliarium,
607 2443 708 2480 atque
725 2428 883 2468 affediss'e.
942 2434 1050 2468 Porro
1063 2446 1098 2469 ut
1117 2434 1170 2469 hic

156 2480 254 2516 Laco
273 2493 315 2518 ex.
337 2479 502 2518 Ass'elsore
519 2479 702 2517 Praefectus
721 2481 874 2517 Praetorii
891 2479 1000 2517 fastus
1015 2481 1084 2526 est,
1123 2481 1171 2519 fic

156 2529 291 2567 Paullus
310 2545 447 2580 quoque
466 2550 487 2574 ,-
507 2535 545 2568 ὅ(
567 2530 731 2581 Ulpianus
745 2559 757 2573 ,
783 2543 864 2566 cum
883 2542 961 2566 ante
980 2533 1169 2581 Papiniano

154 2579 193 2615 in
224 2580 367 2618 confilio
391 2580 533 2619 fuissent.
591 2582 722 2617 Audi-or
752 2580 822 2618 vita
857 2580 1032 2617 Pescennii
1068 2583 1169 2630 Nigri

157 2632 329 2680 Spartian.
364 2635 465 2681 Quos
497 2643 616 2668 autem
640 2627 825 2667 Praefectos
851 2631 1002 2667 Praetorii
1029 2626 1139 2668 Latini
1155 2661 1167 2675 ,

156 2683 266 2718 Graeci
283 2682 357 2719 fere
375 2685 431 2723 τῆς
451 2684 559 2722 ἁυλῆς
575 2709 592 2725 ‚.
615 2681 674 2717 καὶ
697 2678 959 2728 τῶν-δσρυφόρων
976 2709 994 2723 ‚.
1018 2682 1078 2717 καὶ
1104 2683 1167 2718 τῶν

155 2732 374 2779 epotum-{dm
395 2733 554 2777 ἔποέρχες
571 2742 726 2774 vocant,
748 2742 784 2766 ut
802 2731 893 2766 hunc
910 2733 1110 2774 Laconem,
1130 2735 1166 2770 &

158 2784 413 2836 Nymphidium
430 2781 598 2820 Plutarch.
628 2784 773 2818 Burrum
796 2793 932 2830 quoque
954 2780 1012 2817 sub
1024 2784 1169 2820 Nerone

156 2836 273 2880 Dion,
302 2838 341 2872 ὃς
359 2838 552 2871 Perennem
572 2831 632 2869 sub
650 2830 860 2869 Commodo
877 2831 1068 2870 Herodian.

210 2883 464 2936 socordiaque]
498 2884 601 2922 Liber
621 2894 682 2932 opt
708 2881 952 2930 socordiaque,
975 2893 1009 2919 ut
1025 2881 1168 2934 semper.

211 2936 281 2973 Lib.
312 2937 455 2981 inira]
511 2934 614 2972 Varie
639 2933 737 2979 huju<
767 2931 876 2968 liberti
902 2945 1034 2968 nomen
1061 2933 1171 2971 scribi-

151 2994 218 3022 ·tur.
274 2990 348 3041 Ego
377 2987 509 3024 Icelum
542 2987 622 3034 (aut
649 2982 837 3028 Hicelum)
869 2983 1083 3020 Marcianum
1108 2998 1170 3021 vo-

152 3045 271 3074 catum
298 3035 390 3074 tuille
428 3035 545 3074 credo.
614 3037 720 3080 Cuius
757 3034 999 3073 diminutivum
1034 3035 1166 3074 kaelius.

2072 770 2259 816 santibus

1241 840 1402 876 Meminit
1416 838 1571 885 ejusdem
1586 841 1678 877 Nere
1694 851 1770 889 cap.
1781 853 1822 879 xl.
1832 856 1886 882 xx.v

1296 893 1434 925 Summa
1454 889 1607 938 equestris
1621 891 1751 937 gradus
1767 894 2009 940 candidatus]
2040 893 2255 931 PlacetPetri

1242 938 1340 975 Fabri
1359 940 1449 984 JCti.
1475 940 1730 990 interpretatio,
1750 952 1787 977 ut
1804 954 1876 978 non
1893 942 1937 979 de
1958 943 2063 980 censu
2081 945 2225 992 equestri
2240 973 2249 987 ,

1240 987 1298 1026 sed
1327 989 1370 1026 de
1410 988 1609 1041 praefetstura
1634 991 1782 1041 praetorii
1822 991 1918 1029 locus
1949 992 2004 1029 hic
2038 993 2250 1042 intelligatur.

1240 1038 1396 1077 Praefeeti
1417 1041 1513 1078 enim
1534 1041 1694 1090 praetorio
1720 1040 1764 1078 ab
1794 1041 1933 1093 Augusti
1961 1040 2064 1092 usque
2092 1046 2255 1093 tempori-

1241 1089 1302 1126 bus
1321 1104 1362 1127 ex
1381 1090 1524 1140 equestri
1542 1101 1676 1127 tantum
1693 1091 1813 1128 ordine
1828 1091 2060 1130 sumebantur.
2118 1097 2158 1130 In
2185 1106 2255 1141 quo

1238 1139 1439 1190 praefeEttna
1457 1142 1605 1191 praetorii
1624 1141 1778 1178 summus
1805 1154 1878 1180 erat
1906 1143 2082 1180 honorum
2108 1143 2232 1194 gradus
2244 1170 2260 1185 ‚.

1237 1190 1376 1277 *supa
1404 1191 1529 1228 Claud..
1546 1203 1619 1241 cap.
1638 1205 1719 1228 xxi.
1745 1191 1804 1229 inf.
1836 1193 1909 1230 Tit.
1932 1205 2007 1244 cap.
2032 1207 2090 1232 vi.
2145 1193 2256 1230 Icelus

1275 1254 1322 1290 ζ,ο
1338 1270 1352 1285 ,
1390 1242 1463 1288 jam
1482 1252 1563 1277 ante
1582 1241 1729 1278 donatus
1742 1241 1849 1280 anulis
1866 1244 1975 1280 aureis
1994 1271 2007 1286 ,
2055 1243 2128 1293 plus
2146 1256 2257 1293 quam

1236 1303 1375 1328 centum
1409 1293 1471 1340 (ut
1492 1291 1600 1341 puto)
1639 1293 1769 1342 equites
1785 1292 1956 1343 possidens
1974 1322 1987 1337 ,
2023 1306 2096 1331 non
2115 1294 2256 1331 censum

1235 1341 1453 1397 equestrem,
1479 1341 1536 1379 sed
1551 1341 1795 1392 praefecturam
1815 1343 2008 1381 ambiebat.

1549 1446 1941 1482 Casaunou.

1294 1534 1350 1564 13..
1374 1522 1562 1558 Canticum
1584 1519 1727 1570 exorsis,
1748 1521 1846 1558 Venit
1872 1524 1903 1557 io
1929 1520 2040 1556 Simus
2066 1532 2088 1555 a
2115 1518 2247 1566 wilaf]

1234 1569 1388 1621 Plerique
1407 1571 1482 1608 libri
1502 1573 1606 1607 etiam
1625 1575 1775 1609 Memm.
1806 1574 1844 1608 ὃ(
1863 1570 1998 1609 Viterb.
2023 1568 2164 1617 exorsus.
2196 1568 2254 1606 sed

1237 1620 1369 1657 videtur
1383 1623 1473 1671 prius
1491 1619 1584 1658 fuisse
1602 1621 1760 1672 scriptum
1771 1649 1789 1665 ,.
1812 1625 1861 1660 St.
1871 1621 1969 1657 venit
1987 1619 2151 1656 io15imus.>
2176 1621 2256 1654 No-

1237 1681 1312 1708 tum
1337 1671 1385 1708 est
1414 1676 1463 1710 St.
1500 1669 1565 1708 esse
1592 1672 1627 1707 in
1654 1671 1841 1709 comoediis
1866 1668 2037 1707 indicendi
2065 1668 2183 1705 silentii
2211 1668 2251 1706 fi-

1235 1734 1367 1770 gnum,
1386 1721 1455 1758 tale
1474 1721 1554 1759 illud
1576 1722 1667 1771 apud
1692 1724 1903 1759 Ciceronem
1921 1721 1963 1758 de
1982 1720 2072 1764 Julio
2091 1719 2251 1763 Caeffire,

1235 1776 1283 1808 St.
1307 1784 1449 1808 manum
1468 1773 1509 1808 de
1526 1772 1667 1807 tabula.-
1691 1771 1846 1821 magzster
1864 1771 1965 1818 adest.
2023 1769 2116 1807 Male
2134 1780 2252 1807 autem

1235 1822 1269 1858 in
1289 1822 1432 1870 vulgatis
1450 1822 1623 1860 codicibus
1631 1821 1739 1871 fimus
1758 1821 1806 1858 est
1824 1821 1985 1870 scriptum
2008 1834 2018 1856 ι
2055 1831 2137 1855 narn
2158 1822 2251 1856 recta

1233 1872 1397 1921 scriptura
1417 1871 1463 1908 est
1480 1874 1602 1909 simus.
1633 1872 1667 1909 id
1686 1885 1819 1908 nomen
1840 1871 1887 1908 est
1907 1869 2063 1921 personae
2083 1871 2227 1906 comicae
2241 1898 2259 1914 ‚„

1234 1936 1253 1958 e
1279 1936 1314 1958 re
1333 1921 1379 1959 sic
1398 1923 1571 1973 appellata:
1585 1937 1598 1959 z
1623 1923 1667 1959 ita
1684 1923 1778 1958 enim
1797 1920 1978 1970 fingebant
1996 1918 2176 1968 personam
2189 1920 2252 1955 lio-

1234 1974 1336 2009 minis
1371 1974 1481 2010 rustici
1517 1976 1555 2009 &
1579 1973 1710 2023 triparci
1728 2000 1739 2014 ‚
1774 1971 1915 2021 qualem
1935 1969 2079 2021 populus
2096 1969 2247 2006 Galbam

1234 2023 1459 2061 existimabat.
1517 2022 1656 2060 Pollux:
1687 2023 1747 2068 Τῷ
1770 2021 1925 2069 ἀγροίκῳ
1943 2048 1960 2064 ‚-
1983 2021 2017 2058 τὶ
2036 2020 2094 2064 μὲν
2115 2022 2248 2068 χρῶμα

1232 2071 1442 2119 μελαίνεται.
1463 2071 1507 2109 τοὶ
1522 2070 1560 2109 δὲ
1580 2072 1686 2118 χείλη
1705 2070 1849 2108 πλατέα
1867 2072 1928 2107 καὶ
1949 2071 1968 2112 n*
1990 2070 2040 2118 ῥὶς
2059 2070 2141 2113 oum}
2154 2099 2166 2113 ,
2188 2075 2245 2106 xxi

1231 2125 1357 2169 ςεφάνη
1373 2124 1509 2172 τριχῶν.
1567 2125 1677 2159 Porro
1696 2123 1731 2159 in
1747 2122 1910 2160 omnibus
1926 2134 2006 2158 mss.
2023 2119 2118 2157 locus
2128 2120 2180 2157 hic
2191 2122 2251 2157 de-

1230 2186 1371 2226 pravate
1390 2186 1544 2211 exaratus
1564 2174 1746 2223 reperitur..
1767 2173 1838 2209 fere
1859 2174 1955 2208 enim
1971 2171 2118 2208 scribunt
2133 2198 2144 2213 ,
2189 2183 2248 2206 ve-

1231 2227 1356 2262 nitione
1370 2223 1480 2273 fimus
1489 2253 1504 2268 ,.
1521 2236 1620 2274 atque
1638 2225 1683 2260 ita
1702 2225 1796 2260 enim
1816 2226 1964 2259 Memm.
1992 2219 2093 2269 pollis
2112 2219 2252 2273 facere,⁴

1232 2274 1529 2325 venit-Onefimus.
1564 2286 1599 2310 at
1615 2276 1649 2310 in
1670 2273 1804 2311 Viterb.
1843 2285 1907 2322 pro
1924 2269 1972 2308 ηὲ
1983 2270 2031 2307 est
2048 2276 2081 2307 ᾗ.
2109 2270 2244 2306 toi-mlle

1228 2325 1416 2376 legendum
1435 2325 1536 2372 noster
1555 2327 1675 2360 Simus.

1284 2376 1462 2425 Reliquam
1482 2384 1617 2423 partem
1635 2371 1862 2420 retulerunt..]
1895 2370 2089 2409 Aristoteles
2101 2371 2134 2406 in
2145 2368 2250 2406 simili*

1227 2427 1392 2465 sententia
1409 2427 1510 2463 tertio
1528 2426 1796 2463 Rhetoricornm
1814 2451 1833 2466 ‚.
1862 2421 2110 2472 προλωμέοὶνευ
2133 2422 2247 2471 aptius

1228 2479 1323 2515 dixit⁷

1288 2541 1339 2572 ¹4·
1359 2527 1422 2562 Sed
1444 2539 1661 2575 nequaquam
1678 2536 1750 2561 tam
1763 2521 2012 2572 gramacula]
2030 2518 2241 2558 Ufiratius&

1231 2577 1359 2629 planius
1371 2605 1388 2620 ‚.
1412 2587 1487 2612 tam
1501 2587 1606 2624 grata
1624 2590 1665 2613 ea
1682 2585 1791 2610 erant.

1287 2634 1343 2663 Ac
1351 2628 1427 2675 jam
1438 2626 1570 2673 summi
1586 2626 1738 2676 equestris
1758 2624 1885 2672 gradus
1904 2620 2147 2666 candidatae]
2187 2623 2245 2657 I-rat

1231 2676 1398 2714 edidimus
1415 2689 1457 2712 ex.
1476 2675 1603 2713 codicis·
1622 2671 1845 2713 Viterbienfis
1874 2672 1960 2710 fide„
2000 2684 2111 2722 neque
2142 2670 2246 2708 dubi-r

1228 2726 1373 2765 tandum
1391 2727 1525 2764 videtur
1544 2754 1554 2769 ,
1594 2727 1675 2777 quin
1694 2725 1764 2762 haec
1784 2722 1823 2759 sit
1840 2735 1921 2761 ver-a
1950 2723 2054 2759 lestio
2071 2751 2084 2764 ,
2113 2734 2185 2757 non
2204 2735 2247 2760 ur.

1230 2777 1448 2821 habemani,
1476 2776 1602 2820 credo,
1629 2788 1779 2817 omnes,-
1795 2774 1927 2820 fummae
1943 2772 2096 2821 equestris
2110 2773 2241 2820 gradus

1224 2830 1328 2867 caud..
1385 2831 1471 2864 Non
1487 2827 1533 2863 est
1550 2838 1669 2863 autem
1695 2826 1840 2862 dubium
1866 2821 1960 2860 fuisse
1987 2823 2049 2859 illis
2074 2824 2245 2871 πωροι-ἐι

1224 2880 1286 2917 bus
1294 2878 1470 2917 summum
1490 2877 1687 2927 equestrem
1698 2875 1844 2927 gradum
1855 2902 1866 2918 ,
1879 2872 1948 2911 five
1957 2872 2246 2922 fastigium-eque·-

1226 2931 1298 2967 stris
1327 2928 1455 2965 ordinis
1476 2926 1717 2978 praefeimram
1749 2925 1896 2976 proetorii
1916 2938 1931 2960 :-
1964 2934 2092 2973 negant
2122 2934 2248 2958 tumen

1226 2981 1286 3018 viri
1311 2979 1405 3015 docti
1430 2979 1472 3014 de
1500 2977 1702 3027 praefefflira
1721 2977 1774 3012 illa
1794 2972 1926 3012 scniiile
1946 2972 2247 3015 Sueronium„sed.

1226 3031 1269 3069 de
1289 3031 1529 3082 procuratione
1551 3030 1687 3079 potius,
1716 3039 1791 3077 quse
1818 3029 1855 3064 Sc
1872 3024 1941 3076 ipsa
1967 3023 2124 3074 equestris
2153 3024 2250 3078 onii„v

2198 3082 2252 3107 ⁹.le
