2504 3425
2097 202 2201 261 775

401 316 887 394 JOA‘NNIS
951 317 1423 375 GEORGII
1488 317 1918 378 GRAEVII
2102 300 2104 302 ’

683 464 1260 537 ΝΟΤ-υέ
1439 462 1629 523 IN

108 575 2190 701 SUETONIICAESAREM.

284 806 405 852 Julius
436 804 583 852 Caesam]
632 807 740 844 Miror
767 803 940 855 quosdam
980 802 1129 840 eruditos
1178 801 1259 837 Hoc
1280 799 1327 837 est
1343 829 1356 844 ,
1385 801 1492 838 aetatis
1510 813 1602 839 anno
1629 816 1681 850 ¹7.
1729 803 1794 840 Sed
1813 806 2013 844 Suetonium
2034 806 2088 844 hic
2107 808 2140 845 in
2159 808 2198 845 li-

284 855 462 893 affirmare
489 857 635 892 Plinium
664 861 700 893 ὃ(
725 856 880 892 Solinum
908 867 972 890 nos
999 853 1125 889 docere
1179 851 1275 886 mine
1303 851 1374 900 ipso
1401 851 1576 901 impegisse
1599 882 1610 896 ,
1647 855 1803 901 nuperius
1825 858 1870 891 V.
1891 856 1946 891 (ΣΙ.
1974 857 2132 895 Nol-isius
2160 860 2195 897 in

108 803 483 958 COScipionem
520 905 720 942 Africanum
751 906 902 954 primum
938 906 1123 940 Romano-
1175 899 1380 938 doetiffimis
1400 901 1737 939 differtationibusad
1759 906 1976 952 Cenotaphia
2002 908 2120 945 Pisina
2150 912 2192 948 L.

289 971 367 994 rum
386 956 560 993 Caefiuem
576 956 705 992 dictum
723 953 800 992 efle.
844 952 909 990 Sed
930 953 1005 989 illos
1023 965 1042 988 a
1061 956 1122 990 So·
1173 954 1210 987 δε
1231 954 1273 988 C.
1295 951 1471 987 Caesarum
1489 951 1603 989 multis
1629 952 1781 1002 disputat.
1838 956 1937 990 Nam
1962 958 2134 995 Caesarem
2150 961 2196 996 ait

97 1004 168 1043 lino
187 1007 351 1058 deceptos
380 1006 445 1044 esse
473 1005 629 1042 Solinum
656 1019 737 1042 cum
766 1005 877 1041 Plinio
904 1005 1121 1053 comparanti
1160 1013 1293 1045 ,natum
1311 999 1376 1038 este
1396 1014 1490 1038 anno
1516 1003 1620 1040 Urbis
1638 1011 1720 1048 653·
1753 1016 1885 1039 annum
1912 1002 2013 1052 egiffe
2040 1015 2091 1044 16.
2114 1021 2195 1045 cum

95 1056 245 1106 liquebit.
306 1062 418 1094 Locus
435 1056 532 1092 Plinii
556 1054 661 1092 exstat
677 1055 734 1093 lib.
748 1069 780 1102 7.
801 1067 875 1105 cap.
891 1070 922 1098 9.
956 1053 1122 1102 Auspica-
1178 1063 1275 1101 pater
1293 1055 1367 1099 ejus
1384 1064 1577 1090 moreretur
1613 1054 1654 1091 A.
1666 1056 1714 1091 V.
1740 1060 1822 1097 669.
1843 1053 2034 1092 Flaminem
2054 1057 2196 1096 Dialem

96 1107 164 1142 tius
183 1110 299 1144 eneela
313 1116 452 1156 parente
465 1116 672 1155 gtgnuntur:
692 1106 782 1155 ficut
800 1107 902 1154 Scipio
924 1104 1118 1150 Africanus
1170 1102 1376 1140 destinatum
1400 1116 1493 1140 anno
1510 1103 1691 1153 sequente,
1722 1107 1778 1153 qui
1787 1103 1939 1141 fueritA.
1959 1108 2096 1152 U.670.
2129 1108 2195 1146 Sed

84 1159 178 1204 prior
200 1169 322 1201 natus,
349 1157 542 1206 primusque
563 1156 727 1202 Caefioerum
746 1170 768 1193 a
790 1157 860 1204 caso
879 1155 1004 1192 matris
1023 1164 1116 1191 utero

33 1244 35 1248 ,
89 1207 217 1244 distas:
249 1221 319 1258 qua
335 1208 375 1244 de
392 1207 490 1255 causa
505 1206 557 1250 Εἴ
575 1207 716 1255 Caesones
736 1207 901 1255 appellati.
959 1204 1115 1244 Solinus:

89 1257 234 1307 Rursum
259 1260 384 1295 necatis
414 1257 582 1294 matribus
602 1267 703 1293 natus
721 1257 762 1305 est
777 1256 978 1306 auspicatior
993 1284 1006 1299 ,
1024 1255 1112 1304 ficut

92 1309 195 1354 Scipio
215 1310 405 1356 Africanus
420 1310 512 1357 prior
534 1337 545 1352 ,
575 1308 633 1356 qui
651 1308 813 1354 defuncia
830 1316 970 1356 parente
984 1335 997 1350 ,
1024 1308 1113 1355 quod

90 1359 214 1406 excifias
226 1370 319 1396 utero
331 1362 367 1396 in
377 1359 466 1394 diem
486 1368 630 1395 venerat
640 1386 652 1401 ‚
669 1360 798 1406 primus
810 1363 1034 1394 Romanorum
1044 1361 1112 1392 Ca-

82 1409 143 1455 ]an
166 1409 276 1446 diffsus
293 1410 345 1457 est.
405 1411 506 1458 Atqui
532 1422 604 1446 non
633 1409 700 1444 hoc
717 1408 842 1445 Plinius
870 1407 975 1450 dicit,
1004 1421 1111 1456 quem

65 1471 68 1473 ’
87 1459 221 1496 Solinus
239 1460 415 1502 exscribit,
434 1473 497 1496 nec
516 1459 693 1509 quisquam
705 1471 885 1502 veterum,
913 1458 968 1494 sed
989 1459 1106 1495 aitPlit

89 1511 164 1547 nius
191 1512 388 1561 Scipionem
406 1509 605 1546 Africanum
628 1511 779 1560 priorem
807 1508 852 1546 fic
870 1521 991 1545 natum
1016 1507 1082 1546 effe
1098 1538 1110 1553 ‚

92 1572 242 1609 eumque
259 1562 316 1611 qui
334 1561 461 1611 primus
479 1559 621 1597 Caesaris
645 1573 848 1611 cognomen
866 1558 956 1610 apud
976 1561 1110 1597 Roma-

89 1623 157 1647 nos
176 1613 314 1661 accepit.
344 1612 534 1661 Coniungit
548 1610 681 1647 Solinus
695 1624 770 1661 quae
788 1609 1012 1660 disjungenda
1022 1610 1107 1648 sunt.

87 1659 421 1710 Scripfifledebuit,
448 1661 501 1704 ξδ’
515 1662 573 1710 qus·
592 1661 752 1707 defunffia
768 1670 922 1709 parente.
961 1663 1003 1696 In
1028 1662 1110 1698 anti-

91 1711 254 1759 quiffima
273 1712 369 1748 Plinii
392 1712 541 1749 editione
562 1714 699 1748 Veneta
717 1713 796 1748 anni
823 1718 924 1757 1487.
948 1711 1112 1759 Auspica·

86 1771 155 1796 nus
173 1764 285 1797 enebla
301 1771 442 1810 parente
463 1764 661 1810 gignuntur.
696 1764 788 1798 Sicut
805 1763 908 1810 Scipio
924 1762 1114 1808 Africanus

82 1811 176 1859 prior
193 1822 307 1847 natus.
347 1812 548 1860 Primusque
568 1813 674 1848 Cesar
689 1825 711 1847 a
727 1812 794 1860 caefh
810 1822 934 1847 matrzs
952 1822 1044 1848 utero
1061 1813 1117 1847 di-

85 1863 166 1898 fies„
203 1863 285 1908 §Qua
304 1862 344 1896 de
364 1865 463 1907 causta
481 1860 535 1903 ξδ’
551 1862 691 1909 Caefhnes
713 1862 880 1910 appellati·
921 1865 1112 1900 Comxen.

88 1913 199 1949 Recte
222 1913 283 1948 Vir
301 1910 513 1948 Clarissimus
526 1940 538 1954 ‚
568 1913 668 1948 uti&
689 1912 904 1960 Hermolaus
924 1912 1114 1956 Barbarus,

89 1966 127 1998 δε
143 1961 324 1999 Salmasius
341 1962 384 1998 ad
395 1963 550 1998 Solinum
571 1961 660 1999 hunc
679 1975 835 1999 errorem
852 1961 956 1999 Solini
975 1962 1114 2012 castiga·

85 2024 171 2049 runt.
184 2012 357 2049 Caesatem
373 2012 555 2049 a-Caesarie
567 2012 647 2056 dici,
677 2026 749 2050 non
767 2026 785 2050 a
804 2013 892 2049 caeso
909 2024 1029 2056 utero,
1054 2015 1112 2063 qui

87 2064 199 2114 potius
233 2063 373 2112 Cafones
396 2060 500 2100 essent
527 2062 660 2099 dicendi
684 2078 694 2100 ε
730 2077 810 2101 cum
830 2062 945 2100 Caesar
975 2065 1112 2114 antiqua

84 2127 156 2152 vox
176 2112 216 2150 fit
230 2143 242 2157 ‚
271 2127 348 2163 quae
367 2113 417 2150 τὶν
436 2114 606 2160 nepisina
623 2112 815 2165 significet,
849 2115 940 2151 unde
959 2114 1111 2163 Caesaries

85 2164 143 2201 vel
162 2167 326 2212 Caesaria,
363 2165 384 2204 ἦ
410 2163 498 2208 κόμη
515 2165 671 2212 neptuim
689 2194 699 2207 ,
728 2166 820 2202 bene
838 2166 970 2203 notavit
980 2166 1109 2202 Salma-

86 2212 164 2250 ssus.

86 2261 158 2300 tiffe
175 2264 351 2312 quendam
368 2264 550 2301 Claudium
574 2265 771 2309 Caesarem,
798 2267 830 2303 id
850 2280 935 2304 vero
959 2268 1107 2303 minime

84 2313 309 2351 credendum.
346 2314 471 2351 Plinius
489 2316 582 2351 enim
601 2319 638 2351 ὅ(
653 2316 788 2354 Solinus
808 2318 1006 2367 Scipionem
1018 2316 1123 2354 Afri:

85 2377 213 2401 canum
230 2366 381 2414 primum
400 2368 649 2402 Romanorum
669 2365 844 2404 Caesarem
863 2367 994 2405 dietum
1012 2366 1107 2405 affir-

87 2427 236 2452 marunt.
278 2418 381 2451 Error
400 2428 483 2451 vero
502 2415 556 2451 ille
573 2417 692 2464 magni
709 2417 946 2457 virimanavit
972 2429 1012 2455 ex
1031 2432 1106 2455 cor-

85 2467 192 2515 ruptis
219 2464 360 2501 Tabulis
388 2465 615 2514 Capitolinis,
641 2465 916 2516 depravatiffime
936 2468 1106 2518 descriptis

85 2519 124 2552 ὅ(
152 2516 246 2552 Ιεὲὶίε
266 2515 312 2555 ab
342 2515 538 2551 Hermolao
554 2515 707 2552 Bai-baro
724 2541 733 2558 ‚
763 2518 820 2567 qui
839 2516 884 2554 fic
912 2531 951 2553 ea
970 2517 1105 2556 laudat:

84 2570 220 2603 CAE'SAR
245 2568 441 2602 CLAumus
460 2569 501 2602 G.
515 2568 551 2602 F.
572 2568 636 2603 Ap,
658 2568 706 2602 N.
725 2569 871 2604 Cfficus.
898 2567 963 2603 Sed
990 2567 1106 2616 legen-

213 2214 279 2250 Sed
298 2214 391 2264 quod
415 2214 509 2250 addit
526 2227 606 2252 ante
624 2215 753 2252 bellum
771 2217 1001 2252 Samniticum
1012 2215 1110 2252 exsti-
1133 2220 1137 2243 ἴ

1172 1155 1323 1191 Marium
1342 1166 1520 1191 mortuum
1530 1153 1594 1191 elle
1605 1155 1750 1191 triennio
1761 1166 1839 1190 ante
1853 1156 1894 1191 A.
1909 1162 1990 1201 667.
2010 1156 2126 1194 Idibus
2139 1159 2195 1201 Ja-

1167 1205 1286 1241 nuarii.
1343 1207 1461 1253 ltaque
1488 1203 1638 1241 fefelliffe
1664 1206 1878 1241 memoriam
1902 1207 2194 1246 accuratissimum

1167 1253 1379 1305 scriptorem.
1403 1255 1536 1292 Fundus
1556 1255 1654 1301 hujus
1665 1253 1837 1291 sententia:
1848 1254 1896 1291 est
1915 1256 2195 1303 Velleius‘Pater-

1168 1305 1283 1348 culus,
1313 1307 1369 1356 qui
1386 1305 1445 1342 lib.
1465 1320 1474 1342 1
1490 1320 1518 1342 i.
1544 1318 1617 1355 cap.
1633 1320 1692 1350 43.
1710 1305 1811 1342 tradit
1829 1305 2005 1343 Caesarem
2022 1309 2058 1344 in
2078 1311 2193 1346 Cottae

1165 1355 1348 1393 consularis
1376 1355 1495 1392 locum
1514 1370 1617 1406 paene
1642 1369 1786 1408 puerum
1805 1368 1824 1391 a
1850 1358 1983 1399 Mario,
2010 1359 2192 1409 Cinnaque

1165 1406 1359 1443 Flaminem
1377 1407 1519 1443 Dialem
1543 1406 1763 1444 constitutum
1788 1405 1892 1444 t'uiffe.
1951 1407 2054 1444 Unde
2080 1409 2193 1447 confi-

1166 1458 1269 1495 ciatur
1287 1459 1370 1496 vivo
1391 1458 1502 1494 Mario
1528 1461 1565 1493 δε
1589 1459 1701 1493 Cinna
1727 1457 1922 1494 Flaminem
1941 1470 2097 1495 creatum
2125 1459 2192 1497 esse

1167 1508 1363 1552 Caesarem,
1381 1508 1474 1558 quod
1491 1507 1568 1544 fieri
1584 1521 1658 1545 non
1669 1510 1814 1557 potuerit
1833 1521 1928 1545 anno
1950 1522 2004 1555 17.
2027 1510 2190 1554 Caesaris,

1164 1559 1242 1608 quia
1261 1572 1355 1595 anno
1372 1560 1472 1596 tertio
1499 1570 1578 1595 ante
1608 1557 1724 1595 finitus
1745 1559 1844 1596 fuerit
1870 1560 2011 1595 Marius.
2070 1564 2192 1611 Itaque

1162 1609 1336 1646 Caesarem
1348 1622 1499 1647 creatum
1512 1608 1577 1646 effe
1586 1609 1777 1647 Flaminem
1790 1622 1883 1646 anno
1896 1611 1937 1646 A.
1957 1612 1999 1647 V.
2012 1617 2095 1654 666,
2107 1625 2191 1650 cum

1164 1657 1244 1696 effet
1263 1674 1347 1711 puer
1373 1660 1624 1703 duodecennis,
1649 1673 1669 1696 a
1690 1662 1802 1697 Mario
1820 1661 1876 1710 qui
1898 1658 2024 1703 juliam
2045 1661 2190 1701 Caesaris

1164 1711 1311 1747 amitam
1329 1713 1363 1747 in
1388 1713 1615 1748 matrimonio
1633 1711 1809 1757 habuerit,
1834 1709 2081 1755 Sullamvero‚
2112 1726 2187 1751 non

1168 1774 1248 1797 cum
1275 1762 1401 1798 rediret
1426 1775 1467 1798 ex
1495 1760 1574 1797 Asia
1593 1790 1604 1804 ‚
1632 1760 1689 1797 sed
1707 1775 1788 1798 cum
1816 1762 1858 1798 A.
1878 1768 1982 1803 666„
2010 1763 2088 1810 quia
2106 1777 2189 1802 cum

1163 1810 1240 1861 lege
1258 1811 1405 1862 Sulpicia
1425 1812 1640 1860 provinciam
1659 1811 1736 1848 belli
1748 1811 1965 1848 Mithridatici
1983 1812 2013 1847 ei
2031 1812 2189 1850 adimere

1165 1860 1320 1899 voluisset
1345 1864 1472 1899 Marius
1491 1891 1502 1905 ,
1547 1861 1782 1912 regrederetur
1811 1864 1972 1898 Romam
1998 1874 2039 1898 ex
2066 1864 2187 1901 itinere

1164 1911 1318 1963 suscepto
1339 1914 1373 1949 in
1402 1912 1521 1949 Afiam
1539 1942 1550 1956 ,
1577 1913 1750 1962 vidtusque
1776 1912 1904 1948 Marius
1920 1940 1931 1954 ,
1957 1914 2013 1962 qui
2033 1925 2116 1950 cum
2134 1928 2186 1951 re·

1166 1962 1251 1998 duce
1268 1976 1393 2000 manus
1421 1963 1665 2006 conseruerat,
1696 1973 1877 2012 cogeretur
1902 1961 2013 1998 solum
2032 1975 2185 2009 vertere,

1160 2014 1244 2049 &in
1257 2012 1408 2050 Africam
1427 2013 1516 2050 exsul
1535 2012 1672 2063 fugere,
1703 2012 1878 2049 Caesarem
1896 2012 2066 2050 Flaminio
2093 2015 2183 2052 inul-

1164 2060 1256 2101 tasse.
1304 2068 1441 2102 Verum
1470 2063 1495 2100 ss
1514 2064 1586 2100 haec
1604 2075 1678 2100 tum
1700 2062 1794 2115 gesta
1811 2063 1904 2106 sunt,
1932 2077 2003 2100 non
2016 2072 2102 2111 pane
2121 2065 2186 2104 fuit

1156 2122 1264 2161 puer,
1301 2127 1338 2151 ut
1366 2115 1478 2162 scribit
1513 2113 1694 2159 Velleius,
1741 2113 1800 2150 sed
1827 2127 1908 2152 vere
1936 2128 2017 2164 puer
2042 2114 2155 2153 Caefiu·
2176 2146 2185 2156 .

1160 2166 1288 2215 quippe
1307 2165 1366 2214 qui
1384 2164 1544 2202 nondum
1561 2165 1604 2201 ad
1623 2165 1810 2215 pubertatis
1826 2177 1936 2202 annos
1954 2178 2154 2215 pervenerat
2170 2199 2182 2210 ,

1159 2228 1225 2251 nec
1249 2215 1344 2252 aliter
1366 2215 1432 2252 dici
1458 2228 1591 2265 poterat
1621 2229 1727 2265 quam
1752 2228 1847 2265 puer.
1904 2216 1997 2251 Dein
2033 2229 2104 2252 non
2133 2217 2183 2254 est

1158 2266 1318 2303 credibile
1337 2266 1603 2303 duodecennem
1614 2279 1764 2316 puerum
1782 2264 1908 2302 duxisse
1926 2266 2048 2301 Cinnae
2060 2278 2180 2315 quater

1160 2316 1319 2354 Consulis
1353 2315 1464 2354 filiam
1496 2316 1669 2367 repudiata
1692 2313 1856 2353 Coss'utia.
1914 2318 2013 2351 Nam
2042 2329 2180 2366 propter

1157 2366 1226 2404 hoc
1252 2368 1517 2405 matrimonium
1546 2367 1761 2409 sacerdotio,
1797 2369 1835 2402 δε
1856 2367 1971 2403 uxoris
1993 2365 2075 2402 dote
2090 2396 2102 2410 ,
2140 2372 2179 2406 δε

1154 2418 1326 2466 gentilitiis
1351 2418 1592 2455 hereditatibus
1612 2416 1674 2454 fuit
1693 2416 1869 2453 multatus.
1898 2417 2077 2453 Suetonius
2094 2431 2180 2456 vero

1157 2481 1230 2505 non
1252 2468 1332 2506 dicit
1356 2481 1375 2504 a
1402 2471 1515 2505 Mario
1540 2467 1714 2504 Caesarem
1741 2464 1835 2502 fuiss'e
1860 2466 2055 2502 Flaminem
2081 2467 2181 2506 desti.

1155 2529 1288 2555 natum.
1344 2520 1438 2554 Dicit
1456 2519 1489 2553 id
1511 2518 1665 2561 Velleius
1690 2516 1882 2553 Parc-reulus
1900 2545 1910 2557 ,
1946 2517 2003 2566 qui
2032 2519 2175 2562 erravit,

1153 2580 1234 2604 cum
1254 2567 1417 2617 scripsita
1438 2569 1591 2604 Mario&
1605 2569 1717 2603 Cinna
1737 2566 1928 2602 flaminem
1947 2578 2099 2603 creatum
2111 2568 2177 2606 effe

84 2616 166 2653 dum
182 2615 245 2654 effe
256 2619 385 2652 Cffins.
405 2618 669 2652 Auentinum
686 2618 728 2652 C.
747 2619 780 2653 F.
799 2619 862 2654 ΑΡ.
883 2620 930 2653 Ν.
944 2620 1104 2661 Cfficus,
1151 2616 1279 2659 Julium
1299 2646 1310 2660 ,
1350 2631 1429 2653 cum
1448 2631 1467 2654 a
1487 2617 1559 2654 solo
1577 2619 1688 2653 Cinna
1709 2646 1720 2660 ‚
1757 2618 1852 2661 cujus
1873 2615 1980 2653 filiam
2003 2616 2143 2655 duxerat
2164 2649 2177 2663 ,

84 2679 121 2703 ut
145 2667 246 2703 hodie
270 2666 389 2715 legitur
409 2667 443 2702 in
454 2666 596 2702 Tabulis
614 2666 816 2715 Capitolinis
837 2695 848 2709 ,
886 2667 980 2717 quod
1013 2667 1103 2705 bene
1127 2704 1130 2716 ,

1123 2717 1130 2775 J
1152 2730 1232 2752 cum
1254 2721 1309 2753 vix
1328 2717 1507 2754 excelliffet
1526 2719 1753 2765 pubermtem.

85 2716 222 2755 'monuit
241 2721 410 2766 Rupertus
433 2730 465 2752 in
484 2717 625 2767 epistola
644 2716 688 2752 ad
703 2715 919 2756 Reinefium,

1154 2667 1219 2702 hoc
1246 2667 1473 2704 sacerdotium
1500 2670 1530 2704 ei
1557 2666 1662 2703 suitlet
1682 2667 1888 2703 destinatum
1921 2680 2016 2717 paene
2044 2681 2174 2717 puero,

1814 2719 1926 2754 Cinna
1946 2730 2063 2754 autem
2083 2721 2175 2755 occi-

138 2769 245 2804 Primi
272 2767 414 2803 Caesaris
438 2768 572 2804 mentio
596 2765 635 2803 fit
661 2768 696 2803 in
724 2767 900 2805 annalibus
928 2770 1102 2807 Romanis
1150 2767 1202 2804 sus
1222 2767 1270 2804 est
1291 2780 1389 2805 anno
1410 2771 1551 2815 V.670.
1577 2781 1657 2805 cum
1680 2781 1731 2807 lv.
1752 2768 1883 2804 Consul
1903 2765 2001 2812 eilet,
2029 2768 2086 2805 illo
2105 2771 2176 2819 ipso

85 2828 244 2868 tempore
263 2817 342 2854 belli
359 2819 475 2855 Punici
494 2819 540 2856 ΙΙ.
586 2821 620 2854 Is
637 2816 699 2853 fuit
716 2821 833 2855 Sextus
850 2818 956 2862 Julius
967 2819 1101 2864 Caesar,
1126 2848 1127 2851 ,
1151 2829 1264 2861 anno,
1285 2832 1357 2869 quo
1373 2819 1486 2855 Cacsar
1504 2818 1631 2867 agebat
1644 2831 1774 2855 annum
1790 2819 1973 2868 septimum
1985 2819 2177 2859 decimum.

83 2870 139 2918 qui
161 2872 209 2906 M.
235 2868 400 2905 Marcello
421 2871 465 2905 V.
483 2873 521 2905 ὅ(
551 2871 595 2905 Τ.

85 2930 205 2967 praetor
222 2931 303 2957 erat.
344 2919 436 2957 Vide
455 2921 532 2958 Liv.
552 2918 610 2955 lib.
626 2930 712 2957 xxvi
727 2934 754 2958 1.
779 2933 835 2955 22.
854 2924 891 2956 ὃς
913 2933 970 2964 29.

133 2970 252 3014 Julius
270 2967 377 3016 Cesar
407 2970 523 3006 Divus
541 2999 551 3013 ‚
582 2982 712 3005 annum
738 2983 838 3018 agens
848 2972 990 3019 sextum
1017 2969 1103 3006 deci-

85 3019 216 3067 mum]
241 3019 362 3057 Codex
381 3019 611 3057 Salmasianus
629 3024 667 3056 δε
689 3021 835 3058 Roberti
853 3021 1014 3072 Stephani
1031 3021 1101 3058 edi-

83 3070 131 3106 tio
158 3068 202 3106 sic
221 3071 355 3120 incipit:
383 3076 528 3107 Annum
545 3084 642 3119 agens
651 3070 789 3119 sextum
807 3072 988 3109 decimum.

137 3123 349 3169 Sequentilms
366 3121 562 3170 Consulibus
580 3122 720 3160 Flamen
743 3122 859 3161 Dialis
876 3122 1071 3172 destinatur.
1089 3122 1100 3167 l

643 2869 789 2916 Qintio
817 2869 975 2919 Crispino
1014 2876 1123 2908 coss*

1152 2870 1285 2905 Erravit
1304 2883 1441 2919 quoque
1467 2870 1619 2913 Velleius
1638 2882 1719 2905 cum
1738 2868 1880 2919 scripsit,
1916 2868 1939 2904 {i
1960 2868 2004 2905 lic
2026 2869 2172 2919 scripsit,

1155 2920 1328 2956 Caesarem
1355 2921 1388 2955 in
1411 2923 1524 2956 Cottae
1554 2919 1672 2956 locum
1699 2919 1891 2956 Flaminem
1922 2919 2173 2964 constitutum,

1153 2982 1234 3007 cum
1254 2971 1287 3006 in
1311 2970 1452 3006 Merula:
1471 2969 1587 3006 locum
1598 2970 1739 3006 Flamen
1763 2969 1862 3007 fuerit
1887 2969 2089 3015 destinatus,
2118 2972 2175 3008 sed

1153 3034 1225 3057 non
1247 3021 1472 3069 inauguratus.
1534 3023 1631 3056 Nam
1650 3033 1685 3057 ut
1704 3019 1839 3068 Lipsius
1858 3049 1869 3064 ‚
1898 3021 2099 3063 Scheckius,
2129 3026 2170 3059 G.

1155 3070 1318 3115 Vollius,
1349 3075 1384 3107 Sc
1410 3071 1464 3107 alii
1483 3069 1612 3107 dudum
1633 3085 1674 3107 ex
1702 3072 1850 3114 Tacito,
1880 3073 2022 3111 Dione,
2057 3076 2173 3108 Sueto-

1154 3122 1213 3161 nio
1238 3122 1450 3164 docuerunt,
1482 3120 1590 3157 nullus
1618 3121 1690 3172 post
1712 3122 1880 3159 Merulam
1902 3122 2002 3171 usque
2024 3122 2065 3156 ad
2085 3125 2171 3188 vCnu

1426 3175 1573 3211 CCCC<
2043 3173 2170 3207 nmium
