2504 3425
614 149 1942 209 T13.CLAuorusC-AESAR.
2203 159 2307 231 465

211 245 413 292 natoriam
449 243 697 305 dignitatem
735 244 1045 302 recusantibus,
1079 242 1309 308 equestrem
1345 259 1517 306 quoque
1537 244 1705 290 ademit.
1774 247 1926 290 Latum
1951 245 2142 303 clavum‚'
2176 264 2326 310 quam-

210 311 274 354 vis
307 308 431 354 initio
466 307 697 355 affirmasset
730 327 818 355 non
853 311 1057 356 leciurum
1081 308 1336 363 senatorem,
1373 306 1449 352 nist
1475 309 1579 354 civis
1600 308 1655 353 R.
1675 308 1953 371 abnepotem,
1988 312 2113 356 etiam
2133 309 2320 360 libertini

207 371 302 419 filio
326 372 473 419 tribuit
494 392 504 419 ε
544 372 612 419 sed
636 373 708 420 sub
735 375 1005 431 conditione,
1043 375 1071 421 si
1097 375 1207 436 prius
1233 372 1282 417 ab
1309 373 1450 434 equite
1476 374 1531 419 R.
1554 373 1770 435 adoptatus
1793 374 1903 420 esset.
1972 378 2040 420 Ac
2066 373 2118 420 stc
2142 393 2318 439 quoque

205 435 573 499 reprehensionem
595 456 740 485 verens
759 475 771 495 ,
807 441 931 485 etiam
955 444 1071 502 App.
1099 440 1274 484 Caecum
1302 434 1536 482 Censorem
1556 440 1722 501 generis
1739 438 1800 485 sui
1824 440 2115 502 proaut'ftorem
2139 474 2154 496 ‚
2188 439 2319 488 libcr-

203 502 390 547 tinorum
418 500 530 547 filios
550 505 594 549 in
622 503 808 549 senatum
837 503 1013 568 allegisl'e
1037 504 1211 549 docuit:
1248 502 1436 563 ignarus,
1474 501 1734 563 temporibus
1757 504 1894 566 Appii
1927 508 1971 549 &
2001 503 2315 566 deincepsali·

200 566 402 628 quamdiu
436 566 634 613 libertinos
659 567 820 626 dictos,
854 586 941 613 non
976 570 1085 631 ipsos
1118 567 1191 630 qui
1227 566 1619 611 manumitterentur
1639 601 1652 622 ,
1690 566 1757 613 sed
1789 568 1998 631 ingenuos
2031 584 2081 613 ex
2116 567 2180 615 his
2213 585 2314 630 pro-

202 644 376 676 creatos.
444 632 647 696 Collegio
680 631 933 696 quaestorum
968 650 1043 694 pro
1076 631 1243 677 stratura
1279 629 1436 674 viarum
1470 630 1742 691 gladiatorum
1766 649 1920 679 munus
1938 634 2139 692 injunxit:
2177 632 2314 681 detra-

202 693 354 759 &aque
378 695 566 744 Ostiensi
589 702 633 743 &
658 698 826 744 Gallica
857 698 1100 760 provincia,
1135 711 1275 740 curam
1299 694 1425 738 aerarii
1450 696 1614 739 Saturni
1638 695 1840 754 reddidit,
1878 714 2005 760 quam
2030 697 2173 744 medio
2199 712 2312 745 tem-

2205 778 2308 827 pore

257 834 477 871 commeatus
496 846 518 870 a
531 833 657 880 senatu
661 833 735 882 peti
742 832 858 881 fhlitos
876 830 1023 879 beneficii
1038 830 1090 878 fiai
1100 827 1224 878 fecit.]
1280 825 1401 863 Horat.
1434 825 1514 864 sane
1535 842 1617 867 cum
1642 831 1690 868 ait
1707 859 1720 875 ‚

199 883 346 921 Senatus
366 886 463 921 enirn
484 883 675 921 consultum
693 885 826 921 curavit
843 882 1004 920 Claudius
1014 879 1226 924 faciendum,
1619 904 1635 912 -
1661 904 1675 910 -
1703 903 1717 910 -
1746 895 1798 918 me
1819 880 2003 927 libertina,
2029 897 2134 934 neque
2155 897 2220 922 uno

199 944 273 984 quo
288 946 329 970 ea
349 932 413 971 sibi
438 933 587 986 potestas
607 934 862 973 concederetur.
889 934 1020 970 Auctor
1038 933 1120 968 Dio.
1151 930 1222 967 Ele.
1392 932 1563 966 Contenta
1582 930 1715 982 Phryne
1731 942 1904 975 macerat,

228 995 290 1021 ans
310 983 357 1021 est
374 985 509 1022 dicendi
527 998 637 1036 genus
652 1014 664 1030 ,
704 998 775 1037 quo
799 986 901 1022 utitur
921 984 975 1021 hic
994 981 1223 1032 Tranquillus.
1249 972 1254 1022 Ι
1278 981 1316 1014 δε
1333 980 1479 1024 iterum,
1519 986 1632 1017 Grata
1650 982 1799 1019 detinuit
1817 983 1965 1029 compede
1988 984 2143 1031 Myrtale
2161 986 2305 1023 Liberti-

216 1047 250 1071 ις
273 1034 366 1085 apud
383 1036 554 1079 Justinum
574 1036 662 1073 libro
683 1050 722 1074 x1
737 1051 746 1073 ι
762 1051 789 1074 1.
821 1034 874 1079 Εἴ
893 1045 932 1071 ut
951 1048 1075 1071 munus
1093 1033 1226 1081 imperii

198 1083 347 1133 beneficii
361 1085 420 1134 sui
434 1088 579 1134 faceret.
618 1087 678 1125 lib.
697 1101 803 1126 xxiv.
841 1099 908 1123 non
926 1085 1089 1136 quoniam
1106 1084 1227 1132 eripere

196 1133 251 1170 his
268 1148 407 1185 regnum
420 1165 432 1180 ,
452 1137 516 1186 sed
534 1139 622 1187 quod
639 1139 677 1175 id
681 1139 799 1186 facere
815 1140 965 1175 muneris
976 1135 1036 1186 sui
1054 1137 1165 1173 vellet.
1188 1137 1226 1171 ὅ(

199 1183 282 1223 alibi
297 1199 370 1224 non
391 1187 508 1227 semel.

257 1250 316 1283 24.
333 1243 551 1277 ornamenta
570 1239 760 1288 censislaria
776 1241 882 1276 etiam
884 1235 1154 1289 procuratoribus
1164 1236 1226 1293 [ξιι-

199 1289 344 1325 cenariis
363 1289 548 1339 inmiſsa]
588 1293 683 1328 Cum
699 1290 888 1328 institutum
907 1289 954 1327 est
975 1290 1019 1327 ab
1051 1285 1223 1349 Augusta,

199 1350 237 1375 ut
256 1351 391 1377 mutato
408 1343 517 1379 veteri
533 1354 636 1377 more
650 1341 767 1378 salaria
795 1352 887 1379 certa
911 1340 1068 1378 euntibus
1086 1340 1121 1375 in
1147 1351 1224 1388 pro·

197 1390 328 1428 vincias
350 1390 510 1428 darentur
526 1420 538 1435 ‚
576 1389 679 1428 simul
707 1394 812 1429 etiam
836 1392 903 1429 hoc
926 1392 1112 1428 institutum
1128 1419 1138 1433 ‚
1187 1400 1223 1425 ut

198 1451 440 1490 procuratores
449 1441 591 1478 Caesaris
607 1455 627 1478 a
645 1454 796 1480 nurnero
810 1443 1054 1491 pecuniarum,
1071 1452 1155 1491 quas
1164 1451 1222 1476 ac-

196 1491 352 1540 ciperem
370 1491 526 1541 stipendii
538 1493 707 1536 nomine,
719 1493 990 1544 appellationem
1008 1492 1217 1528 sortirentur.

196 1542 279 1578 Hoc
297 1543 342 1578 ita
359 1541 448 1579 clare
476 1543 547 1579 Dio
574 1542 662 1579 libro
689 1555 796 1581 Liri.
846 1542 1026 1586 declarat,
1064 1553 1100 1578 ut
1116 1541 1222 1578 mirer

196 1600 271 1627 tam
290 1592 421 1641 prolixe
439 1591 590 1644 quaefiffe
601 1592 791 1644 quosdam,
818 1594 875 1644 qui
894 1593 945 1630 isti
963 1591 1028 1630 sint
1046 1591 1222 1629 ducenarii

191 1649 434 1690 procuratores.

527 1715 563 1749 T
591 1725 614 1749 o
642 1725 667 1748 R
698 1724 722 1748 R
754 1723 775 1747 r.
807 1724 831 1749 N
863 1724 899 1749 τ.

253 1771 322 1816 Ap.
356 1771 487 1804 Cacum
507 1768 618 1817 cenfi]
648 1771 732 1804 Duo
749 1767 832 1805 libb.
864 1772 934 1815 Ap.
956 1769 1105 1808 Cacum,
1129 1777 1226 1814 gene-

197 1820 246 1854 ris
255 1819 314 1866 sui
325 1821 579 1866 proaucft'orem,
615 1819 803 1866 Censorem.
862 1821 951 1866 Qtae
973 1815 1124 1867 positura
1154 1816 1224 1866 pla-

197 1880 271 1912 cet,
301 1880 337 1905 ut
350 1870 385 1905 in
402 1868 541 1905 censura
561 1882 643 1905 eum
662 1865 774 1905 fecisse
791 1867 824 1904 id
847 1867 946 1904 dicat.
990 1867 1036 1904 sic
1048 1868 1140 1903 enim
1153 1868 1223 1903 Au-

199 1920 277 1956 ἀοι·
297 1919 373 1956 libri
390 1919 433 1956 de
453 1921 546 1957 Viris
563 1919 762 1962 illustribus,
790 1924 857 1967 Ap.
878 1918 1047 1955 Claudius
1060 1922 1168 1954 Cacus
1185 1919 1222 1954 in

200 1972 340 2019 censura
363 1970 533 2007 libertinos
560 1984 686 2020 quoque
711 1970 750 2005 in
767 1969 929 2017 senatum
956 1969 1045 2019 legit.
1102 1971 1223 2017 Qam

199 2021 248 2058 ob
266 2021 404 2058 causam
436 2022 495 2070 (ut
515 2021 622 2071 puto)
656 2021 771 2058 Livius
790 2020 847 2056 lib.
866 2035 915 2057 rx.
943 2019 1131 2056 lectionem
1151 2022 1224 2066 ejus

200 2073 236 2108 in
254 2071 413 2110 senatum
432 2072 604 2109 infamem
630 2075 668 2109 δ(
686 2071 958 2122 ignominiosam
983 2082 1098 2110 vocat.
1157 2073 1225 2107 Ce-

199 2135 313 2160 terum
330 2137 411 2160 cum
435 2123 612 2161 libertinos
632 2122 687 2159 ille
706 2151 718 2167 ,
753 2125 894 2160 Sueton.
935 2135 1022 2160 vero
1049 2121 1226 2159 libertino-

197 2186 276 2211 rum
292 2173 382 2212 filios
399 2173 443 2213 ab
460 2175 575 2227 Appio
589 2175 624 2211 in
642 2173 800 2211 senatum
811 2172 920 2210 lestos
936 2172 1070 2216 scribit,
1097 2172 1227 2208 liberti-

200 2237 257 2262 nos
275 2226 340 2262 illic
360 2240 422 2276 pro
435 2227 486 2263 his
500 2228 555 2276 qui
573 2225 720 2263 libertini
738 2225 874 2276 generis
883 2223 1038 2268 fuerunt,
1068 2224 1222 2273 accipio,

197 2286 237 2311 ut
259 2276 464 2313 libertinitas
482 2280 521 2313 ὃ(
538 2275 730 2325 ingenuitas
750 2289 812 2326 pro
831 2275 999 2319 libertini,
1027 2279 1065 2312 ὃς
1082 2275 1222 2325 ingenui

202 2325 289 2363 statu
307 2328 441 2377 ponitur
461 2327 551 2378 apud
576 2328 742 2364 Sabinum
761 2326 781 2364 l.
805 2341 858 2364 11.
915 2328 950 2361 Si
969 2325 1109 2362 libertus
1135 2327 1223 2374 inge-

203 2390 292 2413 nuus
326 2377 383 2424 effe
409 2378 556 2415 dicatur.
617 2378 754 2427 Alioqui
782 2379 975 2427 sequeretur
1004 2377 1156 2427 Appium
1186 2376 1224 2412 li-

204 2428 384 2465 bertorum
415 2425 506 2464 filios
525 2426 670 2477 allegiss'e
689 2456 700 2471 ‚
727 2428 822 2478 quod
847 2432 988 2465 Sueton.
1015 2438 1149 2479 negat,
1184 2431 1222 2464 ὅ(

204 2480 298 2516 reste
317 2478 407 2515 sane.
438 2477 516 2515 hinc
534 2480 629 2515 enim
648 2480 785 2516 Horatii
802 2479 920 2517 locum
941 2478 1094 2528 intelligo
1113 2478 1169 2516 lib.
1193 2492 1221 2516 1.

202 2534 269 2567 Sat.
291 2543 349 2569 VI.

542 2603 558 2609 -
585 2603 601 2609 -
622 2604 636 2611 -
664 2579 849 2629 Cenfhrque
865 2589 1018 2617 moveret

317 2631 470 2680 Appius,
497 2631 636 2678 ingenuo
646 2628 675 2677 fi
694 2643 759 2666 non
777 2629 869 2679 essem
880 2639 980 2678 patre
996 2639 1109 2666 natus.

204 2683 299 2736 quasi
313 2683 422 2725 dicat,
446 2695 489 2718 ne
507 2682 657 2731 Appium
675 2680 838 2731 quidem,
869 2680 926 2730 qui
947 2680 1030 2718 viles
1047 2692 1087 2716 ac
1101 2680 1225 2716 liberti-

206 2737 241 2773 ni
258 2735 393 2786 generis
412 2733 573 2770 homines
591 2733 626 2768 in
643 2730 798 2768 senatum
816 2729 956 2779 legerit,
985 2730 1131 2767 laturum
1144 2744 1224 2767 eum

209 2788 356 2836 quinon
377 2782 457 2821 esset
471 2784 609 2833 ingenui
631 2781 718 2819 filius
736 2810 747 2826 ,
774 2792 876 2832 atque
899 2781 1009 2817 liberti
1032 2794 1139 2830 nepos
1167 2782 1226 2818 sal·

208 2847 306 2881 tem,
333 2835 440 2887 qualis
459 2846 530 2870 erat
549 2835 725 2871 Horatius.

1278 1041 1340 1073 nn,
1376 1030 1536 1068 libertam
1570 1033 1629 1080 (ni
1649 1031 1772 1081 fallor)
1803 1033 1970 1083 intelligit.
2002 1032 2114 1071 liberti
2126 1036 2306 1074 enimtan-

1277 1091 1352 1117 tum
1373 1082 1537 1119 servitutis
1553 1096 1757 1132 cognomen
1777 1084 1971 1121 retinebant
1992 1112 2004 1128 ,
2043 1098 2113 1136 quo
2141 1085 2186 1123 ab
2211 1088 2306 1137 inge-

1277 1132 1351 1168 nuis
1369 1133 1671 1184 distinguerentur,
1703 1149 1776 1172 non
1807 1137 1914 1172 etiam
1943 1146 2070 1173 eorum
2097 1136 2205 1175 liberi.
2262 1142 2305 1175 Et

1278 1181 1358 1219 sane
1376 1183 1535 1222 libertum
1553 1198 1633 1222 cum
1651 1186 1796 1223 dicimus
1817 1215 1828 1229 ,
1855 1198 2041 1236 patronum
2054 1215 2066 1230 ,
2105 1201 2185 1225 cum
2206 1187 2306 1225 liber-

1277 1235 1411 1279 tinum,
1443 1237 1578 1285 generis
1592 1237 1703 1287 magis
1726 1236 1968 1275 conditionem
1990 1237 2198 1287 respicimus.
2232 1242 2304 1276 Un-

1278 1283 1321 1321 de
1353 1286 1413 1333 (ut
1431 1286 1603 1334 diximus)
1631 1287 1846 1324 libertinitas.
1905 1289 2017 1338 Atque
2036 1289 2080 1324 ita
2091 1290 2218 1326 Cicero
2229 1290 2304 1328 usus

1276 1335 1346 1379 est,
1375 1350 1489 1388 neque
1506 1337 1651 1375 obscure
1668 1338 1737 1389 ipse
1756 1338 1976 1388 Tranquillus
2000 1338 2127 1376 indicat
2154 1354 2226 1377 non
2258 1342 2302 1378 ita

1276 1387 1389 1424 multo
1416 1388 1492 1440 post
1511 1389 1577 1440 Ap.
1598 1389 1729 1427 Claudii
1756 1400 1895 1427 aetatem
1918 1392 2106 1427 Romanos
2132 1390 2227 1428 aliter
2257 1393 2304 1436 uri

1276 1435 1426 1487 coepiffie.

1330 1490 1403 1536 Qz'
1420 1489 1783 1539 manumitterentur.]
1813 1489 1919 1530 Liber
1935 1501 2009 1542 opt.
2036 1491 2144 1529 manu
2170 1492 2302 1530 emitte·

1246 1545 1250 1584 J
1273 1549 1402 1576 rentur.

1329 1591 1470 1638 Collegio
1486 1589 1713 1639 quaestorum]
1763 1592 1921 1629 Graviter
1936 1592 2088 1642 queritur
2106 1592 2218 1630 Tacit.
2241 1592 2300 1633 lib.

1280 1653 1332 1676 11.
1361 1641 1613 1677 venumdatum
1639 1641 1814 1690 quaestura:
1841 1643 2036 1686 honorem,
2083 1644 2192 1693 utqui
2217 1657 2300 1682 eum

1271 1689 1385 1738 adepti
1405 1689 1507 1727 essent
1526 1721 1536 1734 ,
1567 1691 1797 1741 spectaculum
1815 1693 2062 1742 gladiatorium
2081 1693 2136 1730 sua
2157 1697 2298 1743 pecunia

1275 1743 1459 1791 quotannis
1475 1742 1686 1779 ce'ebrarent
1707 1771 1717 1785 ‚
1747 1755 1826 1780 ante
1846 1745 1919 1783 vias
1938 1743 2088 1781 sternere
2114 1743 2199 1782 soliti
2216 1774 2227 1788 ‚
2265 1758 2301 1783 ut

1275 1795 1312 1828 ὃ(
1339 1792 1486 1829 ostendit
1514 1797 1652 1832 Sueton.
1685 1793 1748 1830 bic.
1806 1794 1846 1831 Id
1865 1807 1984 1831 autem
2005 1794 2301 1845 quaestorummu-

1274 1856 1337 1880 nus
1356 1846 1455 1880 Nero
1475 1846 1570 1881 initio
1590 1845 1798 1895 Principitus
1817 1845 1864 1881 sui
1889 1845 2036 1882 liberum
2069 1844 2158 1883 fecit.
2217 1848 2299 1896 Qua

1273 1893 1460 1931 occasione
1488 1894 1713 1932 intermissum
1731 1896 1958 1932 Domitianus
1984 1897 2192 1938 revocavit,
2224 1910 2300 1948 cap,

1280 1959 1331 1982 xv.
1362 1946 1528 1996 Atqueita
1545 1946 1729 1996 Capitolin.
1756 1947 1824 1982 vita
1843 1949 1893 1982 M.
1913 1946 2102 1990 Antonini,
2127 1945 2300 1995 gladiato-

1270 1996 1361 2033 rium
1378 1996 1473 2046 quast
1482 1997 1645 2045 privatus
1664 1995 1793 2045 questor
1812 1996 1920 2032 edidit
1937 2009 2073 2035 munus.

1327 2045 1463 2096 Ostienfi
1482 2045 1535 2090 &⁴
1553 2047 1686 2084 Gallica
1698 2044 1826 2095 prou]
1856 2047 2065 2098 Legendum
2085 2048 2299 2094 omnino&

1273 2097 1410 2134 callium
1422 2099 1601 2146 provincia
1612 2126 1623 2141 ,
1641 2100 1678 2135 δε
1695 2097 1883 2147 repetenda
1898 2112 1974 2149 quae
1992 2100 2191 2138 notavimus
2210 2101 2297 2140 Caes.

1275 2159 1349 2197 cap.
1367 2161 1447 2186 xix.
1466 2147 1759 2198 filvae‚-callesque.
1818 2151 1944 2200 Neque
1962 2149 2009 2187 est
2029 2150 2123 2200 quod
2143 2152 2219 2189 viro
2237 2152 2303 2189 do-

1278 2199 1337 2234 sto
1355 2196 1589 2235 assensionem
1614 2198 1770 2236 sustineat
1795 2199 1964 2237 Plutarchi
1983 2200 2076 2237 locus
2094 2228 2105 2244 ,
2149 2203 2202 2238 cui
2223 2202 2300 2239 scri·

1278 2261 1374 2299 ptum
1409 2248 1529 2286 diserte
1557 2250 1844 2299 Circumpadanos
1878 2252 2064 2301 provinciae
2088 2252 2297 2301 quaestorem

1275 2298 1496 2350 designatum
1515 2302 1717 2338 Sertorium.
1750 2300 1880 2344 Audio,
1901 2305 1938 2337 ὃ(
1956 2299 2161 2338 fitsanelroc
2180 2315 2297 2342 exem-

1277 2351 1333 2402 plo
1353 2380 1364 2394 ‚
1403 2351 1582 2401 postquam
1602 2351 1690 2387 aliud
1715 2364 1788 2387 non
1803 2354 1947 2388 occurrit
1967 2380 1979 2395 ‚
2013 2353 2297 2403 Circumpadana

1273 2402 1474 2451 quaestoria,
1515 2404 1614 2451 eique
1635 2402 1830 2438 Ariminum
1855 2400 1970 2445 sedes,
1997 2402 2104 2452 quid?
2136 2415 2208 2440 tota
2221 2406 2299 2442 Gal-

1273 2452 1314 2489 lia
1335 2453 1515 2502 quaestoria
1540 2458 1550 2491 ἒ
1590 2465 1674 2489 nam
1703 2454 1758 2502 qui
1782 2451 1951 2489 Gallicam
1984 2454 2202 2504 provinciam
2232 2470 2298 2494 no-

1275 2504 1407 2546 minat,
1444 2504 1571 2540 nullam
1592 2502 1732 2539 definite
1761 2506 1797 2539 ὅ(
1827 2503 2080 2554 circumscripte
2102 2533 2114 2548 ,
2146 2518 2296 2543 omnem

1274 2567 1380 2603 qnam
1400 2554 1504 2603 longa
1529 2554 1598 2598 est,
1623 2553 1771 2591 Galliam
1794 2552 1903 2591 sentit.
1960 2558 2082 2605 Itaque
2102 2568 2177 2594 non
2196 2569 2298 2595 muto

1274 2605 1489 2641 sententiam.

1589 2675 1984 2712 CAsAunou.

1326 2731 1541 2768 Senatorium
1568 2732 1768 2780 dignitatem
1799 2731 2063 2782 recusantibus]
2106 2733 2176 2771 Vel
2204 2736 2303 2774 obla-

1274 2792 1349 2819 tam
1367 2784 1502 2832 quoties
1522 2782 1678 2818 senatum
1698 2782 1826 2831 legeret
1850 2782 2013 2821 Claudius
2028 2813 2038 2828 ,
2065 2785 2121 2822 vel
2145 2788 2216 2831 jure
2246 2800 2301 2825 ac-

786 2831 884 2869 Adde
909 2832 958 2868 his
980 2833 1158 2869 Ciceronis
1176 2832 1228 2869 lo—
1274 2833 1455 2883 quifitarn,
1485 2833 1625 2883 quando
1645 2833 1761 2883 aliquis
1779 2831 1990 2871 tribunatum
2013 2833 2157 2886 gell'erat
2181 2853 2190 2873 :
2220 2840 2301 2877 vide

211 2902 295 2926 curn
318 2899 381 2939 pto
399 2885 581 2922 Cluentio:
611 2891 721 2933 Negat
742 2883 802 2919 hoc
815 2883 993 2924 Lentulus.
1015 2896 1099 2919 nam
1119 2883 1227 2930 Popil-
1277 2880 1335 2922 lib'.
1353 2899 1363 2921 r
1379 2899 1405 2920 1.
1429 2896 1504 2933 cap.
1519 2896 1573 2920 xL.

211 2935 297 2977 lium
314 2967 326 2984 ‚
363 2937 451 2987 quod
482 2947 557 2972 emt
591 2935 741 2971 libertini
757 2933 853 2981 filins
871 2962 883 2977 ,
916 2934 953 2969 in
971 2933 1132 2980 senatum
1162 2947 1226 2969 non

1336 2941 1570 2983 Detractaque
1588 2930 1724 2981 Ostienfi
1745 2932 1798 2976 Εἴ
1822 2933 1956 2969 Gallica
1970 2936 2192 2986 pro-vinem]
2235 2943 2302 2976 Hae

211 2991 300 3040 legit,
360 2991 573 3038 Quanquam
591 2984 768 3022 affirmare
790 2998 863 3021 non
882 2983 990 3021 ausim
1008 3014 1019 3028 ,
1057 2997 1101 3020 an
1121 2986 1225 3021 ctiam
1281 2985 1354 3021 sunt
1379 2985 1583 3035 provinciae,
1602 2986 1635 3020 in
1646 2983 1851 3033 quassolitus
1870 2985 2007 3021 mittere
2030 2987 2214 3036 quaestores
2238 2993 2308 3027 Au-

212 3041 389 3079 Ciceronis
405 3049 562 3088 tempore
582 3040 616 3075 in
637 3037 695 3074 usu
712 3037 830 3079 fuerit,
861 3048 896 3072 ut
913 3035 1226 3072 libertinidiccren-
1279 3036 1404 3085 gustus.
1432 3036 1559 3073 Docnl‘
1582 3049 1639 3071 ¹¹¹⁰
1649 3035 1790 3072 DiOlib·
1806 3048 1862 3072 LV·
1889 3035 2023 3079 ‘caulas
2046 3038 2073 3073 ἐν
2090 3054 2124 3073 ⁷⁶
2141 3042 2307 3089 ‘tir'vroepoe-

211 3103 264 3131 ωι-
291 3094 314 3131 ii
340 3102 477 3144 quoque
503 3089 561 3140 qui
598 3102 638 3127 ex
676 3087 833 3129 servitute
868 3085 1069 3126 manumitti
1108 3084 1223 3123 essent.

1280 3087 1343 3136 λίῃι
1363 3086 1407 3135 τῇ
1426 3085 1505 3137 πρὸς
1524 3088 1567 3135 τῇ
1588 3085 1688 3123 πόλει
1707 3087 1767 3123 καὶ
1790 3085 1817 3123 ἓν
1841 3085 1960 3137 ἑτέροις
1986 3102 2056 3124 τιτι
2078 3091 2134 3131 τῖς
2155 3091 2308 3134 Ἰταλίας

1596 3156 1599 3158 ’
2233 3156 2312 3187 xld-
