2504 3425
198 160 308 229 264
527 155 1568 220 ·‘C.S·UET.TRANQU1LL1
1637 136 1950 209 L112.11.“

195 267 343 296 eorum
366 249 482 313 sequi
505 252 643 313 potius
661 252 935 313 opinionem,
970 248 1041 311 qui
1056 246 1227 307 perinde
1240 244 1503 291 scribendum
1517 261 1561 290 ac
1587 246 1806 309 loquamur
1822 282 1835 303 ,
1854 246 2103 294 existiment.
2168 250 2285 296 Nam

195 315 312 377 quo—:l
325 314 426 376 saepe
449 332 538 360 non
557 317 707 361 litteras
730 314 881 368 modo,
905 311 972 357 sed
995 310 1159 372 syllabas
1184 325 1252 356 aut
1276 324 1480 371 permutat
1501 313 1783 371 autpraeterit,
1818 312 2288 359 communishominum

198 395 314 426 error
337 378 408 424 est.
474 381 573 425 Nec
596 396 677 442 ego
704 378 745 422 id
771 390 957 422 notarem
979 411 991 431 ,
1035 374 1111 418 nisi
1137 374 1238 419 mihi
1260 375 1412 419 mirum
1438 373 1669 430 videretur,
1712 372 1912 418 tradidisse
1936 376 2116 437 aliquos,
2151 378 2291 440 legato

200 459 298 489 eum
322 442 521 489 consulari
545 440 811 488 successorem
836 438 985 485 decliffe
1000 474 1011 494 ‚
1040 454 1086 484 ut
1107 438 1197 484 rudi
1225 443 1267 483 δε
1296 437 1495 494 ὶηάοὲὶο,
1531 445 1647 496 cujus
1671 453 1796 482 manu
1819 441 1882 481 ixi
1903 454 1978 499 pro
1998 441 2066 504 ipsi
2095 439 2291 503 scripturn

198 507 546 554 animadverterit.

616 504 796 563 Qioties
816 518 957 549 autem
983 520 1055 565 per
1078 518 1194 547 notas
1216 501 1359 547 scribit
1378 537 1392 558 ,
1436 501 1459 547 b
1494 519 1568 564 pro
1590 520 1616 545 ci
1641 519 1655 546 .·
1712 518 1734 545 c
1769 517 1845 561 pto
1865 499 1914 556 b,
1947 518 1993 546 ac
2016 505 2209 566 deinceps
2222 521 2294 550 ea-

198 571 297 617 dem
320 573 477 617 ratione
499 569 715 631 sequentes
739 569 889 614 litteras
914 569 1036 629 ponit
1057 602 1069 622 ‚
1104 583 1177 629 pro
1205 585 1234 613 z
1257 580 1395 611 autem
1420 565 1569 627 duplex
1593 584 1658 610 aa

1737 566 1810 610 Ne
1846 565 2090 610 Graecarum
2122 568 2293 627 quidem
2318 581 2376 639 39

198 633 511 697 disciplinarum
541 634 698 678 leviore
720 631 858 677 studio
881 631 1096 677 tenebatur
1121 650 1131 676 z
1178 632 1222 681 in
1250 629 1405 692 quibus
1435 635 1477 674 δε
1505 630 1599 691 ipsis
1622 628 1833 690 praestabat
1858 630 2025 691 largiter
2044 664 2057 685 ,
2100 629 2295 693 magistro

198 698 366 744 dicendi
388 696 479 742 usus
500 696 771 758 Apollodoro
797 701 1056 759 Pergameno
1070 731 1083 752 ,
1118 696 1246 758 quem
1267 699 1349 752 jam
1370 693 1570 757 grandem
1592 707 1688 738 natu
1702 729 1714 749 ‚
1751 693 2023 753 Apolloniam
2037 710 2208 756 quoque
2235 694 2299 740 se-

199 777 298 808 cum
321 761 372 808 ab
400 761 501 807 urbe
523 761 686 822 iuvenis
709 759 840 807 adhuc
867 761 1072 807 eduxerat.

201 903 291 939 Haec
308 913 390 940 vera
409 900 457 939 est
475 901 615 952 Augusti
625 900 783 952 scriptura
795 929 806 945 ,
832 912 907 950 qua:
921 910 1001 937 curn
1017 899 1131 939 verbis
1142 903 1224 937 Sue·

201 953 308 997 tonii,
340 957 377 990 δε
394 954 432 990 iis
443 982 455 997 ,
483 966 562 1003 quae
574 966 615 990 ex
632 954 792 1002 Acyrano
810 963 1044 987 monumento
1056 951 1136 988 alibi
1147 964 1224 1001 pro·

202 1002 384 1048 ducimus,
408 1005 558 1040 omnino
577 1005 747 1053 congruit.
807 1003 837 1038 A
861 1001 1103 1038 consuetudine
1130 1002 1225 1037 enim

201 1053 310 1104 vulgo
326 1055 361 1090 in
379 1054 559 1091 scribendo
580 1059 735 1104 recepta,
763 1057 799 1090 &
822 1052 921 1089 nobis
939 1052 1049 1088 adhuc
1075 1063 1226 1095 retenta,

202 1103 335 1141 receffit
354 1104 544 1147 Auoustus,
575 1117 614 1140 ac
641 1105 848 1140 contrari-am
875 1101 975 1152 plane
993 1104 1088 1140 viam
1102 1101 1228 1151 ingres-

200 1154 254 1191 sus
268 1155 326 1192 est.
355 1136 474 1205 Vulgo
495 1167 513 1191 a
534 1153 604 1191 fine
623 1154 737 1190 versus
759 1153 802 1190 ad
812 1152 946 1189 alterius
970 1154 1102 1188 initium
1121 1152 1232 1189 abun-

204 1204 327 1242 dantes
356 1204 480 1242 litteras
504 1203 685 1241 transferre
710 1217 790 1240 mos
820 1214 900 1239 erat.
958 1206 1006 1239 Ea
1023 1200 1144 1241 divisio
1162 1204 1228 1238 im-

203 1258 319 1292 manis
337 1284 348 1298 ,
378 1259 413 1292 St
428 1256 534 1291 nimia
546 1259 582 1290 ὃ(
594 1254 778 1291 lesioribus
798 1252 943 1289 molesta
965 1252 1035 1291 vis-:1
1053 1253 1225 1303 Augusto,

204 1316 247 1342 ac
262 1306 387 1342 idcirco
402 1305 600 1354 improbata
618 1304 677 1342 est.
737 1303 813 1355 Ipse
838 1317 924 1342 vero
941 1303 1070 1339 eisdem
1096 1305 1158 1340 illis
1178 1304 1227 1340 Eit—

204 1359 285 1394 teris
304 1356 416 1392 statim
439 1356 571 1392 ibidem
594 1356 628 1391 in
646 1353 718 1392 fine
733 1355 845 1393 versus
862 1353 1031 1404 sequentis
1053 1354 1172 1391 locum
1182 1353 1230 1389 fe-

206 1407 251 1443 cit
271 1436 282 1450 ,
311 1418 411 1456 atque
431 1408 477 1442 ita
496 1419 552 1442 eas
573 1405 823 1447 circumduxit,
852 1416 889 1441 ut
906 1417 926 1440 a
952 1403 1166 1454 reliquisnon
1181 1404 1230 1440 di-

205 1456 283 1495 vifie
311 1469 367 1493 aut
387 1456 530 1500 avulsae,
566 1456 622 1493 sed
644 1470 725 1492 cum
741 1458 781 1493 iis
799 1468 906 1506 quam
937 1457 1096 1505 proxime
1117 1455 1231 1493 coba:-

207 1521 283 1544 rere
300 1507 506 1546 viderentur.
538 1511 796 1544 Boxnonmus.

538 1581 902 1615 TORRENT.

266 1643 321 1674 88.
347 1637 398 1673 lxi
409 1646 469 1685 pro
486 1635 583 1685 ipfi.]
614 1636 716 1685 Atqui
738 1634 941 1672 crediderim
962 1644 1231 1672 veteresvocem

209 1685 298 1724 hanc
319 1686 376 1736 ipſs
395 1687 535 1724 mollius
553 1684 809 1736 pronunciaffe‚
838 1697 874 1721 ut
893 1683 947 1731 iffi.
965 1689 994 1720 'x
1014 1696 1130 1720 autem
1149 1683 1232 1719 litte-

207 1751 244 1775 ra
260 1737 381 1788 duplex
402 1738 462 1781 est,
494 1751 534 1774 ac
558 1736 703 1786 proinde
719 1735 763 1772 fic
776 1728 943 1772 scribebat
961 1735 1143 1772 consularis
1163 1734 1229 1776 ille,
1258 1735 1266 1796 ί

208 1802 245 1825 ut
264 1788 502 1839 loquebantur.
561 1790 680 1836 Qare
691 1789 818 1824 merito
837 1788 978 1823 miratur
997 1790 1136 1822 Sueton.
1167 1796 1232 1821 tra-

208 1839 324 1878 didisse
347 1839 478 1889 aliquos
500 1838 688 1887 Augustum
707 1838 787 1874 inde
804 1835 983 1875 offensum
999 1836 1106 1873 suitie.

267 1896 331 1926 Per
345 1890 502 1936 notam]
536 1888 657 1926 Melius
676 1901 756 1926 mss.
775 1887 845 1925 duo
855 1896 916 1936 per
935 1898 1052 1931 notros,
1090 1898 1128 1923 ut
1144 1885 1231 1923 Caes.

215 1954 291 1992 cap.
304 1953 384 1978 Lvi.

266 1991 463 2038 Apollodoro
491 1987 735 2037 Pergamena]
795 1991 897 2026 Hunc
918 1986 1060 2024 Caesaris
1094 1987 1235 2037 Augusti

216 2041 413 2092 Apolloniae
433 2052 685 2090 praeceptorem
706 2037 821 2082 fuiffe,
851 2051 971 2089 praeter
996 2036 1180 2074 Eusebium
1202 2039 1237 2073 in

216 2092 401 2130 chronicis
420 2119 431 2133 ,
470 2092 588 2126 auetor-
606 2089 653 2125 est
674 2091 779 2125 etiam
806 2089 1027 2137 Qiinc'tilian.
1057 2089 1153 2124 initio
1179 2087 1235 2124 lib.

219 2158 234 2182 a
249 2159 258 2180 1
273 2159 298 2181 1.
321 2146 357 2179 &
373 2140 512 2190 Augusti
528 2141 634 2189 gratia
651 2137 797 2176 claruisse
822 2139 971 2176 eundem
990 2138 1101 2174 scribit
1117 2139 1238 2174 Strabo

216 2194 274 2231 lib.
288 2208 327 2230 xi
342 2208 393 2230 11.
423 2191 478 2228 Ab
501 2191 566 2227 hoc
585 2190 675 2226 seem
704 2190 937 2239 Apollodorea
955 2190 1041 2225 inter
1068 2189 1240 2225 Rhetores

219 2246 355 2283 initium
380 2239 529 2293 sumpsit.
586 2244 643 2278 De
662 2240 849 2290 Apollonia
864 2251 982 2278 autem
999 2250 1078 2276 ante
1096 2239 1242 2277 diximus

224 2307 419 2346 cap.v111.

539 2364 942 2400 CASAUBON.

277 2432 383 2481 Cujus
401 2444 508 2468 manu
524 2432 575 2467 ixi
585 2439 645 2478 pro
664 2428 1236 2481 ipsiscriptumanimadverterat.]

223 2485 349 2520 Severe
371 2482 514 2532 quidem
544 2482 712 2532 Augustus
735 2498 744 2520 :
789 2483 846 2520 sed
877 2496 997 2519 tamen
1021 2481 1102 2532 quid
1132 2481 1181 2518 isti
1207 2483 1242 2518 in

222 2545 388 2571 mentem
409 2544 570 2576 venerat,
601 2545 637 2569 ut
654 2546 677 2568 x
706 2546 772 2581 pro
784 2535 831 2583 ps
840 2534 1004 2571 scriberet
1028 2537 1039 2571 ἶ
1065 2545 1110 2569 an
1120 2532 1239 2569 fuitin-

224 2583 323 2621 sanus
341 2584 500 2620 novitatis
517 2586 641 2621 amor?
669 2595 752 2620 nam
768 2584 812 2620 acl
830 2584 972 2628 Augusti
989 2582 1060 2620 fere
1078 2595 1240 2633 tempora

223 2635 382 2683 ignorata
399 2648 423 2670 x
433 2634 544 2671 littera
556 2631 617 2670 fuit
628 2663 638 2677 ,
668 2633 693 2670 si
707 2633 795 2672 fides
805 2629 939 2672 Isidoro
952 2650 961 2671 :
990 2634 1084 2685 quod
1096 2633 1156 2671 etsi
1169 2648 1241 2671 me-

222 2686 290 2722 rito
315 2685 506 2735 suspectum
526 2713 537 2727 ‚
577 2697 697 2721 tamen
716 2686 801 2722 inter
829 2686 999 2736 legitimas
1024 2685 1148 2721 litteras
1166 2689 1241 2722 Ro-

225 2748 350 2772 manas
370 2748 390 2771 a
411 2734 574 2785 plerisque
591 2747 667 2772 tum
686 2749 757 2772 non
775 2736 930 2773 habitam
939 2748 1070 2772 certum
1081 2736 1137 2772 est.
1152 2739 1241 2773 Var-

225 2798 290 2822 ro:
316 2786 527 2822 Litterarum
538 2795 669 2834 partim
672 2785 817 2833 sunt&
827 2787 1009 2829 dicuntur,
1039 2796 1079 2823 ut
1091 2793 1127 2823 A
1138 2785 1191 2828 ΕΒΓ
1201 2792 1240 2822 Β.

216 2836 352 2885 purtim
370 2834 612 2878 dicuntum&
624 2836 949 2885 nonsunt,utH&
966 2845 1004 2873 X
1009 2853 1019 2872 .·
1024 2838 1157 2885 partim
1157 2837 1242 2884 sunt

222 2899 331 2936 mque
346 2885 527 2926 dicantur,
554 2895 595 2920 ut
620 2889 669 2931 φ,
700 2885 746 2931 ψ.
775 2887 881 2931 ideo,
910 2889 1156 2925 utViCtorinus
1173 2888 1237 2930 ait,

222 2935 383 2986 Higidius
401 2936 439 2971 iri
449 2935 520 2982 suis
539 2933 630 2970 libris
646 2948 685 2970 ea
700 2936 817 2973 littera
834 2951 899 2974 non
916 2938 957 2985 est
972 2938 1047 2983 usus
1057 2966 1069 2982 ,
1090 2938 1242 2987 antiqui—

222 2996 334 3024 tatem
352 2985 502 3034 sequens.
530 2987 571 3020 Et
592 2985 755 3033 Augustus
767 3015 777 3029 ,
791 3000 825 3023 ut
836 2988 914 3024 hinc
926 2983 1119 3038 colligimus
1130 3018 1141 3032 ,
1158 3000 1238 3025 eam

219 3049 381 3087 gravatus
398 3034 445 3071 est
462 3063 474 3078 ,
519 3033 702 3084 pracsertim
735 3047 806 3072 tam
832 3038 945 3074 alieno
969 3038 1050 3075 loco
1077 3038 1234 3088 positam.

219 3090 374 3141 Reperio
392 3089 430 3124 ὃ(
441 3086 479 3134 Ji
500 3098 564 3134 pro
592 3098 616 3121 x
638 3086 674 3122 in
695 3085 900 3137 quibusdam
929 3087 1135 3131 difflonibus
1153 3117 1164 3133 ,
1200 3102 1236 3129 ut

1139 755 1311 806 Deinde
1339 760 1463 804 etiam
1488 757 1722 804 eruditione
1746 757 2082 819 varialrepletus‚
2116 757 2298 819 Sphaeri‚

2194 823 2301 868 Arei

1282 899 1372 948 apud
1391 898 1594 937 Marcellum
1614 899 1827 949 Empiricum
1845 925 1856 941 ,
1890 897 2008 940 ascella
2025 910 2087 948 pro
2106 897 2202 935 axilla
2222 911 2295 948 cap.

1281 962 1344 988 xvi
1359 963 1369 986 1
1384 965 1410 989 1.
1442 955 1483 988 In
1508 949 1678 987 veteribus
1692 948 1933 985 monumentis
1944 949 2072 984 mirum
2090 961 2196 999 quam
2213 948 2301 998 saepe

1281 1011 1338 1036 aut
1357 1014 1398 1037 ex
1417 1000 1527 1037 i'abrffi
1547 1000 1715 1049 imperitia
1733 1028 1743 1043 ‚
1790 1009 1847 1034 aut
1871 1010 1974 1048 prava
2000 997 2094 1048 vulgi
2123 997 2302 1035 consuetu-

1281 1048 1360 1086 dine
1383 1055 1420 1087 &
1440 1050 1608 1088 scribendi
1631 1054 1667 1086 ὃ(
1685 1047 1943 1100 pronuntiandi,
1983 1047 2100 1085 litter-ce
2125 1049 2223 1094 hujus
2249 1047 2302 1085 so-

1282 1113 1342 1136 nus
1375 1102 1522 1151 asperior
1556 1100 1597 1137 fit
1626 1099 1734 1137 fastus
1765 1099 1959 1145 adjectione
1989 1097 2086 1136 sibili.
2146 1098 2302 1136 Sci-ibunt

1283 1152 1377 1186 enim
1397 1152 1559 1200 dirsbrit,
1572 1150 1772 1199 proscsumus
1784 1178 1796 1193 ,
1814 1150 1911 1197 uxfhr
1920 1177 1932 1193 ,
1947 1147 2124 1198 exsigatur.
2182 1147 2302 1186 Simile

1284 1201 1331 1237 est
1343 1202 1378 1238 in
1391 1203 1534 1252 antiquis
1556 1202 1648 1238 libris
1658 1201 1858 1250 sancxerit,
1872 1203 1909 1236 ὅ(
1926 1199 1960 1235 id
1979 1213 2099 1248 genus.

1339 1254 1477 1300 Qotles
1495 1262 1611 1288 autem
1624 1260 1683 1299 per
1696 1261 1793 1288 notas
1807 1250 1966 1299 scribit.]
1998 1253 2050 1287 Ita
2059 1248 2301 1295 membranae,

1283 1314 1357 1338 non
1375 1315 1409 1340 ut
1419 1302 1510 1339 male
1530 1302 1709 1353 vulgatum
1729 1312 1806 1338 ante
1824 1330 1835 1343 ‚
1854 1309 1914 1347 per
1932 1310 2059 1338 notam.
2088 1302 2182 1339 Dio:
2199 1299 2303 1337 Ἐπέ-

1284 1361 1386 1390 ςελλε
1408 1352 1444 1389 ὂὸὲ
1456 1353 1515 1389 zoe}
1530 1353 1661 1392 ἐκεινοις
1672 1381 1683 1395 ,
1705 1351 1764 1387 καὶ
1777 1354 1844 1392 τοῖς
1859 1350 1977 1390 ἄλλοις
1987 1353 2055 1391 τοῖς
2066 1351 2155 1388 πάνυ
2165 1352 2301 1395 Φίλοις,

1284 1402 1386 1439 ὁπότε
1407 1404 1438 1439 τὶ
1457 1402 1564 1439 δέοιτο
1582 1402 1624 1440 δι’
1643 1400 1838 1450 ἀπορῤἦτων
1857 1401 1958 1445 σφίσι-ι
1976 1399 2153 1445 δηλῶσαι,
2178 1400 2303 1438 &3521-

1284 1469 1368 1501 τερον
1383 1456 1435 1490 ἀει
1457 1456 1603 1500 ςοιχεῖον
1622 1455 1669 1490 τέ’
1679 1449 1866 1499 τῷρἦ-οιτι
1884 1450 2304 1498 προτῆκοντοςάντ’ἐκει’ν8

1285 1504 1540 1553 ἁντεγγροίφων.

1340 1560 1404 1591 Pro
1427 1569 1451 1593 z
1468 1564 1583 1591 autem
1602 1553 1723 1602 duplex
1732 1551 1815 1601 aa]
1844 1550 1937 1589 Male
1947 1564 2074 1588 omnes
2090 1550 2174 1588 libb.
2195 1560 2302 1600 prox.

1285 1618 1338 1642 res
1362 1605 1433 1656 ipsa
1452 1607 1559 1656 arguit
1577 1605 1735 1642 ultimam
1752 1604 1899 1640 litteram
1916 1602 2079 1652 intelligi:
2103 1605 2141 1639 ὅ(
2158 1604 2307 1640 itareste

1286 1655 1445 1706 scripturn
1463 1658 1498 1692 in
1523 1656 1578 1692 illa
1598 1654 1740 1705 insipida
1767 1658 1804 1691 ὃς
1832 1652 1953 1690 insulsa
1976 1651 2117 1704 epistola
2135 1681 2148 1697 ,
2195 1665 2304 1704 quam

1289 1706 1418 1748 ἐυήθως
1438 1707 1536 1757 plane
1559 1705 1714 1744 Isidorus
1741 1716 1778 1742 ut
1795 1703 1936 1756 Augusti
1954 1703 1998 1740 ad
2017 1705 2147 1751 Caium
2172 1702 2304 1754 profert

1283 1757 1371 1794 libro
1386 1772 1413 1795 1.
1434 1760 1543 1807 capite
1563 1771 1665 1795 xxiv.

1341 1814 1396 1852 89.
1428 1808 1589 1857 Magistro
1604 1806 1739 1844 dicendi
1761 1805 1837 1855 usus
1860 1805 2039 1854 Apollodro
2057 1809 2271 1852 Pergameno.
2282 1803 2303 1853 ]

1281 1858 1572 1906 Qintilianuslib.
1592 1874 1602 1895 1
1616 1873 1627 1895 ι
1641 1873 1667 1896 1.
1681 1858 1897 1906 Apollodorus
1907 1862 2132 1903 Pergamenus
2136 1863 2308 1904 praeceptor

1284 1910 1461 1958 Apollonia
1478 1909 1615 1958 Casaris
1636 1907 1777 1958 Augusti
1788 1908 1873 1953 fuit.
1905 1906 1998 1957 plura
2020 1905 2063 1942 de
2083 1905 2149 1942 hoc
2168 1905 2303 1943 Strabo.

1340 1960 1538 2003 Erffllitione
1559 1961 1659 1995 varia
1682 1958 1822 2007 repletus
1842 1955 1999 2006 Sphaeri]
2027 1959 2107 1992 Hoc
2118 1954 2187 1998 est,
2206 1964 2306 1999 φιλο-

1287 2009 1409 2053 λογίαν
1420 2010 1480 2046 καὶ
1500 2009 1742 2053 πολυμάθειαν
1759 2007 1916 2049 δισκήσαις
1937 2036 1948 2051 ,
1987 2006 2131 2043 ἀοὲὶοιέ
2150 2006 2304 2055 Sphaero.

1288 2063 1369 2098 Hoc
1386 2061 1457 2100 vult
1475 2060 1711 2110 Tranquillus,
1743 2057 1835 2108 quod
1852 2058 1950 2107 pauci
1973 2056 2217 2093 observarunt:
2237 2058 2307 2094 Au-

1287 2112 1423 2160 gustum
1442 2112 1478 2147 in
1496 2110 1690 2160 eloquentia
1707 2112 1828 2145 Graeca
1849 2107 1946 2144 usum
1965 2118 2175 2158 praeceptore
2196 2107 2306 2157 Apol-

1288 2161 1415 2199 lodoro
1424 2188 1436 2205 ,
1475 2163 1510 2198 in
1529 2160 1714 2211 philologia
1731 2158 1891 2209 Sphaero,
1924 2159 1960 2194 in
1979 2156 2193 2207 philosophia
2211 2159 2306 2195 Areo

1289 2217 1327 2249 ὃ(
1346 2211 1423 2249 filiis
1442 2214 1523 2258 ejus.
1571 2210 1718 2261 Appello
1743 2208 1950 2253 φιλολογίαν
1970 2207 2115 2244 historia:
2134 2210 2172 2243 ὃ(
2190 2221 2306 2245 rerum

1289 2264 1504 2313 antiquarum
1519 2263 1758 2312 cognitionem
1776 2259 1966 2309 litterasque
1976 2258 2308 2308 humaniore53quas

1292 2315 1349 2363 qui
1376 2325 1495 2350 tenent
1523 2313 1644 2350 eruditi
1662 2312 1800 2361 proprie
1819 2321 1985 2349 vocantur
2003 2338 2015 2353 ,
2061 2319 2098 2345 ut
2126 2307 2228 2355 dpcet
2256 2311 2306 2346 M.

1293 2363 1435 2407 Tullius,
1492 2363 1578 2401 Inde
1588 2363 1752 2401 Suetonio
1772 2359 1969 2404 φιλολογίοι
1986 2387 1998 2402 ,
2036 2358 2181 2395 eruditio
2199 2359 2308 2395 varia

1293 2426 1502 2464 nuncupatur
1517 2443 1529 2458 ‚
1560 2426 1596 2450 ut
1611 2413 1665 2450 hic
1687 2427 1697 2450 ι
1724 2411 1779 2451 vel
1799 2410 1925 2450 διπλαῖς
1949 2410 2106 2447 eruditio.
2151 2408 2230 2447 Lib.
2254 2422 2306 2448 1v.

1291 2470 1319 2501 li
1339 2465 1520 2514 disciplinis
1539 2462 1925 2500 liberalibusminimum
1941 2458 2145 2502 eruditioni,
2157 2459 2308 2509 eloquen-

1289 2516 1339 2552 tiae
1348 2515 1539 2565 plurimum
1555 2513 1716 2550 attendit.
1773 2512 1951 2563 Sphoerum
1971 2511 2061 2547 hunc
2085 2509 2202 2546 eumse
2219 2506 2307 2554 effe,

1289 2580 1395 2617 quem
1417 2567 1493 2602 ‹Dio
1521 2566 1662 2602 Ostavii
1688 2563 1850 2600 libertum
1878 2565 1916 2599 &
1933 2561 2166 2613 paedagogum
2191 2561 2306 2598 nomi-

1290 2629 1370 2662 nat,
1402 2628 1576 2666 quemque
1598 2615 1644 2651 ab
1668 2627 1712 2650 eo
1739 2612 1877 2663 publico
1899 2610 2019 2650 fiinere
2053 2611 2183 2649 elatum
2209 2620 2305 2647 notat

1290 2667 1349 2706 lib.
1360 2680 1472 2707 xtv11
1486 2680 1513 2704 1.
1536 2679 1610 2704 non
1626 2663 1864 2703 dubitandum.

1647 2770 1950 2807 meor..

1349 2843 1403 2881 89.
1434 2837 1634 2875 Eruditione
1647 2838 1752 2874 varia
1767 2835 1906 2886 repletus
1922 2833 2078 2882 suhart]
2099 2833 2308 2884 Legendum

1292 2900 1333 2924 ex
1350 2888 1497 2937 vestigiis
1508 2890 1632 2926 veteris
1649 2888 1794 2931 codicis,
1821 2885 2006 2922 eruditione
2017 2886 2121 2921 varia
2140 2885 2278 2933 repletus
2289 2913 2302 2929 ,

1291 2949 1329 2973 ut
1349 2939 1436 2974 Arei
1446 2939 1652 2987 'phiiofhphi‚
1672 2938 1891 2986 filiorumque
1910 2935 1977 2984 ejus
1995 2933 2149 2984 Dionyfii
2166 2934 2218 2978 ξδ’
2239 2936 2304 2972 Ni-

1291 2989 1420 3025 canoris
1445 2990 1709 3026 contubernium.
1767 2989 1867 3024 Nam
1903 2984 2121 3022 membranae
2148 2999 2220 3022 non
2245 2985 2304 3021 ha-

1293 3039 1393 3084 bent,
1408 3040 1500 3076 iniit.
1557 3044 1601 3077 Et
1618 3038 1773 3092 Sphaerus
1787 3036 1841 3075 ille
1856 3035 2073 3088 philosophus
2081 3036 2164 3075 nihil
2180 3035 2225 3073 ad
2234 3035 2302 3072 Au-

1289 3091 1436 3141 gustum.
1468 3093 1625 3131 saeuas.
2148 3138 2184 3176 Τ

2211 3148 2236 3174 ο
2261 3148 2301 3174 R-
