<?xml version="1.0" encoding="UTF-8"?>
<!DOCTYPE html PUBLIC "-//W3C//DTD XHTML 1.0 Transitional//EN"
    "http://www.w3.org/TR/xhtml1/DTD/xhtml1-transitional.dtd">
<html xmlns="http://www.w3.org/1999/xhtml" xml:lang="en" lang="en">
 <head>
  <title>
</title>
<meta http-equiv="Content-Type" content="text/html;charset=utf-8" />
  <meta name='ocr-system' content='tesseract 3.04.00' />
  <meta name='ocr-capabilities' content='ocr_page ocr_carea ocr_par ocr_line ocrx_word'/>
</head>
<body>
  <div class='ocr_page' id='page_1' title='image "./csuetoniustranqu00suet_0840.png"; bbox 0 0 2504 3425; ppageno 0'>
   <div class='ocr_carea' id='block_1_1' title="bbox 238 195 1785 283">
    <p class='ocr_par' dir='ltr' id='par_1_1' title="bbox 238 195 1785 283">
     <span class='ocr_line' id='line_1_1' title="bbox 238 195 1785 283; baseline -0.017 -8"><span class='ocrx_word' id='word_1_1' title='bbox 238 230 270 283; x_wconf 83' lang='lat'>6</span> <span class='ocrx_word' id='word_1_2' title='bbox 845 195 1785 266; x_wconf 86' lang='lat' dir='ltr'>DEDICATIO.</span> 
     </span>
    </p>
   </div>
   <div class='ocr_carea' id='block_1_2' title="bbox 233 288 2359 2044">
    <p class='ocr_par' dir='ltr' id='par_1_2' title="bbox 233 288 2359 2044">
     <span class='ocr_line' id='line_1_2' title="bbox 242 288 2324 389; baseline -0.014 -15"><span class='ocrx_word' id='word_1_3' title='bbox 242 317 408 374; x_wconf 64' lang='lat' dir='ltr'>nouis</span> <span class='ocrx_word' id='word_1_4' title='bbox 424 316 621 389; x_wconf 81' lang='lat' dir='ltr'>nigrore</span> <span class='ocrx_word' id='word_1_5' title='bbox 635 317 685 365; x_wconf 69' lang='lat' dir='ltr'>Sc</span> <span class='ocrx_word' id='word_1_6' title='bbox 699 305 834 380; x_wconf 77' lang='lat' dir='ltr'>quasi</span> <span class='ocrx_word' id='word_1_7' title='bbox 849 302 1042 356; x_wconf 88' lang='lat' dir='ltr'>tristitia</span> <span class='ocrx_word' id='word_1_8' title='bbox 1075 320 1084 351; x_wconf 75' lang='grc' dir='ltr'><strong><em>ε</em></strong></span> <span class='ocrx_word' id='word_1_9' title='bbox 1125 294 1326 350; x_wconf 87' lang='lat' dir='ltr'>virtutis</span> <span class='ocrx_word' id='word_1_10' title='bbox 1340 291 1529 363; x_wconf 86' lang='lat' dir='ltr'>species</span> <span class='ocrx_word' id='word_1_11' title='bbox 1543 307 1600 341; x_wconf 87' lang='lat' dir='ltr'>ac</span> <span class='ocrx_word' id='word_1_12' title='bbox 1616 289 1952 361; x_wconf 81' lang='lat' dir='ltr'><strong>pulchritudo</strong></span> <span class='ocrx_word' id='word_1_13' title='bbox 1967 328 1984 355; x_wconf 83' lang='lat'>‚</span> <span class='ocrx_word' id='word_1_14' title='bbox 2021 289 2138 344; x_wconf 85' lang='lat' dir='ltr'>vitii</span> <span class='ocrx_word' id='word_1_15' title='bbox 2150 288 2324 345; x_wconf 85' lang='lat' dir='ltr'>defor-</span> 
     </span>
     <span class='ocr_line' id='line_1_3' title="bbox 244 360 2325 454; baseline -0.014 -8"><span class='ocrx_word' id='word_1_16' title='bbox 244 395 422 447; x_wconf 80' lang='lat' dir='ltr'>mitate</span> <span class='ocrx_word' id='word_1_17' title='bbox 445 408 500 440; x_wconf 86' lang='lat' dir='ltr'>ac</span> <span class='ocrx_word' id='word_1_18' title='bbox 530 381 846 454; x_wconf 77' lang='lat' dir='ltr'>turpitudine</span> <span class='ocrx_word' id='word_1_19' title='bbox 871 371 1109 446; x_wconf 80' lang='lat' dir='ltr'>opposita</span> <span class='ocrx_word' id='word_1_20' title='bbox 1137 366 1355 438; x_wconf 81' lang='lat' dir='ltr'>intelligi</span> <span class='ocrx_word' id='word_1_21' title='bbox 1383 363 1585 417; x_wconf 72' lang='lat' dir='ltr'>facilius</span> <span class='ocrx_word' id='word_1_22' title='bbox 1615 360 1794 434; x_wconf 88' lang='lat' dir='ltr'>potest.</span> <span class='ocrx_word' id='word_1_23' title='bbox 1873 363 2076 417; x_wconf 80' lang='lat' dir='ltr'>Etenim</span> <span class='ocrx_word' id='word_1_24' title='bbox 2092 364 2244 437; x_wconf 81' lang='lat' dir='ltr'>quod</span> <span class='ocrx_word' id='word_1_25' title='bbox 2258 364 2325 417; x_wconf 83' lang='lat' dir='ltr'>de</span> 
     </span>
     <span class='ocr_line' id='line_1_4' title="bbox 246 435 2327 528; baseline -0.012 -13"><span class='ocrx_word' id='word_1_26' title='bbox 246 466 352 518; x_wconf 89' lang='lat' dir='ltr'>Cn.</span> <span class='ocrx_word' id='word_1_27' title='bbox 376 460 624 528; x_wconf 73' lang='lat' dir='ltr'>Pompeio</span> <span class='ocrx_word' id='word_1_28' title='bbox 654 453 733 505; x_wconf 85' lang='lat' dir='ltr'>M.</span> <span class='ocrx_word' id='word_1_29' title='bbox 767 446 1062 522; x_wconf 79' lang='lat' dir='ltr'>praedicavit</span> <span class='ocrx_word' id='word_1_30' title='bbox 1077 440 1388 513; x_wconf 77' lang='lat' dir='ltr'>eloquentiae</span> <span class='ocrx_word' id='word_1_31' title='bbox 1406 440 1654 493; x_wconf 64' lang='lat' dir='ltr'>Romanae</span> <span class='ocrx_word' id='word_1_32' title='bbox 1669 448 1811 506; x_wconf 88' lang='lat' dir='ltr'>pater</span> <span class='ocrx_word' id='word_1_33' title='bbox 1826 472 1841 496; x_wconf 87' lang='lat'>,</span> <span class='ocrx_word' id='word_1_34' title='bbox 1878 435 2093 507; x_wconf 86' lang='lat' dir='ltr'>deJulio</span> <span class='ocrx_word' id='word_1_35' title='bbox 2108 438 2327 509; x_wconf 82' lang='lat' dir='ltr'>Agrico-</span> 
     </span>
     <span class='ocr_line' id='line_1_5' title="bbox 245 505 2329 589; baseline -0.011 -3"><span class='ocrx_word' id='word_1_36' title='bbox 245 538 292 589; x_wconf 80' lang='lat' dir='ltr'>la</span> <span class='ocrx_word' id='word_1_37' title='bbox 321 535 406 584; x_wconf 86' lang='lat' dir='ltr'>suo</span> <span class='ocrx_word' id='word_1_38' title='bbox 449 530 496 581; x_wconf 88' lang='lat' dir='ltr'>C</span> <span class='ocrx_word' id='word_1_39' title='bbox 541 519 757 581; x_wconf 76' lang='lat' dir='ltr'>Tacitus</span> <span class='ocrx_word' id='word_1_40' title='bbox 786 560 801 584; x_wconf 85' lang='lat'>,</span> <span class='ocrx_word' id='word_1_41' title='bbox 854 537 961 575; x_wconf 72' lang='lat' dir='ltr'>cum</span> <span class='ocrx_word' id='word_1_42' title='bbox 985 516 1250 572; x_wconf 59' lang='lat' dir='ltr'>virtutihus</span> <span class='ocrx_word' id='word_1_43' title='bbox 1270 528 1375 564; x_wconf 72' lang='lat' dir='ltr'>eum</span> <span class='ocrx_word' id='word_1_44' title='bbox 1397 511 1504 584; x_wconf 79' lang='lat' dir='ltr'>sitis</span> <span class='ocrx_word' id='word_1_45' title='bbox 1529 551 1541 569; x_wconf 93' lang='lat'>,</span> <span class='ocrx_word' id='word_1_46' title='bbox 1595 520 1699 560; x_wconf 77' lang='lat' dir='ltr'>tum</span> <span class='ocrx_word' id='word_1_47' title='bbox 1722 505 1880 561; x_wconf 78' lang='lat' dir='ltr'>alienis</span> <span class='ocrx_word' id='word_1_48' title='bbox 1904 511 2044 561; x_wconf 80' lang='lat' dir='ltr'>etiam</span> <span class='ocrx_word' id='word_1_49' title='bbox 2068 512 2202 563; x_wconf 81' lang='lat' dir='ltr'>vitiis</span> <span class='ocrx_word' id='word_1_50' title='bbox 2225 527 2329 563; x_wconf 82' lang='lat' dir='ltr'>ma-</span> 
     </span>
     <span class='ocr_line' id='line_1_6' title="bbox 233 578 2331 679; baseline -0.004 -35"><span class='ocrx_word' id='word_1_51' title='bbox 233 622 387 679; x_wconf 50' lang='lat' dir='ltr'>gnum</span> <span class='ocrx_word' id='word_1_52' title='bbox 421 598 551 672; x_wconf 64' lang='lat' dir='ltr'>fmſj}</span> <span class='ocrx_word' id='word_1_53' title='bbox 578 644 588 661; x_wconf 88' lang='lat'>‚</span> <span class='ocrx_word' id='word_1_54' title='bbox 643 598 744 649; x_wconf 87' lang='lat' dir='ltr'>hoc</span> <span class='ocrx_word' id='word_1_55' title='bbox 777 595 840 647; x_wconf 87' lang='lat' dir='ltr'>de</span> <span class='ocrx_word' id='word_1_56' title='bbox 875 588 1181 664; x_wconf 75' lang='lat' dir='ltr'>Vespasiano</span> <span class='ocrx_word' id='word_1_57' title='bbox 1208 599 1349 658; x_wconf 86' lang='lat' dir='ltr'>patre</span> <span class='ocrx_word' id='word_1_58' title='bbox 1387 601 1446 635; x_wconf 91' lang='lat' dir='ltr'>ac</span> <span class='ocrx_word' id='word_1_59' title='bbox 1485 582 1621 634; x_wconf 75' lang='lat' dir='ltr'>Tito</span> <span class='ocrx_word' id='word_1_60' title='bbox 1660 578 1773 631; x_wconf 84' lang='lat' dir='ltr'>filio</span> <span class='ocrx_word' id='word_1_61' title='bbox 1815 597 1921 632; x_wconf 89' lang='lat' dir='ltr'>non</span> <span class='ocrx_word' id='word_1_62' title='bbox 1949 581 2116 632; x_wconf 85' lang='lat' dir='ltr'>minus</span> <span class='ocrx_word' id='word_1_63' title='bbox 2143 600 2331 635; x_wconf 85' lang='lat' dir='ltr'>conve-</span> 
     </span>
     <span class='ocr_line' id='line_1_7' title="bbox 248 651 2336 731; baseline -0.011 -1"><span class='ocrx_word' id='word_1_64' title='bbox 248 692 443 731; x_wconf 77' lang='lat' dir='ltr'>menter</span> <span class='ocrx_word' id='word_1_65' title='bbox 466 672 795 725; x_wconf 85' lang='lat' dir='ltr'>enunciemus</span> <span class='ocrx_word' id='word_1_66' title='bbox 821 667 939 718; x_wconf 84' lang='lat' dir='ltr'>licet</span> <span class='ocrx_word' id='word_1_67' title='bbox 968 702 982 726; x_wconf 91' lang='lat'><em>,</em></span> <span class='ocrx_word' id='word_1_68' title='bbox 1034 680 1120 715; x_wconf 86' lang='lat' dir='ltr'>eos</span> <span class='ocrx_word' id='word_1_69' title='bbox 1144 678 1246 712; x_wconf 88' lang='lat' dir='ltr'>non</span> <span class='ocrx_word' id='word_1_70' title='bbox 1271 657 1370 711; x_wconf 85' lang='lat' dir='ltr'>suis</span> <span class='ocrx_word' id='word_1_71' title='bbox 1396 654 1560 707; x_wconf 87' lang='lat' dir='ltr'>solum</span> <span class='ocrx_word' id='word_1_72' title='bbox 1587 652 1859 705; x_wconf 87' lang='lat' dir='ltr'>virtutibus</span> <span class='ocrx_word' id='word_1_73' title='bbox 1875 689 1891 715; x_wconf 89' lang='lat'>,</span> <span class='ocrx_word' id='word_1_74' title='bbox 1929 651 2012 705; x_wconf 87' lang='lat' dir='ltr'>sed</span> <span class='ocrx_word' id='word_1_75' title='bbox 2040 652 2336 707; x_wconf 88' lang='lat' dir='ltr'>Domitiani</span> 
     </span>
     <span class='ocr_line' id='line_1_8' title="bbox 247 723 2337 816; baseline -0.01 -16"><span class='ocrx_word' id='word_1_76' title='bbox 247 750 389 804; x_wconf 86' lang='lat' dir='ltr'>vitiis</span> <span class='ocrx_word' id='word_1_77' title='bbox 417 763 629 816; x_wconf 85' lang='lat' dir='ltr'>quoque</span> <span class='ocrx_word' id='word_1_78' title='bbox 657 756 869 814; x_wconf 79' lang='lat' dir='ltr'>magnos</span> <span class='ocrx_word' id='word_1_79' title='bbox 895 736 1005 789; x_wconf 85' lang='lat' dir='ltr'>esse.</span> <span class='ocrx_word' id='word_1_80' title='bbox 1084 734 1202 787; x_wconf 87' lang='lat' dir='ltr'>Hae</span> <span class='ocrx_word' id='word_1_81' title='bbox 1231 735 1403 801; x_wconf 85' lang='lat' dir='ltr'>itaque</span> <span class='ocrx_word' id='word_1_82' title='bbox 1434 745 1569 780; x_wconf 89' lang='lat' dir='ltr'>nunc</span> <span class='ocrx_word' id='word_1_83' title='bbox 1583 725 1737 777; x_wconf 84' lang='lat' dir='ltr'>etiam</span> <span class='ocrx_word' id='word_1_84' title='bbox 1754 739 1926 777; x_wconf 89' lang='lat' dir='ltr'>mente</span> <span class='ocrx_word' id='word_1_85' title='bbox 1941 744 1998 778; x_wconf 89' lang='lat' dir='ltr'>ac</span> <span class='ocrx_word' id='word_1_86' title='bbox 2014 723 2118 777; x_wconf 89' lang='lat' dir='ltr'>fine</span> <span class='ocrx_word' id='word_1_87' title='bbox 2130 740 2227 778; x_wconf 85' lang='lat' dir='ltr'>tres</span> <span class='ocrx_word' id='word_1_88' title='bbox 2241 728 2337 780; x_wconf 86' lang='lat' dir='ltr'>tibi</span> 
     </span>
     <span class='ocr_line' id='line_1_9' title="bbox 247 797 2337 883; baseline -0.011 -10"><span class='ocrx_word' id='word_1_89' title='bbox 247 822 336 873; x_wconf 84' lang='lat' dir='ltr'>uni</span> <span class='ocrx_word' id='word_1_90' title='bbox 354 817 518 871; x_wconf 85' lang='lat' dir='ltr'>offero</span> <span class='ocrx_word' id='word_1_91' title='bbox 536 856 550 881; x_wconf 90' lang='lat'>,</span> <span class='ocrx_word' id='word_1_92' title='bbox 588 816 672 868; x_wconf 89' lang='lat' dir='ltr'>sed</span> <span class='ocrx_word' id='word_1_93' title='bbox 687 832 789 866; x_wconf 87' lang='lat' dir='ltr'>non</span> <span class='ocrx_word' id='word_1_94' title='bbox 802 830 902 883; x_wconf 89' lang='lat' dir='ltr'>qua</span> <span class='ocrx_word' id='word_1_95' title='bbox 918 808 1066 881; x_wconf 88' lang='lat' dir='ltr'>potui</span> <span class='ocrx_word' id='word_1_96' title='bbox 1085 825 1244 877; x_wconf 88' lang='lat' dir='ltr'>nuper</span> <span class='ocrx_word' id='word_1_97' title='bbox 1259 802 1433 857; x_wconf 82' lang='lat' dir='ltr'>laetitia</span> <span class='ocrx_word' id='word_1_98' title='bbox 1450 805 1501 854; x_wconf 73' lang='lat' dir='ltr'>&amp;c</span> <span class='ocrx_word' id='word_1_99' title='bbox 1517 799 1773 852; x_wconf 75' lang='lat' dir='ltr'>alacritate</span> <span class='ocrx_word' id='word_1_100' title='bbox 1797 835 1812 861; x_wconf 84' lang='lat'>‚</span> <span class='ocrx_word' id='word_1_101' title='bbox 1850 797 2125 869; x_wconf 88' lang='lat' dir='ltr'>postquam</span> <span class='ocrx_word' id='word_1_102' title='bbox 2141 798 2229 850; x_wconf 88' lang='lat' dir='ltr'>ille</span> <span class='ocrx_word' id='word_1_103' title='bbox 2243 798 2337 851; x_wconf 90' lang='lat' dir='ltr'>hu-</span> 
     </span>
     <span class='ocr_line' id='line_1_10' title="bbox 244 869 2341 964; baseline -0.007 -25"><span class='ocrx_word' id='word_1_104' title='bbox 244 895 325 964; x_wconf 78' lang='lat' dir='ltr'>jus</span> <span class='ocrx_word' id='word_1_105' title='bbox 354 891 558 962; x_wconf 76' lang='lat' dir='ltr'>imperii</span> <span class='ocrx_word' id='word_1_106' title='bbox 581 885 873 959; x_wconf 80' lang='lat' dir='ltr'>amplissimi</span> <span class='ocrx_word' id='word_1_107' title='bbox 887 881 1161 941; x_wconf 80' lang='lat' dir='ltr'>Camillus,</span> <span class='ocrx_word' id='word_1_108' title='bbox 1176 878 1260 930; x_wconf 86' lang='lat' dir='ltr'>ille</span> <span class='ocrx_word' id='word_1_109' title='bbox 1283 875 1437 946; x_wconf 61' lang='lat' dir='ltr'>Regii</span> <span class='ocrx_word' id='word_1_110' title='bbox 1453 871 1836 926; x_wconf 84' lang='lat' dir='ltr'>Borboniorum</span> <span class='ocrx_word' id='word_1_111' title='bbox 1853 869 2127 923; x_wconf 86' lang='lat' dir='ltr'>stemmatis</span> <span class='ocrx_word' id='word_1_112' title='bbox 2140 871 2239 923; x_wconf 87' lang='lat' dir='ltr'>flos</span> <span class='ocrx_word' id='word_1_113' title='bbox 2251 871 2341 924; x_wconf 90' lang='lat' dir='ltr'>de-</span> 
     </span>
     <span class='ocr_line' id='line_1_11' title="bbox 249 942 2343 1020; baseline -0.01 -2"><span class='ocrx_word' id='word_1_114' title='bbox 249 967 435 1018; x_wconf 81' lang='lat' dir='ltr'>libatus</span> <span class='ocrx_word' id='word_1_115' title='bbox 460 965 512 1014; x_wconf 87' lang='lat' dir='ltr'>in</span> <span class='ocrx_word' id='word_1_116' title='bbox 539 961 863 1017; x_wconf 50' lang='lat' dir='ltr'>victoriarum</span> <span class='ocrx_word' id='word_1_117' title='bbox 892 955 1090 1008; x_wconf 85' lang='lat' dir='ltr'>suarum</span> <span class='ocrx_word' id='word_1_118' title='bbox 1105 970 1162 1004; x_wconf 92' lang='lat' dir='ltr'>ac</span> <span class='ocrx_word' id='word_1_119' title='bbox 1176 948 1557 1020; x_wconf 83' lang='lat' dir='ltr'>triumphorum</span> <span class='ocrx_word' id='word_1_120' title='bbox 1576 942 1746 1007; x_wconf 74' lang='lat' dir='ltr'>cursil,</span> <span class='ocrx_word' id='word_1_121' title='bbox 1786 942 1927 1014; x_wconf 79' lang='lat' dir='ltr'>quasi</span> <span class='ocrx_word' id='word_1_122' title='bbox 1940 944 2112 997; x_wconf 88' lang='lat' dir='ltr'>medio</span> <span class='ocrx_word' id='word_1_123' title='bbox 2126 942 2240 1015; x_wconf 87' lang='lat' dir='ltr'>ipso</span> <span class='ocrx_word' id='word_1_124' title='bbox 2255 944 2343 997; x_wconf 87' lang='lat' dir='ltr'>die</span> 
     </span>
     <span class='ocr_line' id='line_1_12' title="bbox 251 1015 2342 1097; baseline -0.011 -5"><span class='ocrx_word' id='word_1_125' title='bbox 251 1037 454 1093; x_wconf 87' lang='lat' dir='ltr'>lucidus</span> <span class='ocrx_word' id='word_1_126' title='bbox 478 1037 616 1089; x_wconf 84' lang='lat' dir='ltr'>orbis</span> <span class='ocrx_word' id='word_1_127' title='bbox 648 1032 784 1087; x_wconf 85' lang='lat' dir='ltr'>Solis</span> <span class='ocrx_word' id='word_1_128' title='bbox 799 1068 815 1092; x_wconf 86' lang='lat'>‚</span> <span class='ocrx_word' id='word_1_129' title='bbox 857 1025 1243 1097; x_wconf 87' lang='lat' dir='ltr'>obstupescente</span> <span class='ocrx_word' id='word_1_130' title='bbox 1257 1038 1436 1095; x_wconf 86' lang='lat' dir='ltr'>genere</span> <span class='ocrx_word' id='word_1_131' title='bbox 1452 1019 1677 1071; x_wconf 87' lang='lat' dir='ltr'>humano</span> <span class='ocrx_word' id='word_1_132' title='bbox 1694 1054 1710 1079; x_wconf 86' lang='grc'>,</span> <span class='ocrx_word' id='word_1_133' title='bbox 1748 1030 1919 1087; x_wconf 85' lang='lat' dir='ltr'>raptus</span> <span class='ocrx_word' id='word_1_134' title='bbox 1936 1017 1985 1069; x_wconf 88' lang='lat' dir='ltr'>in</span> <span class='ocrx_word' id='word_1_135' title='bbox 2001 1016 2238 1070; x_wconf 90' lang='lat' dir='ltr'>occasum</span> <span class='ocrx_word' id='word_1_136' title='bbox 2255 1015 2342 1070; x_wconf 87' lang='lat' dir='ltr'>est.</span> 
     </span>
     <span class='ocr_line' id='line_1_13' title="bbox 254 1087 2348 1174; baseline -0.01 -11"><span class='ocrx_word' id='word_1_137' title='bbox 254 1111 351 1164; x_wconf 90' lang='lat' dir='ltr'>Tu</span> <span class='ocrx_word' id='word_1_138' title='bbox 364 1125 531 1161; x_wconf 90' lang='lat' dir='ltr'>tamen</span> <span class='ocrx_word' id='word_1_139' title='bbox 546 1151 558 1168; x_wconf 91' lang='lat'><em>‚</em></span> <span class='ocrx_word' id='word_1_140' title='bbox 604 1107 701 1160; x_wconf 88' lang='lat' dir='ltr'>Vir</span> <span class='ocrx_word' id='word_1_141' title='bbox 716 1100 1016 1174; x_wconf 83' lang='lat' dir='ltr'>amplissime</span> <span class='ocrx_word' id='word_1_142' title='bbox 1033 1136 1048 1160; x_wconf 84' lang='lat'>,</span> <span class='ocrx_word' id='word_1_143' title='bbox 1088 1096 1197 1167; x_wconf 83' lang='lat' dir='ltr'>pari</span> <span class='ocrx_word' id='word_1_144' title='bbox 1214 1113 1315 1146; x_wconf 90' lang='lat' dir='ltr'>non</span> <span class='ocrx_word' id='word_1_145' title='bbox 1332 1092 1541 1164; x_wconf 87' lang='lat' dir='ltr'>quidem</span> <span class='ocrx_word' id='word_1_146' title='bbox 1560 1089 1742 1141; x_wconf 88' lang='lat' dir='ltr'>frontis</span> <span class='ocrx_word' id='word_1_147' title='bbox 1755 1087 2014 1142; x_wconf 83' lang='lat' dir='ltr'>serenitate</span> <span class='ocrx_word' id='word_1_148' title='bbox 2032 1128 2046 1152; x_wconf 85' lang='lat'>‚</span> <span class='ocrx_word' id='word_1_149' title='bbox 2073 1090 2221 1160; x_wconf 90' lang='lat' dir='ltr'>quod</span> <span class='ocrx_word' id='word_1_150' title='bbox 2235 1088 2348 1144; x_wconf 85' lang='lat' dir='ltr'>fieri</span> 
     </span>
     <span class='ocr_line' id='line_1_14' title="bbox 255 1160 2347 1253; baseline -0.012 -17"><span class='ocrx_word' id='word_1_151' title='bbox 255 1200 359 1236; x_wconf 88' lang='lat' dir='ltr'>non</span> <span class='ocrx_word' id='word_1_152' title='bbox 376 1180 540 1253; x_wconf 88' lang='lat' dir='ltr'>potest</span> <span class='ocrx_word' id='word_1_153' title='bbox 556 1219 572 1243; x_wconf 86' lang='lat'>,</span> <span class='ocrx_word' id='word_1_154' title='bbox 610 1173 963 1230; x_wconf 84' lang='lat' dir='ltr'>benevolentia</span> <span class='ocrx_word' id='word_1_155' title='bbox 976 1185 1144 1222; x_wconf 88' lang='lat' dir='ltr'>tamen</span> <span class='ocrx_word' id='word_1_156' title='bbox 1156 1172 1206 1220; x_wconf 69' lang='grc' dir='ltr'>δε</span> <span class='ocrx_word' id='word_1_157' title='bbox 1221 1164 1539 1219; x_wconf 85' lang='lat' dir='ltr'>humanitate</span> <span class='ocrx_word' id='word_1_158' title='bbox 1554 1162 1774 1230; x_wconf 87' lang='lat' dir='ltr'>accipies</span> <span class='ocrx_word' id='word_1_159' title='bbox 1789 1160 1891 1212; x_wconf 90' lang='lat' dir='ltr'>hoc</span> <span class='ocrx_word' id='word_1_160' title='bbox 1904 1163 2101 1234; x_wconf 84' lang='lat' dir='ltr'>ingenii</span> <span class='ocrx_word' id='word_1_161' title='bbox 2116 1163 2217 1215; x_wconf 90' lang='lat' dir='ltr'>mei</span> <span class='ocrx_word' id='word_1_162' title='bbox 2234 1180 2347 1215; x_wconf 85' lang='lat' dir='ltr'>mu-</span> 
     </span>
     <span class='ocr_line' id='line_1_15' title="bbox 257 1232 2348 1322; baseline -0.01 -14"><span class='ocrx_word' id='word_1_163' title='bbox 257 1272 351 1309; x_wconf 85' lang='lat' dir='ltr'>nus</span> <span class='ocrx_word' id='word_1_164' title='bbox 379 1276 388 1306; x_wconf 94' lang='lat'>:</span> <span class='ocrx_word' id='word_1_165' title='bbox 431 1253 576 1321; x_wconf 87' lang='lat' dir='ltr'>quod</span> <span class='ocrx_word' id='word_1_166' title='bbox 603 1264 896 1322; x_wconf 80' lang='lat' dir='ltr'>quanquam</span> <span class='ocrx_word' id='word_1_167' title='bbox 925 1243 1089 1315; x_wconf 86' lang='lat' dir='ltr'>ipsum</span> <span class='ocrx_word' id='word_1_168' title='bbox 1117 1258 1206 1312; x_wconf 91' lang='lat' dir='ltr'>per</span> <span class='ocrx_word' id='word_1_169' title='bbox 1231 1239 1278 1292; x_wconf 92' lang='lat' dir='ltr'>se</span> <span class='ocrx_word' id='word_1_170' title='bbox 1302 1253 1452 1291; x_wconf 90' lang='lat' dir='ltr'>tenue</span> <span class='ocrx_word' id='word_1_171' title='bbox 1481 1234 1552 1288; x_wconf 88' lang='lat' dir='ltr'>est</span> <span class='ocrx_word' id='word_1_172' title='bbox 1568 1272 1584 1298; x_wconf 83' lang='lat'>‚</span> <span class='ocrx_word' id='word_1_173' title='bbox 1623 1232 1959 1286; x_wconf 86' lang='lat' dir='ltr'>nihilominus</span> <span class='ocrx_word' id='word_1_174' title='bbox 1975 1254 2002 1286; x_wconf 90' lang='lat' dir='ltr'>a</span> <span class='ocrx_word' id='word_1_175' title='bbox 2031 1234 2348 1304; x_wconf 86' lang='lat' dir='ltr'>Vespafianis</span> 
     </span>
     <span class='ocr_line' id='line_1_16' title="bbox 259 1306 2352 1400; baseline -0.009 -21"><span class='ocrx_word' id='word_1_176' title='bbox 259 1342 399 1400; x_wconf 90' lang='lat' dir='ltr'>patre</span> <span class='ocrx_word' id='word_1_177' title='bbox 427 1324 643 1396; x_wconf 92' lang='lat' dir='ltr'>filioque</span> <span class='ocrx_word' id='word_1_178' title='bbox 669 1337 892 1394; x_wconf 84' lang='lat' dir='ltr'>quorum</span> <span class='ocrx_word' id='word_1_179' title='bbox 925 1319 975 1370; x_wconf 90' lang='lat' dir='ltr'>in</span> <span class='ocrx_word' id='word_1_180' title='bbox 990 1315 1134 1369; x_wconf 87' lang='lat' dir='ltr'>rebus</span> <span class='ocrx_word' id='word_1_181' title='bbox 1151 1312 1298 1385; x_wconf 83' lang='lat' dir='ltr'>gestis</span> <span class='ocrx_word' id='word_1_182' title='bbox 1314 1309 1531 1366; x_wconf 85' lang='lat' dir='ltr'>versatur</span> <span class='ocrx_word' id='word_1_183' title='bbox 1544 1350 1557 1370; x_wconf 95' lang='lat'>,</span> <span class='ocrx_word' id='word_1_184' title='bbox 1575 1311 1627 1360; x_wconf 73' lang='grc' dir='ltr'>δε</span> <span class='ocrx_word' id='word_1_185' title='bbox 1644 1308 1854 1378; x_wconf 84' lang='lat' dir='ltr'>Regum</span> <span class='ocrx_word' id='word_1_186' title='bbox 1872 1306 2162 1359; x_wconf 88' lang='lat' dir='ltr'>nostrorum</span> <span class='ocrx_word' id='word_1_187' title='bbox 2178 1307 2352 1378; x_wconf 82' lang='lat' dir='ltr'>aliqua</span> 
     </span>
     <span class='ocr_line' id='line_1_17' title="bbox 261 1380 2352 1466; baseline -0.01 -13"><span class='ocrx_word' id='word_1_188' title='bbox 261 1398 598 1453; x_wconf 85' lang='lat' dir='ltr'>similitudine</span> <span class='ocrx_word' id='word_1_189' title='bbox 615 1434 631 1459; x_wconf 87' lang='lat'>,</span> <span class='ocrx_word' id='word_1_190' title='bbox 670 1412 785 1466; x_wconf 79' lang='lat' dir='ltr'>quae</span> <span class='ocrx_word' id='word_1_191' title='bbox 800 1407 886 1446; x_wconf 90' lang='lat' dir='ltr'>aut</span> <span class='ocrx_word' id='word_1_192' title='bbox 901 1409 952 1444; x_wconf 90' lang='lat' dir='ltr'>re</span> <span class='ocrx_word' id='word_1_193' title='bbox 966 1404 1051 1442; x_wconf 87' lang='lat' dir='ltr'>aut</span> <span class='ocrx_word' id='word_1_194' title='bbox 1065 1387 1150 1459; x_wconf 84' lang='lat' dir='ltr'>spe</span> <span class='ocrx_word' id='word_1_195' title='bbox 1166 1388 1218 1438; x_wconf 91' lang='lat' dir='ltr'>in</span> <span class='ocrx_word' id='word_1_196' title='bbox 1232 1386 1311 1438; x_wconf 88' lang='lat' dir='ltr'>his</span> <span class='ocrx_word' id='word_1_197' title='bbox 1327 1382 1651 1455; x_wconf 80' lang='lat' dir='ltr'>exprimitur,</span> <span class='ocrx_word' id='word_1_198' title='bbox 1694 1380 2201 1433; x_wconf 84' lang='lat' dir='ltr'>commendationem</span> <span class='ocrx_word' id='word_1_199' title='bbox 2217 1380 2352 1433; x_wconf 87' lang='lat' dir='ltr'>acci-</span> 
     </span>
     <span class='ocr_line' id='line_1_18' title="bbox 261 1451 2352 1545; baseline -0.009 -21"><span class='ocrx_word' id='word_1_200' title='bbox 261 1491 381 1545; x_wconf 89' lang='lat' dir='ltr'>pere</span> <span class='ocrx_word' id='word_1_201' title='bbox 396 1472 620 1542; x_wconf 88' lang='lat' dir='ltr'>aliquam</span> <span class='ocrx_word' id='word_1_202' title='bbox 637 1465 821 1540; x_wconf 88' lang='lat' dir='ltr'>potest.</span> <span class='ocrx_word' id='word_1_203' title='bbox 876 1464 1054 1534; x_wconf 86' lang='lat' dir='ltr'>anue</span> <span class='ocrx_word' id='word_1_204' title='bbox 1068 1474 1211 1514; x_wconf 87' lang='lat' dir='ltr'>tanto</span> <span class='ocrx_word' id='word_1_205' title='bbox 1227 1465 1278 1512; x_wconf 69' lang='grc' dir='ltr'>ὃς</span> <span class='ocrx_word' id='word_1_206' title='bbox 1294 1458 1499 1511; x_wconf 83' lang='lat' dir='ltr'>facilior</span> <span class='ocrx_word' id='word_1_207' title='bbox 1512 1453 1649 1526; x_wconf 87' lang='lat' dir='ltr'>apud</span> <span class='ocrx_word' id='word_1_208' title='bbox 1666 1467 1714 1505; x_wconf 89' lang='lat' dir='ltr'>te</span> <span class='ocrx_word' id='word_1_209' title='bbox 1730 1457 1781 1505; x_wconf 85' lang='lat'>&amp;</span> <span class='ocrx_word' id='word_1_210' title='bbox 1797 1455 1956 1523; x_wconf 86' lang='lat' dir='ltr'>major</span> <span class='ocrx_word' id='word_1_211' title='bbox 1969 1492 1985 1513; x_wconf 88' lang='lat'><em>,</em></span> <span class='ocrx_word' id='word_1_212' title='bbox 2019 1467 2076 1506; x_wconf 92' lang='lat' dir='ltr'>ut</span> <span class='ocrx_word' id='word_1_213' title='bbox 2090 1453 2253 1525; x_wconf 90' lang='lat' dir='ltr'>spero,</span> <span class='ocrx_word' id='word_1_214' title='bbox 2271 1451 2352 1505; x_wconf 91' lang='lat' dir='ltr'>fu-</span> 
     </span>
     <span class='ocr_line' id='line_1_19' title="bbox 262 1522 2354 1614; baseline -0.01 -17"><span class='ocrx_word' id='word_1_215' title='bbox 262 1561 372 1599; x_wconf 83' lang='lat' dir='ltr'>tura</span> <span class='ocrx_word' id='word_1_216' title='bbox 396 1544 466 1596; x_wconf 91' lang='lat' dir='ltr'>est</span> <span class='ocrx_word' id='word_1_217' title='bbox 482 1582 497 1606; x_wconf 88' lang='lat'>,</span> <span class='ocrx_word' id='word_1_218' title='bbox 536 1555 731 1614; x_wconf 89' lang='lat' dir='ltr'>quanto</span> <span class='ocrx_word' id='word_1_219' title='bbox 758 1543 809 1593; x_wconf 68' lang='grc' dir='ltr'>ὃ(</span> <span class='ocrx_word' id='word_1_220' title='bbox 836 1536 1069 1597; x_wconf 82' lang='lat' dir='ltr'>feliciuS,</span> <span class='ocrx_word' id='word_1_221' title='bbox 1108 1537 1159 1586; x_wconf 64' lang='grc' dir='ltr'>ὅ(</span> <span class='ocrx_word' id='word_1_222' title='bbox 1189 1533 1240 1585; x_wconf 89' lang='lat' dir='ltr'>in</span> <span class='ocrx_word' id='word_1_223' title='bbox 1258 1530 1529 1601; x_wconf 81' lang='lat' dir='ltr'>majoribus</span> <span class='ocrx_word' id='word_1_224' title='bbox 1547 1526 1710 1598; x_wconf 70' lang='lat' dir='ltr'>Regis</span> <span class='ocrx_word' id='word_1_225' title='bbox 1727 1543 1881 1596; x_wconf 88' lang='lat' dir='ltr'>quem</span> <span class='ocrx_word' id='word_1_226' title='bbox 1896 1525 2064 1579; x_wconf 81' lang='lat' dir='ltr'>oculis</span> <span class='ocrx_word' id='word_1_227' title='bbox 2077 1522 2313 1579; x_wconf 83' lang='lat' dir='ltr'>amiffum</span> <span class='ocrx_word' id='word_1_228' title='bbox 2334 1561 2354 1588; x_wconf 86' lang='lat'><strong>,</strong></span> 
     </span>
     <span class='ocr_line' id='line_1_20' title="bbox 265 1597 2355 1680; baseline -0.01 -9"><span class='ocrx_word' id='word_1_229' title='bbox 265 1618 519 1671; x_wconf 84' lang='lat' dir='ltr'>mentibus</span> <span class='ocrx_word' id='word_1_230' title='bbox 535 1632 762 1669; x_wconf 86' lang='lat' dir='ltr'>tenemus</span> <span class='ocrx_word' id='word_1_231' title='bbox 778 1628 946 1664; x_wconf 85' lang='lat' dir='ltr'>tamen</span> <span class='ocrx_word' id='word_1_232' title='bbox 964 1648 977 1672; x_wconf 90' lang='lat'>‚</span> <span class='ocrx_word' id='word_1_233' title='bbox 1016 1606 1240 1680; x_wconf 80' lang='lat' dir='ltr'>negotiis</span> <span class='ocrx_word' id='word_1_234' title='bbox 1252 1603 1467 1659; x_wconf 88' lang='lat' dir='ltr'>versatus</span> <span class='ocrx_word' id='word_1_235' title='bbox 1478 1618 1529 1654; x_wconf 85' lang='lat' dir='ltr'>es</span> <span class='ocrx_word' id='word_1_236' title='bbox 1545 1639 1560 1663; x_wconf 85' lang='lat'>‚</span> <span class='ocrx_word' id='word_1_237' title='bbox 1600 1604 1651 1653; x_wconf 67' lang='grc' dir='ltr'>ὃ(</span> <span class='ocrx_word' id='word_1_238' title='bbox 1668 1600 1718 1651; x_wconf 89' lang='lat' dir='ltr'>in</span> <span class='ocrx_word' id='word_1_239' title='bbox 1734 1597 1939 1670; x_wconf 87' lang='lat' dir='ltr'>hujusce</span> <span class='ocrx_word' id='word_1_240' title='bbox 1953 1618 2091 1652; x_wconf 89' lang='lat' dir='ltr'>nunc</span> <span class='ocrx_word' id='word_1_241' title='bbox 2107 1600 2246 1671; x_wconf 83' lang='lat' dir='ltr'>Regis</span> <span class='ocrx_word' id='word_1_242' title='bbox 2260 1598 2355 1670; x_wconf 83' lang='lat' dir='ltr'>qui</span> 
     </span>
     <span class='ocr_line' id='line_1_21' title="bbox 264 1671 2355 1761; baseline -0.01 -17"><span class='ocrx_word' id='word_1_243' title='bbox 264 1690 519 1761; x_wconf 89' lang='lat' dir='ltr'>sceptrum</span> <span class='ocrx_word' id='word_1_244' title='bbox 535 1688 739 1759; x_wconf 88' lang='lat' dir='ltr'>imperii</span> <span class='ocrx_word' id='word_1_245' title='bbox 754 1685 907 1740; x_wconf 84' lang='lat' dir='ltr'>tanti,</span> <span class='ocrx_word' id='word_1_246' title='bbox 943 1683 1061 1735; x_wconf 92' lang='lat' dir='ltr'>Deo</span> <span class='ocrx_word' id='word_1_247' title='bbox 1077 1678 1276 1752; x_wconf 89' lang='lat' dir='ltr'>auspice</span> <span class='ocrx_word' id='word_1_248' title='bbox 1292 1697 1347 1731; x_wconf 89' lang='lat' dir='ltr'>ac</span> <span class='ocrx_word' id='word_1_249' title='bbox 1364 1677 1497 1729; x_wconf 89' lang='lat' dir='ltr'>duce</span> <span class='ocrx_word' id='word_1_250' title='bbox 1511 1672 1732 1744; x_wconf 85' lang='lat' dir='ltr'>accepit,</span> <span class='ocrx_word' id='word_1_251' title='bbox 1746 1686 1908 1743; x_wconf 88' lang='lat' dir='ltr'>utque</span> <span class='ocrx_word' id='word_1_252' title='bbox 1921 1672 2011 1725; x_wconf 90' lang='lat' dir='ltr'>diu</span> <span class='ocrx_word' id='word_1_253' title='bbox 2027 1671 2355 1742; x_wconf 76' lang='lat' dir='ltr'>feliciterque</span> 
     </span>
     <span class='ocr_line' id='line_1_22' title="bbox 266 1742 2356 1832; baseline -0.01 -15"><span class='ocrx_word' id='word_1_254' title='bbox 266 1777 434 1817; x_wconf 90' lang='lat' dir='ltr'>teneat</span> <span class='ocrx_word' id='word_1_255' title='bbox 449 1805 460 1822; x_wconf 92' lang='lat'><strong>,</strong></span> <span class='ocrx_word' id='word_1_256' title='bbox 501 1763 673 1814; x_wconf 87' lang='lat' dir='ltr'>Deum</span> <span class='ocrx_word' id='word_1_257' title='bbox 693 1755 916 1832; x_wconf 88' lang='lat' dir='ltr'>impense</span> <span class='ocrx_word' id='word_1_258' title='bbox 929 1772 1106 1808; x_wconf 89' lang='lat' dir='ltr'>omnes</span> <span class='ocrx_word' id='word_1_259' title='bbox 1120 1754 1168 1806; x_wconf 87' lang='lat' dir='ltr'>ei</span> <span class='ocrx_word' id='word_1_260' title='bbox 1183 1767 1480 1805; x_wconf 84' lang='lat' dir='ltr'>veneramur</span> <span class='ocrx_word' id='word_1_261' title='bbox 1497 1785 1512 1811; x_wconf 88' lang='lat'><strong>,</strong></span> <span class='ocrx_word' id='word_1_262' title='bbox 1557 1748 1836 1818; x_wconf 77' lang='lat' dir='ltr'>Regz&#39;naeque</span> <span class='ocrx_word' id='word_1_263' title='bbox 1852 1749 2035 1806; x_wconf 77' lang='lat' dir='ltr'>matris,</span> <span class='ocrx_word' id='word_1_264' title='bbox 2056 1763 2173 1817; x_wconf 84' lang='lat' dir='ltr'>quae</span> <span class='ocrx_word' id='word_1_265' title='bbox 2187 1742 2356 1797; x_wconf 86' lang='lat' dir='ltr'>custos</span> 
     </span>
     <span class='ocr_line' id='line_1_23' title="bbox 267 1817 2359 1907; baseline -0.009 -20"><span class='ocrx_word' id='word_1_266' title='bbox 267 1836 502 1907; x_wconf 84' lang='lat' dir='ltr'>Regis,&amp;</span> <span class='ocrx_word' id='word_1_267' title='bbox 517 1854 611 1907; x_wconf 91' lang='lat' dir='ltr'>pro</span> <span class='ocrx_word' id='word_1_268' title='bbox 625 1847 856 1902; x_wconf 90' lang='lat' dir='ltr'>tempore</span> <span class='ocrx_word' id='word_1_269' title='bbox 869 1829 1070 1900; x_wconf 88' lang='lat' dir='ltr'>imperii</span> <span class='ocrx_word' id='word_1_270' title='bbox 1082 1826 1209 1880; x_wconf 84' lang='lat' dir='ltr'>tanti</span> <span class='ocrx_word' id='word_1_271' title='bbox 1226 1825 1409 1878; x_wconf 68' lang='lat' dir='ltr'>restrix</span> <span class='ocrx_word' id='word_1_272' title='bbox 1421 1819 1707 1891; x_wconf 84' lang='lat' dir='ltr'>est,neg0tii</span> <span class='ocrx_word' id='word_1_273' title='bbox 1717 1835 1736 1868; x_wconf 88' lang='lat' dir='ltr'>s</span> <span class='ocrx_word' id='word_1_274' title='bbox 1752 1817 1926 1871; x_wconf 87' lang='lat' dir='ltr'>officia</span> <span class='ocrx_word' id='word_1_275' title='bbox 1938 1818 2036 1871; x_wconf 89' lang='lat' dir='ltr'>tibi</span> <span class='ocrx_word' id='word_1_276' title='bbox 2047 1818 2224 1872; x_wconf 88' lang='lat' dir='ltr'>omnia</span> <span class='ocrx_word' id='word_1_277' title='bbox 2235 1835 2359 1870; x_wconf 90' lang='lat' dir='ltr'>con-</span> 
     </span>
     <span class='ocr_line' id='line_1_24' title="bbox 273 1891 2356 1975; baseline -0.005 -14"><span class='ocrx_word' id='word_1_278' title='bbox 273 1907 491 1970; x_wconf 83' lang='lat' dir='ltr'>stabunt,</span> <span class='ocrx_word' id='word_1_279' title='bbox 505 1923 780 1975; x_wconf 85' lang='lat' dir='ltr'>curamque</span> <span class='ocrx_word' id='word_1_280' title='bbox 795 1910 844 1957; x_wconf 87' lang='lat'>&amp;</span> <span class='ocrx_word' id='word_1_281' title='bbox 862 1902 1017 1954; x_wconf 89' lang='lat' dir='ltr'>fidem</span> <span class='ocrx_word' id='word_1_282' title='bbox 1032 1915 1169 1954; x_wconf 87' lang='lat' dir='ltr'>tuam</span> <span class='ocrx_word' id='word_1_283' title='bbox 1188 1896 1406 1950; x_wconf 85' lang='lat' dir='ltr'>felicitas</span> <span class='ocrx_word' id='word_1_284' title='bbox 1422 1897 1641 1962; x_wconf 83' lang='lat' dir='ltr'>auraque</span> <span class='ocrx_word' id='word_1_285' title='bbox 1658 1891 1759 1942; x_wconf 72' lang='lat' dir='ltr'>Dei</span> <span class='ocrx_word' id='word_1_286' title='bbox 1773 1891 1990 1962; x_wconf 76' lang='lat' dir='ltr'>aspirans</span> <span class='ocrx_word' id='word_1_287' title='bbox 2005 1891 2356 1963; x_wconf 73' lang='lat' dir='ltr'>prosequetur·</span> 
     </span>
     <span class='ocr_line' id='line_1_25' title="bbox 280 1960 2154 2044; baseline -0.011 -10"><span class='ocrx_word' id='word_1_288' title='bbox 280 1981 495 2036; x_wconf 81' lang='lat' dir='ltr'>Lutetiae</span> <span class='ocrx_word' id='word_1_289' title='bbox 511 1979 814 2035; x_wconf 69' lang='lat' dir='ltr'>Parisiorum</span> <span class='ocrx_word' id='word_1_290' title='bbox 827 1996 870 2030; x_wconf 88' lang='lat' dir='ltr'>a.</span> <span class='ocrx_word' id='word_1_291' title='bbox 885 1975 934 2031; x_wconf 88' lang='lat' dir='ltr'>d.</span> <span class='ocrx_word' id='word_1_292' title='bbox 951 1973 1087 2028; x_wconf 87' lang='lat' dir='ltr'>Prid.</span> <span class='ocrx_word' id='word_1_293' title='bbox 1105 1967 1407 2044; x_wconf 87' lang='lat' dir='ltr'>Non.Junii</span> <span class='ocrx_word' id='word_1_294' title='bbox 1422 2005 1438 2031; x_wconf 86' lang='lat'>,</span> <span class='ocrx_word' id='word_1_295' title='bbox 1475 1982 1610 2020; x_wconf 84' lang='lat' dir='ltr'>anno</span> <span class='ocrx_word' id='word_1_296' title='bbox 1622 1960 1791 2016; x_wconf 85' lang='lat' dir='ltr'>salutis</span> <span class='ocrx_word' id='word_1_297' title='bbox 1832 1980 1868 2015; x_wconf 88' lang='lat' dir='ltr'>c</span> <span class='ocrx_word' id='word_1_298' title='bbox 1887 1963 1962 2017; x_wconf 77' lang='lat' dir='ltr'>Io</span> <span class='ocrx_word' id='word_1_299' title='bbox 2005 1965 2029 2017; x_wconf 93' lang='lat'>1</span> <span class='ocrx_word' id='word_1_300' title='bbox 2048 1982 2084 2018; x_wconf 76' lang='grc' dir='ltr'>ο</span> <span class='ocrx_word' id='word_1_301' title='bbox 2101 1981 2154 2018; x_wconf 85' lang='lat' dir='ltr'>x.</span> 
     </span>
    </p>
   </div>
   <div class='ocr_carea' id='block_1_3' title="bbox 1065 2117 1876 2204">
    <p class='ocr_par' dir='ltr' id='par_1_3' title="bbox 1065 2117 1876 2204">
     <span class='ocr_line' id='line_1_26' title="bbox 1065 2117 1876 2204; baseline -0.016 -19"><span class='ocrx_word' id='word_1_302' title='bbox 1065 2126 1372 2204; x_wconf 81' lang='lat' dir='ltr'>Ampliffimae</span> <span class='ocrx_word' id='word_1_303' title='bbox 1391 2138 1487 2181; x_wconf 81' lang='lat' dir='ltr'>tuae</span> <span class='ocrx_word' id='word_1_304' title='bbox 1502 2121 1727 2196; x_wconf 78' lang='lat' dir='ltr'>dignitati</span> <span class='ocrx_word' id='word_1_305' title='bbox 1736 2117 1876 2174; x_wconf 83' lang='lat' dir='ltr'>cliens</span> 
     </span>
    </p>
   </div>
   <div class='ocr_carea' id='block_1_4' title="bbox 1065 2376 2054 2438">
    <p class='ocr_par' dir='ltr' id='par_1_4' title="bbox 1065 2376 2054 2438">
     <span class='ocr_line' id='line_1_27' title="bbox 1065 2376 2054 2438; baseline -0.014 1"><span class='ocrx_word' id='word_1_306' title='bbox 1065 2382 1533 2438; x_wconf 80' lang='lat' dir='ltr'>THEODORUS</span> <span class='ocrx_word' id='word_1_307' title='bbox 1573 2376 2054 2432; x_wconf 78' lang='lat' dir='ltr'>MARCILIUs.</span> 
     </span>
    </p>
   </div>
   <div class='ocr_carea' id='block_1_5' title="bbox 1566 2835 2189 2899">
    <p class='ocr_par' dir='ltr' id='par_1_5' title="bbox 1566 2835 2189 2899">
     <span class='ocr_line' id='line_1_28' title="bbox 1566 2835 2189 2899; baseline -0.016 1"><span class='ocrx_word' id='word_1_308' title='bbox 1566 2843 1638 2899; x_wconf 89' lang='lat' dir='ltr'>T.</span> <span class='ocrx_word' id='word_1_309' title='bbox 1702 2835 2189 2899; x_wconf 88' lang='lat' dir='ltr'><strong>FLAVIUS</strong></span> 
     </span>
    </p>
   </div>
  </div>
 </body>
</html>
