2504 3425
387 161 1983 220 D.Oc=rAv.CAESARAuG'UsTus.
2175 182 2273 237 115

167 259 246 305 bus
268 261 323 315 Q.
349 256 543 312 fratrem,
577 255 730 302 eodem
761 270 950 317 tempore
972 271 1115 317 parum
1144 252 1320 300 secunda
1347 251 1458 300 fama
1483 251 1819 317 proconsulatum
1853 251 1961 300 Afiae
1987 251 2280 301 administran-

120 340 150 384 4
169 342 276 378 tem,
312 322 737 377 hortatur&monet,
770 321 1010 365 imiteturin
1039 318 1324 381 promerendis
1342 319 1663 365 sociisvicinum
1680 317 1797 362 suum
1814 317 2066 363 Csiavium.
2129 322 2277 366 Dece-

167 388 558 442 densMacedonia‚
594 387 704 448 prius
727 401 853 447 quarn
877 383 1062 445 profiteri
1083 382 1121 428 se
1148 382 1412 429 candidatum
1435 381 1668 428 consulatus
1679 380 1809 444 posset
1823 416 1837 438 ,
1871 396 2053 427 mortem
2070 382 2178 429 obiit
2203 402 2272 430 re-

167 454 382 514 pentinam
397 488 409 507 ‚
444 448 724 513 superstitibus
747 447 912 503 liberis,
949 448 1126 493 Oftavia
1140 453 1292 504 majore
1312 481 1324 501 ,
1356 464 1481 509 quam
1496 463 1544 492 ex
1558 445 1767 492 Ancharia
1782 463 1795 490 .-
1832 450 1874 490 &
1891 445 2069 491 O&avia
2084 449 2245 493 minore
2260 468 2281 503 ς-

167 520 272 562 item
298 515 515 577 Augusto,
552 531 657 578 quos
671 530 720 559 ex
734 515 833 560 Atia
847 513 1005 558 tulerat.
1074 511 1174 557 Atia
1196 512 1259 555 M.
1271 513 1379 555 Atio
1392 510 1524 555 Balbo
1537 546 1549 566 ‚
1575 515 1619 556 δε
1634 509 1745 572 Julia
1758 509 1893 556 sorore
1908 511 1962 555 C.
1981 509 2153 556 Caesaris
2167 547 2178 566 ‚
2194 529 2272 573 ge-

168 583 254 626 nita
278 579 348 625 est.
416 578 567 624 Balbus
588 591 753 640 paterna
774 576 895 638 stirpe
915 577 1133 631 Aricinus,
1179 575 1322 627 multis
1341 576 1383 619 in
1398 571 1554 619 familia
1567 573 1780 621 senatoriis
1794 573 2071 637 imaginibus,
2106 592 2128 620 a
2143 592 2272 621 matre

169 646 378 696 Magnum
405 647 652 704 Pompeium
681 641 901 686 ar&iffi1n0
922 638 1197 702 contingebat
1218 637 1348 701 gradu
1372 657 1382 682 :
1430 634 1680 699 funffitsque
1715 637 1878 684 honore
1900 653 2078 699 praeturae
2105 674 2116 694 ‚
2164 641 2274 685 inter

169 725 222 753 xz<
237 695 345 753 uiros
378 724 521 768 agrum
557 706 824 764 Campanum
859 703 971 764 plebi
1005 704 1116 765 Julia
1148 703 1241 763 lege
1274 699 1424 746 diviiit.
1491 704 1657 747 Verum
1694 703 1758 747 M.
1790 701 2011 748 Antonius
2043 703 2276 765 despiciens

169 774 292 817 ctiam
316 759 541 816 maternam
562 766 745 828 Augusti
769 769 1005 828 originem,
1043 782 1242 827 proavum
1264 768 1351 823 ejus
1372 762 1472 811 Afri
1497 766 1663 828 generis
1687 764 1805 811 fuisse
1820 802 1833 822 ‚
1867 770 1911 811 &
1926 767 2058 813 modo
2072 785 2273 830 unguen-

168 838 309 880 tariam
336 833 574 887 tabernam,
608 830 739 875 modo
763 829 980 892 pistrinum
1003 832 1156 874 Ariciae
1170 827 1419 885 exercuisse,
1452 828 1610 887 objicit.
1680 829 1841 875 Caffius
1854 831 2027 891 quidem
2041 830 2271 877 Parmensis

169 898 344 961 quadam
357 889 552 958 epistola,
587 911 676 939 non
700 908 863 940 tantum
884 907 929 939 ut
950 891 1137 956 pistoris,
1173 892 1242 938 sed
1268 892 1393 937 etiam
1418 906 1465 938 ut
1477 893 1701 938 numularii
1726 907 1952 956 nepotem,
1987 894 2041 941 sic
2054 909 2160 940 taxat
2173 899 2272 941 Au-

1409 968 1410 971 ’
1861 967 1864 968 ’
2069 957 2239 1020 gustum
2253 995 2268 1016 ‚

1247 1027 1359 1063 Aricia
1378 1026 1564 1064 deduitam
1582 1039 1725 1077 gentem
1742 1028 1875 1067 doceat.
1934 1028 2040 1065 Simili
2067 1028 2191 1078 paffim
2220 1042 2268 1064 er-

1246 1090 1324 1115 rore
1342 1078 1505 1121 sterilius,
1541 1081 1741 1123 Lector-ius,
1782 1082 1907 1122 letius,
1944 1092 2007 1129 pro
2026 1079 2165 1121 Atilius,
2193 1082 2271 1116 Lae-

220 1132 495 1179 Proconsulatum
523 1131 607 1181 Asta
634 1130 755 1180 adm]
825 1131 980 1170 Turneb.
1008 1129 1188 1169 Adversas.
1247 1129 1378 1172 torius,
1405 1130 1508 1172 Itius,
1534 1133 1570 1165 ὅ(
1595 1128 1729 1167 fimilia.
1777 1134 1915 1167 Verum
1936 1142 2021 1179 ergo
2042 1130 2147 1165 etiam
2171 1131 2270 1165 nobi-

165 1196 270 1221 xxxv,
289 1177 362 1234 cap,
383 1197 439 1222 xv,
475 1183 606 1234 lapsum
625 1181 735 1219 scribit
760 1184 935 1220 memoria
955 1184 1160 1219 Suetonium
1176 1211 1189 1227 ‚
1244 1178 1363 1234 liffimi
1376 1184 1487 1230 poetae
1508 1193 1643 1216 nomen
1662 1182 1757 1217 Atius
1778 1180 1846 1224 est,
1880 1191 2081 1231 quanquam
2098 1193 2172 1217 non
2192 1193 2270 1216 mo-

490 1032 853 1069 ToxRENT.

164 1235 222 1283 qui
247 1236 300 1283 Q
316 1236 525 1271 Ciceronem
553 1235 752 1285 praetorium
775 1261 787 1276 ,
827 1232 916 1269 Afiae
948 1233 1189 1282 proconsulem
1242 1229 1326 1266 leste
1343 1233 1489 1266 ieraun‘t
1508 1231 1687 1280 geminari.

163 1296 276 1322 vocet.
335 1288 375 1321 Et
394 1286 576 1335 provinciae
594 1284 737 1335 quidem
755 1283 832 1320 alia:
850 1283 1042 1320 confialares
1055 1312 1067 1326 ,
1117 1284 1190 1320 aliae
1212 1276 1220 1334 l

793 1333 887 1383 quod
910 1333 973 1370 illae
1010 1334 1191 1372 consulari-

164 1336 330 1384 praeroriae
345 1335 479 1372 fuerunt
498 1364 510 1379 ,
553 1334 599 1371 {ic
617 1335 716 1371 dictae
731 1363 744 1378 ,

164 1386 248 1429 bus,
277 1386 329 1422 hae
354 1387 520 1436 praetoriis
540 1385 842 1422 demandarentur.
900 1386 995 1434 Qin
1011 1389 1048 1422 δε
1068 1384 1188 1422 Aliam

164 1437 252 1472 inter
270 1438 446 1487 praetorias
468 1434 562 1473 fuisse
588 1437 764 1472 Ciceronis
792 1446 949 1485 tempore
976 1449 1047 1472 non
1083 1449 1187 1486 nega-

165 1488 289 1524 verim.
315 1489 398 1523 oCto
427 1488 521 1523 enim
549 1498 630 1522 tunc
662 1485 756 1522 fuere
791 1486 956 1534 pra-toriae
982 1514 994 1529 ,
1027 1486 1120 1535 quod
1147 1500 1187 1524 ex

167 1536 308 1586 epistola
337 1536 441 1574 Coelii
473 1535 516 1572 ad
543 1538 753 1573 Ciceronem
790 1535 846 1572 lib.
869 1550 974 1573 v111.
1014 1536 1185 1574 discimus.

167 1586 235 1624 Sed
259 1598 377 1623 tamen
408 1585 448 1622 ea
478 1587 732 1637 provinciarum
759 1585 939 1636 appellatio
967 1585 1056 1636 saepe
1074 1599 1190 1625 mura-

167 1636 276 1673 batur.
335 1639 471 1673 Senatui
498 1638 592 1673 enim
613 1637 688 1688 lege
706 1638 909 1687 Sempronia
926 1636 1073 1674 liberum
1093 1650 1186 1683 erat,

164 1698 203 1725 ut
218 1687 298 1723 alibi
316 1689 519 1724 monuimus
538 1715 551 1731 ‚
587 1701 673 1737 quos
691 1688 726 1723 in
742 1700 824 1737 quas
840 1687 968 1725 vellent
994 1689 1188 1737 provincias

164 1742 312 1774 mittere.
347 1739 560 1788 Quanquam
578 1738 803 1781 crediderim,
837 1751 917 1774 cum
932 1739 1108 1788 praetorius
1130 1739 1188 1776 ali-

161 1790 237 1838 quis
273 1789 309 1824 in
334 1789 552 1837 provinciam
581 1786 795 1825 consularem
823 1788 1023 1826 mittebatur
1043 1817 1056 1833 ,
1102 1802 1185 1828 eum

162 1839 235 1884 jure
261 1851 399 1888 quoque
428 1838 594 1875 consulari
619 1840 708 1875 mitti
735 1838 843 1875 solere
867 1867 880 1882 ‚
916 1838 1012 1877 verbi
1048 1841 1157 1889 gratia
1175 1869 1187 1884 ‚

162 1901 244 1925 cum
261 1903 341 1926 x11.
363 1887 506 1926 fascibus
522 1917 533 1933 ,
581 1901 654 1926 non
679 1889 899 1927 sextantum.
958 1891 1069 1939 Atque
1098 1890 1188 1929 adeo

162 1941 255 1987 juxta
275 1941 483 1990 imperium,
508 1939 603 1991 quod
621 1952 641 1976 a
658 1939 774 1977 senatu
789 1941 863 1990 quis
884 1951 1085 1990 acceperat,
1123 1955 1186 1991 pro

162 1990 300 2028 consule
329 2002 385 2027 aut
408 2003 472 2041 pro
501 2002 648 2041 praetore
675 2003 755 2027 eam
792 1991 1008 2039 provinciam
1041 1990 1187 2028 admini-

160 2040 267 2078 strare
291 2041 486 2085 dicebatur,
515 2039 653 2078 tametsi
673 2042 847 2092 praetorius
863 2039 1100 2086 consularem,
1130 2054 1187 2079 aur

162 2103 183 2127 e
199 2092 333 2131 diverso
356 2091 536 2129 consularis
556 2093 755 2144 practoriam
779 2091 921 2142 adeptus
931 2091 1020 2128 effet.
1061 2096 1187 2130 Exem-

161 2141 217 2191 pla
252 2143 449 2194 frequenter
487 2153 669 2180 occurrunt
685 2171 697 2186 ,
739 2154 776 2180 ut
818 2145 865 2190 Q.
901 2143 1081 2179 Ciceronis
1120 2143 1185 2181 hic.

161 2194 260 2242 Qin
278 2198 316 2231 δ(
331 2197 373 2230 C.
385 2195 577 2237 Octavius,
609 2193 750 2243 Augusti
769 2205 885 2244 pater,
915 2194 1093 2243 praetorius
1111 2206 1185 2231 tan-

158 2252 261 2288 tum,
288 2244 538 2281 Macedoniam
563 2243 736 2289 obtinuit3
771 2256 878 2294 quam
904 2254 1026 2280 tamen
1044 2248 1081 2281 ὃ(
1105 2257 1184 2282 ante

161 2305 244 2330 eum
264 2298 302 2331 ὅ(
321 2295 395 2346 post
417 2308 498 2332 eum
525 2293 718 2332 consulares
743 2294 882 2331 sortitos
909 2292 1005 2330 fuisse
1025 2294 1187 2345 legimus.

160 2343 230 2380 Sed
248 2344 320 2382 haec
335 2346 497 2396 prolixius
515 2345 703 2383 onan-anda
722 2343 847 2389 estent,
876 2356 983 2394 quam
998 2345 1117 2383 nostro
1135 2347 1185 2383 in-

161 2392 276 2431 stituto
294 2397 488 2435 conveniat.

217 2459 251 2489 4.
279 2447 436 2493 Confiteri
465 2447 504 2496 ſse
538 2446 807 2493 candidatum]
868 2447 1029 2496 Confiterz
1068 2446 1150 2483 dixit
1166 2476 1178 2491 ,

161 2494 259 2544 quod
287 2497 345 2546 qui
361 2497 534 2547 politiores
560 2497 632 2534 sunt
651 2525 664 2541 ,
695 2495 848 2546 profiteri
872 2513 882 2532 .·
921 2510 958 2535 ut
978 2497 1127 2546 profiteri
1142 2503 1182 2547 se

161 2558 349 2590 malcum,
371 2546 621 2595 philofhphum,
645 2546 917 2596 jurzflonsultum
935 2549 1080 2591 Cicero,
1101 2557 1179 2596 pro-

151 2595 246 2643 fiteri
276 2597 416 2633 nomina
442 2598 557 2636 Livius
582 2625 594 2640 ‚
629 2601 669 2634 ὅ(
691 2598 756 2635 alii.
814 2600 949 2647 Spectat
979 2599 1042 2636 huc
1060 2610 1179 2635 autem

160 2646 256 2685 locus
300 2648 477 2684 Ciceronis
511 2658 587 2695 cap.
614 2662 689 2684 111.
719 2646 863 2698 Philipp.
899 2652 986 2697 Qus
1004 2649 1058 2684 illo
1075 2649 1180 2685 male-

158 2697 232 2732 dico
249 2699 408 2746 impurior
425 2708 440 2735 ἒ
470 2697 716 2746 Ignobilimtem
737 2697 848 2744 objicit
869 2702 909 2735 C.
925 2699 1060 2746 Casaris
1081 2699 1177 2746 filio,

159 2748 252 2796 cujus
269 2749 375 2784 etlam
406 2748 578 2784 naturalis
597 2755 695 2795 pater
710 2775 722 2790 ,
738 2777 742 2781 .
752 2746 784 2796 fi
817 2748 897 2784 vita
925 2749 1157 2797 suppeditasset
1169 2778 1181 2794 ,

158 2798 269 2846 consul
287 2800 404 2845 fabius
422 2799 550 2846 fhiſjet.
609 2799 760 2834 Aricina
787 2808 926 2842 mater,
979 2803 1017 2835 ὃ(
1036 2811 1180 2845 caetera,

155 2861 234 2899 quae
251 2848 431 2900 sequuntur
446 2878 457 2893 ,
483 2849 526 2886 de
544 2859 706 2885 materno
724 2848 863 2897 Augusti
880 2863 1017 2899 genere.

214 2905 260 2936 Et
276 2899 405 2948 Atia]
449 2901 501 2937 Sic
519 2900 750 2943 Pulmmmus,
778 2903 816 2936 ὃ(
836 2902 950 2945 recte,
983 2899 1040 2941 vel
1056 2900 1104 2940 ob
1121 2914 1182 2938 ne-

157 2949 323 2989 tiffimum
343 2951 475 3002 Virgilii
494 2951 630 2991 versum
646 2951 703 2988 lib.
715 2965 750 2990 v.

269 3003 373 3039 Alter
394 3003 477 3039 Atis
489 3031 501 3046 ,
525 3015 628 3051 genus
643 3002 733 3038 unde
754 3000 835 3037 Atii
852 3000 978 3037 duxere
996 3001 1124 3039 Latini.

158 3051 200 3092 Id
220 3053 315 3090 enim
341 3054 377 3089 in
410 3055 558 3105 gratiam
581 3053 728 3090 materni
751 3053 886 3102 generis
910 3051 1048 3101 Augusti
1074 3054 1182 3091 Po'e'ta

156 3104 289 3144 cecinit.
327 3106 406 3142 Nec
423 3107 631 3149 Romanos,
659 3103 718 3142 sed
736 3103 876 3143 Latinos
895 3101 979 3139 dixit
998 3102 1121 3149 Atios,
1147 3115 1183 3142 ut

1212 1335 1219 1409 l
1242 1380 1342 1430 Epist.

1229 2341 1304 2391 suit
1315 2369 1327 2385 ‚
1357 2353 1425 2377 tres
1433 2340 1554 2388 finxit.

1225 2593 1361 2644 posset-J

1232 2649 1270 2682 δε
1300 2644 1395 2696 quod
1421 2644 1538 2694 postea
1557 2643 1689 2686 didici,
1722 2640 1838 2679 Urfini
1868 2641 1944 2678 cod.
1972 2655 2037 2678 nec
2065 2642 2160 2678 aliter
2191 2643 2262 2678 edi-

1231 2708 1308 2732 tum
1327 2710 1348 2733 a
1365 2697 1525 2734 Roberto
1543 2694 1728 2745 Stephano,

1222 2747 1328 2794 fiteri.

1298 1287 1388 1316 Inter
1408 1295 1465 1317 xx-
1477 1275 1579 1317 viras.
1595 1283 1611 1327 J
1641 1284 1721 1331 Sup.
1741 1280 1826 1318 Caes.
1845 1294 1917 1332 cap.
1930 1294 1983 1318 iot.

1295 1329 1420 1378 (ΖΛ-θῆκε
1446 1331 1584 1380 quidem
1612 1330 1839 1380 Parmensis]
1897 1335 1954 1369 De
1983 1331 2053 1369 hoc
2080 1331 2124 1367 ad
2143 1333 2268 1370 Horat.

1354 1431 1520 1476 scribere,
1540 1432 1627 1481 qnod
1645 1430 1736 1478 Cassi
1749 1431 1941 1481 Parmenfis
1963 1433 2115 1481 opuscula
2133 1433 2264 1471 vincat.

1294 1482 1358 1517 Sed
1379 1483 1485 1518 etiam
1515 1494 1552 1518 ιιι
1584 1483 1774 1518 numularii
1806 1483 1990 1531 nepotem]
2043 1481 2173 1519 Cassius
2193 1483 2267 1526 hic,

1241 1532 1300 1581 qui
1328 1532 1522 1582 Augustum
1551 1544 1585 1569 ut
1611 1536 1649 1568 ὃ(
1686 1532 1819 1582 pistoris
1855 1536 1893 1569 ὅ(
1929 1533 2111 1570 numularii
2160 1547 2269 1583 nepo-

1241 1593 1315 1619 tem
1339 1583 1482 1619 notabat
1502 1613 1513 1627 ‚
1556 1597 1637 1620 cum
1678 1584 1832 1621 Antonio
1866 1583 2043 1621 consentit.
2098 1585 2269 1621 Antonius

1239 1633 1334 1669 enim
1353 1634 1382 1669 ei
1401 1646 1583 1685 paternum
1598 1645 1704 1670 avum
1718 1635 1950 1683 argentarium
1968 1634 2175 1684 exprobrat,
2203 1648 2267 1671 vo-

1240 1682 1399 1733 lebatque
1417 1685 1537 1721 Atium
1545 1683 1693 1721 Balbum
1706 1713 1717 1727 ‚
1747 1697 1854 1724 avum
1871 1696 2071 1722 maternum
2082 1713 2094 1728 ,
2130 1696 2267 1734 patrem

1241 1732 1393 1771 habuiffe
1410 1736 1467 1784 qui
1485 1736 1605 1773 Ariciae
1625 1734 1800 1784 pistrinum
1818 1736 2014 1772 exercuerit.
2063 1738 2187 1785 Nepos
2206 1736 2270 1785 igi-

1241 1795 1295 1820 tur
1321 1785 1503 1822 numularii
1540 1783 1655 1836 quoad
1685 1797 1819 1835 patrem
1837 1814 1849 1828 ,
1886 1784 2002 1835 quoad
2040 1797 2192 1822 matrem
2219 1787 2269 1836 pi-

1239 1833 1337 1873 storis
1356 1849 1532 1887 pronepos
1550 1836 1613 1873 fuit
1632 1835 1811 1885 Augustus.
1868 1835 1935 1872 Sed
1954 1847 2125 1886 nepotum
2150 1837 2268 1872 nomi-

1240 1899 1285 1921 ne
1304 1887 1409 1923 etiam
1459 1898 1644 1936 ronepotes
1663 1887 1890 1922 continentur.
1948 1890 1989 1922 Er
2010 1886 2136 1936 alioqui
2155 1887 2267 1936 potuit

1242 1935 1375 1973 Cassffus
1394 1937 1427 1987 ip
1444 1952 1454 1973 1
1473 1938 1553 1973 Atio
1570 1935 1680 1973 Balbo
1700 1935 1830 1986 pistoris
1848 1948 1997 1985 operam
2025 1936 2197 1982 objicere3
2226 1936 2270 1973 fi-

1241 1986 1385 2036 quidem
1406 2016 1417 2031 ‚
1456 1998 1492 2024 ut
1509 1986 1580 2024 fere
1600 1986 1639 2023 fit
1658 2015 1669 2029 ,
1710 1987 1812 2036 patris
1850 1985 2011 2023 officium
2045 1988 2152 2023 etiam
2179 1985 2267 2024 filius

1243 2039 1399 2074 exercuit.
1458 2041 1501 2074 In
1518 2037 1629 2076 verbo
1639 2037 1742 2085 pinsit
1768 2036 1924 2073 nonnihil
1949 2036 2182 2074 obscoenitatis
2205 2037 2265 2074 est.

1241 2087 1365 2136 perstat
1384 2088 1479 2124 enim
1498 2089 1533 2125 in
1549 2087 1757 2138 metaphora
1777 2086 1907 2124 Caffius
1919 2116 1930 2131 ‚
1958 2091 1996 2124 o&
2014 2086 2134 2124 farinae
2153 2090 2267 2124 nomi-

1238 2151 1282 2174 ne
1309 2149 1463 2175 matrem
1492 2138 1634 2188 Augusti
1653 2167 1664 2181 ‚
1702 2137 1861 2174 mensarii
1886 2151 1971 2176 vero
1993 2150 2128 2188 patrem
2146 2138 2266 2174 intelli-

1237 2190 1285 2239 git
1304 2218 1315 2232 ‚
1352 2190 1410 2239 qui
1429 2189 1636 2225 decoloratis
1656 2188 1794 2238 collybo
1814 2188 1975 2235 manibus
1991 2190 2140 2225 farinam
2168 2188 2265 2226 illam

1237 2239 1424 2291 subegerit,
1450 2239 1597 2289 dignum
1627 2238 1745 2289 (quod
1767 2238 1886 2285 ajunt)
1915 2239 2264 2290 patellaoperculum‚

1239 2303 1320 2327 cum
1340 2302 1400 2341 par
1416 2302 1537 2340 parem
1556 2290 1695 2327 duxerit.
1754 2291 1825 2326 Pro
1844 2290 1950 2338 pinsit
1977 2289 2063 2327 liber
2087 2302 2174 2327 unus
2184 2291 2264 2339 pin-

1617 2340 1683 2377 Sed
1693 2338 1798 2389 plnfit
1816 2341 1959 2377 retineo.

1543 2444 1949 2480 CASAUEON.

1288 2559 1322 2590 4.
1355 2542 1558 2593 Priusquam
1585 2542 1731 2590 confiteri
1751 2540 1789 2590 se
1815 2542 2041 2578 candidatum
2069 2540 2260 2589 consulatus

1419 2593 1644 2631 Scribendum
1669 2605 1743 2629 erat
1763 2592 1919 2639 profiteri.
1951 2603 2035 2627 nam
2056 2590 2102 2628 fic
2123 2592 2257 2630 Viterb.

1787 2693 2022 2729 Memmianus
2045 2704 2165 2729 tamen
2185 2706 2259 2729 con-

1290 2803 1410 2833 Verum
1433 2798 1486 2831 M.
1504 2795 1678 2832 Antonius
1697 2793 1871 2843 despiciens
1891 2804 2086 2831 maternam
2114 2793 2259 2842 Augusti

1233 2843 1432 2898 originem.]
1491 2847 1623 2884 Servius
1641 2844 1686 2882 ad
1710 2845 1765 2882 illa
1782 2857 1802 2881 e
1825 2846 1945 2895 quinto
1963 2844 2050 2881 libro
2070 2845 2258 2882 AEneidos:

1452 2918 1493 2925 -·-
1517 2910 1620 2946 genus
1639 2896 1728 2932 unde
1742 2894 1825 2931 Arii
1844 2897 1970 2932 duxere
1990 2894 2130 2939 Latini,

1237 2958 1362 2986 notat:
1402 2951 1538 2994 Propter
1561 2947 1691 2985 Atiam
1716 2946 1801 2982 dicit
1828 2956 1976 2983 matrem
2007 2947 2177 2994 Augusti3
2214 2945 2257 2981 de

1237 3011 1306 3049 qua
1336 2997 1511 3034 Antonius
1529 2998 1610 3042 ait,
1647 2997 1798 3034 Aricina
1814 3007 1938 3034 mater.
1978 2996 2093 3033 alludit
2121 2997 2256 3033 Servius

1236 3050 1281 3086 ad
1298 3048 1417 3085 locum
1437 3049 1599 3094 Antonii,
1629 3061 1736 3099 quem
1764 3045 1887 3089 refutat
1912 3047 2046 3090 divinus
2075 3049 2204 3085 Orator
2220 3046 2255 3082 in

1238 3100 1336 3140 tertia
1345 3098 1542 3152 Philippica.

1605 3152 1689 3189 1³2
2105 3150 2260 3185 TOR-
