2504 3425
2126 145 2146 178 I
2157 144 2228 202 09

906 231 982 271 Καὶ
1005 221 1088 287 γοέξ
1117 227 1149 270 τ’
1174 217 1263 285 ἶνας
1289 229 1328 267 ἐκ
1350 219 1436 269 Aufr
1456 227 1543 270 ἐςιν.

173 287 356 344 Refert
370 302 538 342 tamen
556 326 570 351 ‚
609 302 849 342 eventura
863 287 1016 349 soleas
1036 328 1050 352 ,
1076 307 1135 341 an
1153 288 1399 339 contraria
1411 285 1674 338 somniare.
1732 281 1875 335 Mihi
1891 282 2141 354 reputanti
2156 282 2235 335 so-

169 364 368 414 mnium
384 381 550 414 meum
569 405 579 422 ,
598 359 729 414 istud
749 363 1054 433 quod‘times
1070 377 1146 422 tu,
1159 361 1412 432 egregiam
1429 359 1677 411 actionem
1696 356 1998 428 portendere
2012 356 2231 409 videtur.

167 433 491 506 Susceperam
509 433 720 487 caussam
738 435 858 508 Julii
883 435 1113 495 Pastori8‚
1130 451 1289 504 quum
1307 433 1431 483 mihi
1447 430 1724 500 quiescenti
1741 428 1840 480 visa
1854 428 1925 480 est
1941 428 2107 481 socrus
2121 446 2231 482 mea

163 507 406 561 advoluta
421 512 632 581 genibus
667 526 728 558 ne
741 527 958 579 agerem,
975 506 1244 558 obsecrare.
1288 504 1354 556 Et
1369 522 1502 554 eram
1517 504 1714 556 achinis
1728 501 2127 554 adolescentulus
2142 503 2231 556 ad-

165 579 268 633 huc
297 602 308 634 z
331 600 466 633 eram
493 583 544 633 in
575 579 1110 651 quadruplicijudsscio
1139 600 1148 630 ε
1182 595 1316 628 eram
1333 590 1505 628 contra
1521 576 1891 645 potentissimos
1907 577 2142 636 civitam,
2157 592 2228 630 at-

166 671 269 723 que
282 655 436 706 etiam
453 653 663 706 Caesaris
678 654 895 705 amicos:
923 671 1037 722 quae
1057 650 1248 723 singula
1262 664 1499 700 excutere
1517 663 1733 700 mentem
1752 646 1878 700 mihi
1895 649 2010 720 post
2025 666 2128 702 tam
2142 651 2230 703 tri·

166 725 237 779 ste
252 725 504 780 somnium
523 741 772 798 poterant.
826 726 927 798 Egi
945 740 1113 776 tamen
1137 720 1402 782 λογισάμενος
1424 719 1550 771 illud
1569 758 1584 781 ‚

775 806 833 847 Εῖς
856 798 976 845 onoma&
1002 796 1132 859 ἐέριςσς
1164 790 1392 852 ἀμύνασθαι
1416 800 1501 855 περὶ
1523 792 1688 854 πάτρης·

163 863 224 917 N
229 882 309 916 am
326 864 454 916 mihi
469 864 646 934 patria,
661 867 710 914 δε
727 861 760 917 si
776 864 902 931 quid
918 862 1114 913 charius
1130 856 1286 928 patria
1304 892 1319 915 ‚
1346 854 1471 907 fides
1487 856 1766 907 videbatur.
1810 856 2049 928 Prospere
2063 857 2229 911 cessit:

166 936 292 988 ideo
304 936 391 988 illa
402 937 538 988 aetio
554 934 681 986 mihi
697 951 835 985 aures
850 933 1119 984 hominum
1130 967 1142 989 ‚
1160 929 1245 980 illa
1254 930 1461 997 januam
1476 926 1621 979 famae
1642 927 1878 1000 patefecit
1896 950 1904 980 :
1922 931 2137 999 proinde
2151 931 2227 982 di-

163 1007 320 1079 spice,
332 1026 392 1058 an
409 1022 464 1059 tu
483 1023 696 1076 quoque
715 1003 804 1057 sub
820 1005 920 1057 hoc
937 1001 1180 1072 exemplo
1195 1000 1448 1052 somnium
1465 999 1598 1052 istud
1615 1002 1666 1052 in
1683 1001 1876 1054 bonum
1890 1016 2049 1053 vertas
2067 1023 2076 1053 :
2096 1017 2178 1053 aut
2194 1001 2229 1053 si

161 1080 323 1133 tutius
338 1093 503 1150 putaS‚
518 1078 648 1131 illud
665 1077 933 1131 cautissimi
948 1074 1189 1146 cujusque
1205 1087 1539 1145 praeceptum,
1557 1074 1719 1143 Qiod
1733 1072 2019 1131 dubitaS,ne
2034 1073 2231 1137 feceris·‚

163 1152 221 1206 id
248 1151 416 1224 ipsum
450 1151 674 1205 rescribe.
757 1150 875 1224 Ego
905 1150 1132 1220 aliquam
1168 1146 1429 1216 stropham
1455 1148 1708 1199 inveniam
1734 1164 1984 1216 agamque
2014 1145 2230 1199 caussam

163 1237 306 1278 tuam
325 1267 340 1288 ,
381 1239 440 1277 ut
456 1225 617 1296 ipsam
634 1241 777 1296 agere
796 1261 810 1285 ,
850 1241 969 1276 cum
983 1236 1037 1274 tu
1054 1220 1194 1275 voles
1212 1258 1226 1282 ,
1252 1218 1422 1290 ροΠίε.
1490 1218 1578 1272 Est
1594 1220 1728 1271 enim
1745 1217 1855 1270 sane
1868 1220 1960 1272 alia
1976 1219 2103 1271 ratio
2115 1234 2200 1271 tua
2214 1261 2226 1279 ‚

161 1298 262 1351 alia
275 1316 388 1350 mea
399 1296 513 1351 fuit.
544 1297 690 1351 Nam
698 1295 952 1367 judicium
969 1291 1335 1347 centumvirale
1350 1291 1545 1346 differri
1561 1293 1706 1346 nullo
1721 1292 1880 1344 modo
1895 1330 1912 1356 ,
1950 1290 2086 1345 istud
2100 1310 2233 1363 aegre

162 1371 378 1444 quidem
402 1408 418 1434 ,
456 1370 542 1424 sed
556 1384 725 1423 tamen
744 1367 924 1439 potest.
967 1367 1116 1422 Vale.

601 1443 656 1496 C.
690 1441 818 1496 Plz'n.
850 1438 1120 1512 Tranquillo
1129 1439 1223 1514 suo
1251 1439 1301 1492 S.
1332 1436 1484 1510 Epzst.
1514 1435 1586 1491 lib.
1624 1455 1703 1491 1x.
1739 1455 1825 1508 34,

238 1512 467 1587 Explica
481 1514 656 1567 aestum
673 1533 858 1567 meum.
898 1514 1072 1566 Audio
1087 1531 1167 1565 me
1182 1511 1312 1564 male
1324 1510 1488 1583 legere
1503 1511 1751 1564 duntaxat
1763 1508 1948 1562 versus:
1977 1509 2232 1562 orationes

165 1586 308 1639 enim
324 1589 673 1651 commodius,
689 1588 770 1640 sed
785 1602 926 1639 tanto
942 1588 1106 1639 minus
1120 1584 1300 1638 versus.
1331 1583 1532 1655 Cogito
1547 1602 1688 1655 erg0‚
1703 1584 1999 1636 recitaturus
2014 1582 2233 1634 familia-

164 1660 302 1714 ribus
318 1662 498 1714 amicis
511 1698 528 1723 ‚
551 1662 768 1732 experiri
784 1661 1023 1712 libertum
1040 1677 1226 1712 meum.
1245 1658 1371 1711 Hoc
1391 1675 1603 1726 quoque
1619 1655 1884 1718 familiare,
1901 1656 2047 1726 quod
2064 1655 2197 1726 elegi
2215 1692 2232 1719 ‚

163 1750 272 1785 non
286 1733 431 1796 bene,
442 1733 527 1785 sed
542 1734 721 1786 melius
734 1731 839 1785 scio
854 1733 1101 1786 lecturum
1121 1752 1130 1784 :
1151 1730 1183 1782 si
1201 1745 1370 1783 tamen
1386 1748 1489 1781 non
1503 1727 1655 1782 fuerit
1668 1729 1996 1800 perturbatus:
2012 1727 2083 1779 est
2095 1730 2234 1780 enim

167 1818 275 1858 tam
289 1823 454 1858 novus
468 1805 640 1866 leetor,
660 1824 814 1876 quam
828 1824 927 1877 ego
942 1813 1110 1876 po‘e'ta.
1153 1802 1278 1875 *Ipse
1292 1801 1459 1854 nescio
1474 1802 1604 1872 quid
1620 1801 1710 1854 illo
1726 1803 1925 1874 legente
1942 1801 2149 1852 interim
2162 1799 2235 1852 fa-

165 1879 300 1931 ciam
315 1915 332 1940 ,
358 1877 554 1931 sedeam
569 1877 769 1931 defixus
786 1883 837 1930 &
854 1892 1023 1930 mutus
1039 1921 1051 1936 ‚
1091 1881 1142 1929 &
1167 1875 1345 1928 similis
1356 1875 1520 1928 otioso
1536 1884 1551 1926 ?
1566 1893 1626 1926 an
1641 1876 1722 1942 (ut
1734 1874 1972 1944 quidam)
1988 1890 2103 1942 quae
2117 1890 2233 1943 pro-

164 1952 453 2014 nunciabit,
472 1969 746 2014 murmure,
761 1950 943 2011 oculi5‚
960 1967 1112 2004 manu
1130 1947 1399 2021 persequar
1414 1957 1430 2000 ?
1445 1946 1545 2000 Sed
1559 1960 1688 2018 puto
1707 1965 1787 1998 me
1803 1964 1908 1998 non
1924 1947 2090 1998 minus
2105 1945 2235 1997 male

165 2023 338 2078 saltare
353 2042 509 2096 quam
527 2025 707 2096 legere.
751 2024 944 2076 Iterum
960 2025 1152 2085 dicam,
1166 2021 1369 2092 explica
1381 2019 1554 2073 aestum
1572 2038 1762 2081 meum,
1776 2037 1993 2089 vereque
2009 2016 2236 2082 rescribe,

169 2115 296 2151 num
309 2095 369 2150 fit
385 2097 570 2152 melius
585 2097 794 2169 peffime
806 2097 990 2168 legeret,
1007 2112 1163 2166 quam
1180 2093 1267 2147 ista
1282 2094 1361 2146 vel
1379 2112 1481 2146 non
1494 2091 1676 2157 facere,
1690 2092 1771 2146 vel
1786 2091 1964 2145 facere.
1999 2090 2148 2147 Vale,

829 2168 962 2223 Idem
992 2168 1136 2222 eidem
1173 2166 1287 2220 libro
1311 2184 1361 2220 v.
1391 2179 1455 2238 ep.
1495 2184 1514 2218 ι
1533 2184 1578 2218 1.

241 2240 428 2293 Libera
441 2243 646 2295 tandem
664 2241 1200 2313 hendecasyllaborum
1215 2258 1445 2292 meorum
1463 2237 1618 2290 fidem
1637 2276 1652 2300 ,
1691 2238 1783 2308 qui
1797 2237 1980 2308 scripta
1994 2250 2079 2288 tua
2094 2251 2235 2288 com-

170 2313 413 2367 munibus
428 2316 602 2367 amicis
617 2314 1004 2385 spoponderunt
1027 2335 1037 2367 :
1081 2312 1399 2385 appellantur
1411 2311 1644 2383 quotidie
1657 2315 1707 2363 ὃ(
1723 2311 2018 2383 flagitantur
2031 2351 2042 2369 ,
2069 2327 2125 2360 ac
2132 2310 2240 2377 jam

171 2385 458 2457 periculum
474 2385 564 2447 est,
579 2405 641 2438 ne
657 2401 904 2458 cogantur
915 2386 979 2439 ad
992 2386 1340 2440 exhibendum
1358 2384 1631 2437 formulam
1647 2384 1892 2454 accipere.
1922 2382 2048 2434 Sum
2066 2385 2115 2433 &
2132 2379 2240 2451 ipse

171 2461 223 2513 in
239 2457 442 2510 edendo
457 2456 784 2520 haefitator‚tu
799 2479 938 2511 mora
951 2473 1117 2512 tamen
1133 2477 1296 2511 meam
1313 2476 1526 2529 quoque
1540 2457 1915 2509 cunctationem
1930 2455 2238 2507 tarditatem-

174 2548 277 2602 que
290 2528 470 2583 vicisti.
525 2530 749 2583 Proinde
766 2545 850 2583 aut
865 2550 1044 2601 rumpe
1053 2534 1156 2600 jam
1174 2548 1355 2592 moraS,
1368 2543 1455 2582 aut
1468 2548 1587 2581 cave
1602 2546 1663 2581 ne
1677 2528 1876 2581 eosdem
1890 2528 2005 2581 illos
2017 2526 2244 2593 libellos,

174 2620 307 2675 quos
322 2603 419 2656 tibi
435 2601 839 2675 hendecasyllabi
857 2603 1012 2655 nostri
1029 2603 1288 2655 blanditiis
1305 2603 1487 2654 elicere
1503 2620 1604 2654 non
1620 2600 1740 2673 poff
1735 2615 1826 2653 unt
1841 2639 1855 2663 ,
1890 2599 2127 2656 convitio
2142 2598 2241 2652 sca-

173 2689 356 2730 zontes
368 2689 724 2746 extorqueant.
757 2673 1047 2729 Perfectum
1061 2694 1191 2746 opus
1208 2674 1599 2746 absolutumque
1613 2673 1702 2731 est,
1719 2692 1810 2726 nec
1827 2676 1921 2741 jam
1940 2672 2244 2745 splendescit

172 2748 313 2808 lima,
333 2747 416 2801 sed
429 2749 671 2801 atteritur.
700 2748 875 2800 Patere
888 2767 970 2800 me
983 2748 1155 2802 videre
1169 2748 1380 2800 titulum
1396 2762 1562 2809 tuum,
1578 2762 1746 2818 patere
1761 2739 1952 2811 audire,
1967 2749 2088 2820 legi,
2101 2747 2246 2800 veni-

174 2840 227 2877 re
241 2821 506 2876 volumina
526 2821 826 2891 Tranquilli
844 2822 961 2872 mei.
1016 2821 1256 2890 AEquum
1273 2820 1342 2873 est
1359 2838 1449 2872 nos
1467 2822 1515 2871 in
1529 2838 1698 2872 amore
1714 2834 1816 2872 tam
1832 2836 2015 2874 mutuo
2031 2821 2245 2878 eandem

176 2896 437 2970 percipere
454 2912 519 2948 ex
533 2908 583 2946 te
598 2895 920 2967 voluptatem
938 2932 953 2956 ‚
992 2911 1093 2964 qua
1107 2906 1163 2945 tu
1177 2891 1447 2965 perfrueris
1460 2911 1524 2946 ex
1538 2894 1702 2946 nobis,
1747 2894 1892 2948 Vale.

451 2986 669 3045 Ausonius
693 2986 748 3036 de
773 3001 826 3039 xz
841 3002 878 3036 x.
904 2985 1133 3035 Caesaribus
1148 3001 1219 3047 per
1231 2986 1477 3034 Suetonium
1491 2984 1789 3052 Tranquillum
1798 2985 1967 3050 scriptis.

1125 3050 1180 3103 O
1199 3068 1425 3105 00000
1466 3068 1494 3123 3
2012 3051 2251 3126 Caesttreor
