2504 3425
241 206 360 262 330
574 181 645 236 C.
707 179 948 234 Sur-:⁶12
1012 158 1988 230 TRANQutszm-..nL

254 277 315 324 dae
336 277 445 341 pacis
459 274 489 321 'a
513 273 739 337 grassaturis
758 287 802 318 ac
828 266 1053 314 latrociniis
1076 261 1411 321 seditionumque
1435 258 1602 303 licentia
1619 273 1758 305 curam
1781 255 1939 303 habuit.
2008 254 2212 303 stationes
2235 251 2352 300 mili-

257 355 350 389 turn
369 358 441 405 per
465 341 625 386 Italiam
648 336 768 384 solito
800 329 1105 393 frequentiores
1127 322 1336 388 disposuit.
1405 324 1553 368 Romae
1582 321 1706 372 castra
1735 319 1950 367 constitu-it
1972 356 1986 377 ,
2020 320 2172 384 quibus
2195 322 2352 366 I'raeto-

261 390 384 453 rianae
406 405 597 452 cohortes
618 438 630 458 ,
665 416 775 461 vagae
798 408 891 441 ante
915 393 958 439 id
982 408 1173 454 tempus,
1207 394 1252 435 &
1276 404 1350 450 per
1371 384 1545 450 hospitia
1567 385 1751 449 dispersae
1767 421 1778 441 ‚
1814 385 2138 432 continerentur.
2205 387 2355 444 Popu-

261 472 364 517 lares
386 469 586 516 tumultus
606 477 768 510 exortos
788 457 1021 521 gravissime
1046 455 1246 502 co'e'rcuit:
1261 457 1306 497 &
1331 468 1383 497 ne
1407 453 1636 504 orirentur,
1656 449 1798 496 sedulo
1823 449 1942 495 cavit.
1978 448 2104 494 Caede
2130 451 2175 494 in
2194 446 2358 494 theatro

261 552 335 599 per
353 531 594 580 discordiam
617 512 806 580 admiffaJ
839 524 971 585 capita
987 520 1221 567 faffionum
1247 522 1291 563 &
1313 515 1532 562 histriones
1553 551 1564 572 ,
1600 528 1767 578 propter
1790 529 1894 575 quos
1928 510 2217 567 dissidebatur,
2251 513 2359 558 rele-

263 600 400 663 gavit:
437 611 513 640 nec
538 608 585 638 ut
608 604 843 645 revocaret,
879 602 1081 649 umquam
1106 585 1199 630 ullis
1235 581 1382 644 populi
1403 578 1594 642 precibus
1619 579 1759 641 potuit
1780 577 1935 624 evinci.
1998 577 2116 622 Cum
2140 577 2363 622 Polentina

266 661 384 725 plebs
407 657 533 704 funus
555 653 763 714 cujusdam
786 653 1051 715 primipilaris
1075 665 1164 694 non
1195 648 1307 710 prius
1330 662 1380 690 ex
1402 643 1499 690 foro
1519 638 1685 689 misisset
1704 680 1715 699 ‚
1753 659 1879 705 quam
1908 654 2068 686 extorta
2091 640 2266 700 pecunia
2290 655 2364 701 pet

268 728 355 772 vim
379 721 601 768 heredibus
618 720 668 765 ad
694 718 986 782 gladiatorium
1005 730 1178 760 munus:
1194 710 1412 757 cohortem
1435 708 1486 754 ab
1513 708 1641 762 urbe,
1664 713 1706 753 ὃ(
1729 708 1848 753 aliam
1873 723 1895 751 a
1920 705 2059 752 Cottii
2081 718 2238 765 regno,
2253 702 2369 749 diffi-

266 788 419 835 mulata
441 787 598 831 itineris
619 783 772 839 caulla,
805 781 977 828 deteffis
998 791 1165 841 repente
1189 777 1335 832 armis,
1370 771 1775 834 concinentibusque
1800 770 1946 833 lignis,
1982 786 2053 832 per
2075 765 2249 813 diversas
2271 783 2369 830 por-

265 865 325 898 tas
347 852 392 896 in
413 849 618 913 oppidum
638 845 834 893 immisit:
870 863 916 892 ac
938 858 1097 907 partem
1123 845 1322 900 majorem
1353 837 1491 900 plebei
1520 853 1565 882 ac
1595 837 1872 882 decurionum
1904 836 1948 880 in
1975 845 2172 895 perpetua
2202 829 2370 878 vincula

267 917 465 974 conjecit.
500 913 708 960 Abolevit
731 915 879 968 &jus,
916 924 1164 970 moremque
1196 904 1424 965 asylorum‚
1459 918 1548 963 quae
1569 901 1741 962 usquam
1758 912 1886 946 erant.
1933 897 2158 959 Cyzicenis
2181 896 2226 940 in
2261 896 2376 941 cives

269 982 491 1026 Romanos
510 978 737 1026 violentius
760 975 948 1038 quaedam
967 971 1067 1018 ausis
1087 1007 1100 1027 ,
1134 968 1301 1032 publice
1324 966 1556 1011 libertatem
1577 965 1731 1010 ademit
1750 999 1762 1018 ‚
1798 980 1923 1025 quam
1948 959 2236 1008 Mithridatico
2259 958 2375 1006 bello

270 1057 520 1090 meruerant.
585 1039 774 1086 Hostiles
798 1052 956 1093 motus,
991 1037 1104 1081 nulla
1128 1033 1268 1095 postea
1295 1029 1560 1089 expeditione
1582 1027 1782 1088 suscepta,
1817 1043 1889 1088 per
1914 1027 2072 1089 legatos
2094 1021 2375 1085 compescuit,

272 1124 351 1154 nec
377 1124 449 1170 per
473 1123 543 1152 eos
564 1104 756 1168 quidem,
792 1101 868 1146 nisi
889 1102 1129 1145 cundhmer
1148 1102 1191 1142 δε
1215 1092 1450 1139 neceffirio.
1518 1093 1658 1154 Reges
1683 1089 1859 1137 infestos
1877 1087 2167 1151 suspectosque
2194 1090 2376 1134 commi-

274 1170 518 1219 nationibus
542 1169 673 1230 magis
695 1171 737 1212 δε
758 1165 937 1228 querelis
960 1179 1084 1226 quam
1112 1162 1151 1207 vi
1175 1155 1372 1221 repressit.
1439 1154 1656 1217 Qosdam
1680 1172 1753 1217 per
1776 1153 1994 1200 blanditias
2023 1167 2148 1217 atque
2183 1151 2378 1212 promissa.

276 1237 475 1284 extraRos
494 1232 544 1279 ad
568 1231 607 1278 se
630 1246 719 1275 non
743 1226 920 1275 remisit:
957 1241 1001 1275 ut
1022 1224 1330 1272 Maraboduum
1347 1220 1642 1278 Germanum,
1665 1216 1987 1282 Thrascypolim
2012 1217 2254 1272 Thracem,
2288 1219 2379 1264 Ar-

2189 1278 2383 1328 chelaum

277 1377 313 1414 se
333 1372 474 1420 vulgare
492 1382 614 1423 corpus
633 1400 646 1415 ,
670 1368 782 1407 modo
808 1367 901 1419 apud
922 1368 1035 1406 aediles
1059 1365 1093 1403 id
1120 1363 1301 1416 profitere·
1406 1358 1644 1416 Cyzicenisl
1662 1358 1727 1395 His
1745 1357 1938 1395 libertatem
1952 1355 2168 1414 &Augustus
2185 1356 2381 1413 ademerat„

279 1438 344 1465 tur.
391 1417 489 1475 Quae
506 1436 626 1461 tamen
641 1419 805 1472 profeffio
821 1420 913 1456 irrita
929 1419 1021 1457 fasta
1039 1416 1157 1468 postea
1178 1430 1219 1453 ex
1240 1428 1304 1452 no·
1353 1409 1411 1447 sed
1432 1411 1552 1459 postea
1570 1409 1759 1467 restitutam
1782 1410 1909 1446 iterum
1928 1408 2061 1447 ademit
2079 1405 2247 1445 Tiberius.
2284 1409 2378 1461 Aug.

279 1490 325 1517 va
342 1475 438 1525 lege,
468 1475 711 1523 eleganterque
729 1470 772 1508 ad
799 1469 887 1507 hanc
906 1484 983 1507 rem
1009 1469 1215 1519 Papinianus
1235 1465 1255 1503 l.
1268 1479 1301 1502 x.
1356 1472 1534 1509 cap.va1
1547 1475 1576 1497 1.
1601 1459 1695 1497 Vide
1711 1463 1884 1496 Dionem.

280 1527 324 1564 de
340 1526 452 1563 Adult.
479 1516 608 1561 Miclier
626 1536 693 1573 qua
707 1521 876 1558 evitanda
887 1529 989 1569 poena
1007 1518 1172 1556 adulterii
1184 1517 1304 1566 gratia

1416 1510 1670 1547 Maraboduum
1698 1514 1814 1546 Germ.
1842 1507 2058 1556 Thrasypolln
2086 1508 2292 1556 Thracem]
2324 1511 2382 1548 Li.

281 1576 482 1614 lenocinium
489 1575 577 1622 fecit
596 1602 609 1618 ,
634 1583 696 1609 aut
715 1580 824 1621 operas
841 1570 925 1619 ficas
941 1571 1043 1619 scena
1062 1569 1216 1612 locavit,
1244 1567 1307 1603 ad·
1359 1559 1411 1597 bri
1431 1561 1535 1598 nostri
1558 1558 1791 1616 Marabodqm
1802 1589 1814 1616 ’.
1839 1569 1897 1596 aut
1921 1556 2148 1615 Marobodum
2167 1587 2183 1602 ‚
2215 1561 2254 1595 ὃ(
2274 1559 2383 1597 Thra-

281 1625 397 1664 ulteria·
429 1624 582 1675 accusari
615 1622 843 1672 damnarique
872 1618 1156 1670 senatusconsulto
1191 1616 1308 1668 potest.
1353 1611 1523 1660 scypolum
1538 1640 1551 1655 ³
1581 1609 1637 1650 Vel
1652 1609 1861 1658 RasssPOlim·
1920 1607 2067 1652 Melum,
2092 1608 2128 1645 1¹1
2144 1607 2266 1654 fallor,
2284 1612 2386 1649 Dion

286 1680 455 1716 Lipsms.

339 1727 465 1764 Alium
479 1724 532 1769 ἰδ’
542 1724 701 1776 questura
719 1720 906 1771 removit]
935 1734 996 1760 MS.
1014 1719 1157 1759 Salmas.
1185 1717 1310 1758 Atium

288 1792 311 1816 a
323 1776 483 1829 questura
497 1776 657 1815 removit.

618 1900 986 1936 TORRENT.

352 2014 408 2048 37.
438 2003 476 2037 A
481 1995 711 2049 graffaturis]
730 1994 825 2035 Vide
845 1995 935 2045 Aug.
956 2006 1030 2045 cap.
1043 1990 1311 2032 xxx11.&Oth.

295 2063 370 2102 cap.
382 2064 439 2088 vi.

356 2107 443 2150 Vaga
460 2108 541 2135 ante
555 2098 592 2134 ia!
612 2096 770 2146 tempta}
803 2094 971 2144 Augustus
985 2093 1100 2136 enirn,
1112 2093 1169 2142 qui
1186 2093 1316 2142 primus

299 2152 477 2203 partimin
495 2148 539 2185 sui
560 2176 571 2191 ,
602 2149 781 2197 partimin
806 2147 911 2183 Urbis
936 2142 1127 2181 custodiam
1153 2144 1313 2180 cohortes

299 2203 490 2252 allegerat,
523 2197 595 2235 fine
620 2200 734 2236 castris
763 2210 822 2248 per
843 2196 972 2233 domos
998 2191 1159 2243 dispersas
1184 2193 1313 2230 habuit.

299 2256 379 2303 Sup.
402 2260 587 2301 cap.x1.1x.
607 2252 644 2285 ὃ(
663 2249 773 2286 Tacit.
791 2246 851 2284 lib.
867 2259 921 2283 1v.
937 2244 995 2281 ubi
1012 2244 1055 2280 de
1075 2245 1212 2289 Seiano.
1231 2244 1316 2279 Plin.

301 2304 359 2341 lib.
376 2316 427 2340 iv.
448 2312 524 2348 cap.
545 2313 578 2336 v.
616 2299 722 2337 castra
747 2298 904 2349 praeteriit
929 2308 1036 2346 prope
1064 2307 1184 2331 muros
1217 2293 1319 2330 Urbis

304 2354 415 2390 locata
432 2348 527 2388 fuiss'e
544 2348 679 2387 indicat.
737 2347 845 2398 Quod
866 2360 990 2386 verum
1007 2342 1094 2388 effe,
1121 2348 1159 2380 δε
1178 2343 1321 2394 quidem

303 2418 377 2441 non
395 2400 514 2453 procul
532 2413 552 2437 a
568 2401 624 2438 via
645 2403 874 2437 Nomentana
894 2426 905 2441 ‚
932 2396 1125 2445 colligimus
1142 2408 1186 2431 ex
1204 2399 1322 2432 Sueto-

306 2456 366 2491 nio
385 2457 470 2490 Ner.
489 2462 564 2501 cap.
577 2462 729 2490 xLV111.
759 2450 858 2487 Adde
871 2446 1055 2497 Capitolini
1073 2444 1276 2490 Balbinum,
1297 2444 1323 2482 fi

307 2505 411 2543 lubet.

362 2556 562 2603 Hestriones,
573 2559 701 2603 propter
720 2562 798 2598 quos
816 2546 1064 2597 dissidebatur]
1081 2548 1129 2581 Ut
1147 2545 1233 2583 olim
1246 2559 1324 2595 pro-

310 2618 382 2657 pter
399 2606 565 2657 Pyladem
583 2609 619 2642 ὃ(
639 2600 851 2650 Bathyllum,
880 2600 970 2649 Aug.
990 2610 1066 2646 cap.
1080 2608 1159 2635 va.

360 2661 450 2693 Cum
468 2655 644 2691 Poleatina
655 2649 771 2698 plebs]
793 2649 954 2686 Melior-es
971 2648 1109 2685 codices
1125 2648 1326 2685 Pollentina.

311 2709 425 2744 Plures
450 2718 567 2743 autem
595 2702 768 2741 Pollentiae
805 2701 849 2748 (a
867 2698 1030 2749 pollendo
1049 2727 1061 2741 ,
1087 2709 1121 2734 ut
1135 2710 1155 2734 a
1173 2697 1326 2735 valendo

316 2758 471 2793 Valentia
489 2785 500 2800 ‚
528 2755 574 2792 sic
594 2752 716 2800 didius)
757 2751 919 2794 fuerunt,
947 2749 1006 2786 sed
1032 2761 1112 2786 eam
1138 2748 1327 2798 intelligere

314 2809 513 2842 Suetonium
533 2820 607 2855 qum
632 2806 721 2850 juxta
739 2802 842 2852 Alpes
861 2813 951 2845 erat,
970 2799 1097 2836 indicio
1117 2799 1164 2836 est
1183 2799 1215 2835 id
1233 2799 1327 2848 quod

314 2856 357 2891 de
383 2857 488 2892 Cotio
508 2859 604 2902 Rege
631 2855 776 2906 sequitur
794 2881 805 2894 ,
834 2864 855 2888 a
871 2865 941 2902 quo
961 2851 1064 2901 Alpes
1083 2851 1193 2886 Cotiae
1214 2849 1328 2899 appel—

316 2906 435 2942 lantur.
497 2908 604 2949 Huius
627 2920 710 2942 vero
730 2902 905 2940 Pollentiae
933 2902 1090 2939 lanarum
1110 2899 1327 2937 nobilitatem

318 2954 546 2991 commendat
560 2955 643 2990 Plin.
664 2956 719 2990 lib.
735 2967 839 2990 V111.
863 2966 939 3003 cap.
953 2963 1040 2989 val
1053 2966 1064 2988 1
1078 2966 1105 2989 1.

380 3011 569 3053 Moremque
595 3004 792 3050 astjlarum.]
818 3003 951 3042 Plenius
967 3003 1010 3039 de
1026 3001 1122 3052 asylis
1141 3002 1251 3039 Tacit.
1273 3001 1330 3039 lib.

328 3070 359 3091 ι]
375 3069 402 3091 ι.
429 3055 578 3090 modum
601 3054 695 3104 asylis
713 3052 947 3103 praescripfiffe.
966 3052 1169 3099 Tiberium,
1196 3066 1270 3092 non
1289 3065 1329 3091 ea

316 3103 499 3144 abolet-issi:
518 3116 817 3142 connnemoranS.

1362 1665 1400 1699 δε
1418 1663 1559 1699 Tacitus
1577 1661 1782 1709 Rescuporim
1802 1689 1814 1704 ,
1833 1663 1870 1697 ὃ(
1890 1659 2092 1707 Rafciporim
2118 1671 2255 1698 vocant.
2315 1665 2386 1700 Cu-

1365 1715 1416 1760 jus
1436 1713 1611 1756 nominis,
1643 1712 1689 1748 uti
1709 1714 1746 1748 ὃ(
1760 1710 1964 1753 Mar-abodi,
1995 1721 2085 1746 certa
2102 1710 2220 1748 nostro
2235 1710 2386 1750 idioma-

1366 1775 1400 1800 te
1422 1763 1637 1813 etymologia
1657 1761 1715 1798 est.
1726 1765 1832 1799 Fuere
1852 1764 1890 1799 &
1905 1772 1984 1798 ante
2002 1760 2093 1797 hunc
2111 1761 2165 1797 alii
2183 1761 2313 1799 eodem
2323 1776 2387 1801 no-

1367 1815 1465 1851 mine
1481 1815 1515 1850 in
1533 1814 1683 1851 Thracia
1700 1826 1817 1862 reges,
1844 1825 1932 1863 quos
1954 1811 2069 1847 Caesar
2085 1811 2142 1848 lib.
2161 1808 2236 1849 iii.
2255 1812 2298 1849 de
2314 1813 2388 1850 Bel-

1369 1864 1405 1901 lo
1423 1865 1546 1907 Civili,
1559 1868 1595 1901 &
1615 1868 1747 1901 Lucan.
1763 1863 1821 1900 lib.
1834 1876 1867 1901 v.
1897 1866 1933 1898 ὅ(
1948 1862 2096 1912 Appian.
2117 1866 2155 1898 &
2172 1863 2272 1899 Dion
2289 1877 2391 1901 com·

1369 1927 1585 1952 memorant.
1603 1914 1697 1955 Vide
1705 1943 1719 1959 ,
1730 1913 1755 1951 fi
1771 1913 1827 1952 lub
1833 1925 1886 1959 et,
1895 1913 2105 1951 Turnebum
2115 1912 2294 1953 Adversarr
2304 1927 2327 1953 x
2335 1928 2391 1956 xv.

1371 1977 1448 2015 cap.
1459 1978 1505 2002 xv
1515 1980 1527 2004 1
1540 1980 1568 2003 1.
2072 1973 2074 1975 '
2265 1973 2267 1975 '

1685 2089 2082 2124 CASAUBON.

1429 2188 1555 2226 Aliam
1572 2200 1596 2224 a
1610 2185 1717 2222 Cottii
1733 2186 1869 2235 regn0.]
1894 2189 2061 2236 Regnum
2079 2188 2187 2224 Cottii
2204 2187 2274 2232 est,
2287 2201 2395 2240 quam

1376 2238 1500 2276 Strabo
1522 2237 1651 2281 ΚοτἹιέ
1670 2237 1733 2279 ’γῆν
1745 2249 1849 2275 vocat
1865 2238 1901 2273 in
1919 2238 2075 2274 <rentium
2092 2238 2327 2288 inalpinarum
2336 2241 2395 2278 de-

1377 2289 1568 2340 scriptione.
1627 2287 1720 2325 Male
1748 2298 1900 2336 praeeunt
1918 2269 1941 2331 ῗ
1964 2289 2021 2337 qui
2035 2290 2128 2324 Cotzs
2148 2289 2249 2327 scribi
2263 2290 2397 2330 volunt..

1379 2343 1488 2391 Corys
1504 2340 1609 2390 longe
1624 2338 1706 2374 alius
1722 2350 1743 2374 a
1761 2341 1890 2383 Cotto,
1917 2338 1973 2377 vel
1993 2339 2125 2376 Cottio..

1434 2390 1600 2428 Abolevlt
1615 2388 1667 2432 Εἴ
1680 2390 1736 2435 jus
1753 2401 1943 2438 moremque
1959 2388 2125 2436 asssorum
2135 2419 2148 2434 ,
2173 2404 2239 2441 quae
2252 2391 2395 2442 usquam

1381 2442 1520 2488 erasm]
1562 2442 1594 2478 Si
1620 2453 1701 2478 vere
1730 2440 1803 2475 liaec
1824 2441 2003 2476 Suetonius
2023 2468 2035 2483 ,
2064 2440 2230 2490 sequitur,
2264 2454 2300 2480 ut
2318 2444 2398 2494 post

1383 2492 1456 2527 haec
1484 2503 1643 2541 tempora
1674 2489 1763 2527 nulla
1783 2489 1924 2539 usquam
1952 2490 2084 2540 templa
2107 2491 2230 2529 fuerint
2259 2494 2294 2530 in
2319 2504 2397 2530 toto

1383 2542 1532 2591 imperio
1550 2545 1800 2580 Romanorum
1815 2539 1894 2590 asyli
1915 2543 1985 2587 jure
2006 2541 2156 2592 praedita.
2201 2547 2288 2580 Sane
2304 2543 2401 2593 apud

1384 2592 1587 2630 Pausaniam
1603 2593 1638 2629 in
1657 2591 1881 2641 descriptione
1901 2593 2040 2629 Graeciae
2058 2593 2397 2643 observamus,quo-

1384 2643 1445 2678 ties
1464 2642 1536 2680 fere
1555 2643 1597 2680 de
1616 2643 1683 2679 hoc
1704 2645 1775 2687 iure
1793 2643 1917 2692 templi
1935 2643 2072 2690 alicujus
2089 2645 2206 2680 auctor
2226 2642 2395 2693 loquitur,

1384 2693 1449 2729 dici
1466 2694 1500 2730 id
1521 2695 1606 2731 olim
1624 2691 1737 2737 fuisse,
1768 2692 1835 2730 hoc
1858 2693 1905 2730 est
1919 2722 1932 2737 ,
1961 2696 2033 2739 jam
2051 2707 2124 2730 non
2147 2691 2223 2730 esse.
2252 2706 2295 2730 an
2319 2707 2398 2745 pro-

1384 2756 1457 2793 pter
1477 2745 1563 2782 hanc
1583 2744 1715 2783 Tiberii
1733 2744 1874 2794 legem?
1895 2745 1960 2781 Sed
1980 2745 2137 2786 Tacitus,
2157 2746 2214 2793 qui
2230 2742 2302 2781 fuse
2319 2759 2396 2782 rem

1385 2807 1497 2832 narrat
1513 2796 1571 2833 lib.
1589 2811 1600 2833 1
1614 2811 1625 2833 1
1639 2811 1668 2832 1.
1679 2795 1828 2832 modum
1844 2795 1922 2831 huic
1938 2795 1985 2830 rei
2003 2794 2080 2830 dicit
2097 2794 2288 2831 adhibitum
2301 2824 2312 2839 ,
2324 2809 2400 2832 non

1384 2857 1501 2882 autem
1521 2849 1570 2892 jus
1588 2860 1697 2884 omne
1716 2847 1848 2897 penitus
1864 2843 2033 2881 sublatum
2047 2844 2161 2894 :quod
2179 2858 2243 2882 nec
2262 2843 2302 2882 fit
2312 2847 2397 2886 veri·

1386 2893 1509 2935 simile.

1439 2947 1687 2996 Thrascypolim
1707 2943 1907 2992 ahracem]
1938 2945 2015 2982 Scio
2028 2945 2399 2995 Graecos‘1‘wn6mpu

1384 3000 1588 3041 nominare,
1617 3009 1652 3034 ut
1669 2998 1849 3033 Dionem:
1875 2995 1930 3032 sed
1948 2996 2140 3034 constanter
2162 3011 2221 3048 per
2237 2997 2299 3034 Th.
2312 3009 2394 3035 mss.

1385 3049 1500 3087 nostri.
1538 3048 1617 3085 Liss.
1646 3046 1794 3096 quidem·
1813 3045 1933 3085 diserte
1965 3046 2221 3099 Thrafiypolim.
2258 3047 2394 3086 Viterb.

1384 3114 1469 3142 vero
1491 3097 1733 3148 Thrafibolum.

2237 3149 2394 3187 Touo
