2504 3425
500 176 1050 231 Tranarus
1115 166 1401 223 NERO
1467 160 1848 214 Cresia.

971 269 1012 309 &
1039 258 1302 323 repentinam
1323 251 1508 308 famem,
1541 247 1780 297 inconsulto
1803 246 1840 292 se
1859 243 2000 292 adisset
2024 281 2039 302 ‚
2074 244 2243 307 questus

155 274 446 329 Alexandriam
468 305 482 326 ,
515 281 682 330 propter
705 265 946 312 immensam

158 343 216 390 est
238 343 281 386 in
303 337 456 383 senatu.

2128 168 2231 225 341

520 335 659 378 Etiam
693 328 822 376 causs'a
855 330 1000 374 mortis
1032 323 1151 372 fuiffe
1176 324 1216 368 ei
1241 336 1312 383 per
1346 319 1431 364 Cn,
1458 315 1656 363 Pisonem
1678 313 1862 375 legatum
1884 310 2008 370 Syriae
2041 309 2239 355 creditur:

158 420 286 470 quem
319 417 419 447 mox
451 398 572 458 hujus
605 395 789 443 criminis
821 408 938 439 reum
965 403 1110 454 putant
1140 384 1310 451 quidam
1344 380 1532 427 mandata
1565 379 1819 440 prolaturum
1842 408 1855 429 ‚
1902 373 1980 419 nist
2011 389 2060 419 ea
2091 371 2244 420 secreta

160 466 382 516 obstarent.

449 469 529 510 Per
561 475 653 525 quae
687 455 954 505 multifariam
986 452 1232 514 inscriptum
1255 482 1270 504 ‚
1324 451 1368 491 &
1403 462 1474 507 per
1508 444 1651 489 noctes
1684 438 1932 486 creberrime
1971 438 2242 484 acclamatum

162 533 246 590 est,
281 529 419 576 Redde
439 529 730 572 Germanicum.
794 526 935 582 Qam
954 516 1231 580 suspicionem
1247 508 1513 556 confirmavit
1538 505 1622 568 ipse
1645 503 1805 567 postea:
1840 506 2021 565 conjuge
2040 502 2166 548 etiarn
2199 517 2244 548 ac

87 598 135 648 53
159 598 298 644 liberis
330 592 581 638 Germanici
614 587 823 634 crudelem
858 587 902 630 in
937 583 1110 629 modum
1144 575 1316 624 afflictis.

761 647 993 712 questam,-
1011 661 1136 691 manu
1169 635 1439 700 apprehendit
1466 654 1476 680 ε

756 716 946 775 injuriam
975 725 1011 755 te
1042 712 1212 773 accipere
1243 697 1471 761 existimas?
1506 700 1601 743 Nec
1623 697 1709 741 ullo
1743 711 1842 740 mox
1875 693 2064 741 sermone
2096 693 2248 758 digna-

162 661 298 708 mariti
330 658 501 703 liberius
533 652 729 716 quiddam

162 727 327 772 minaris
337 758 351 780 ‚
386 721 524 783 inquit
534 753 547 774 ‚
565 717 699 778 filiola
711 749 724 770 ,

157 804 229 835 tus
260 786 331 834 est.
400 781 630 843 onndam
663 792 762 825 vero
796 777 902 821 inter
933 789 1099 819 coenam
1132 784 1226 831 porr

163 869 309 901 vocare
323 847 439 897 desiit
448 882 464 906 ,

485 986 857 1021 Tonxenr.

217 1056 474 1095 Alexandriam
492 1048 642 1100 πέψει]
689 1046 857 1097 Augustus
878 1045 964 1081 inter
982 1042 1047 1079 alia
1068 1042 1181 1088 impe·

163 1110 202 1146 rii
226 1120 348 1145 arcana
383 1102 592 1143 senatoribus
611 1129 623 1143 ,
669 1111 770 1149 atque
794 1094 974 1133 illustribus
1013 1091 1180 1143 equitibus

164 1159 237 1197 fine
262 1157 427 1208 Principis
458 1151 624 1191 consensu
650 1149 798 1200 permitti
830 1146 940 1183 noluit
965 1146 1000 1181 iu
1030 1146 1179 1192 AEgypto

164 1208 241 1248 esse.
269 1209 382 1246 Tacit.
402 1206 460 1243 lib.
485 1219 536 1242 11.
567 1207 655 1239 Eam
670 1200 718 1237 ob
744 1197 882 1235 causam
904 1197 1003 1246 igitur
1027 1194 1070 1230 de
1095 1196 1179 1230 Ger-

164 1261 304 1300 manico
321 1257 454 1310 questus
472 1255 519 1292 est
540 1252 712 1291 Tiberius.
757 1248 851 1287 Vide
869 1247 955 1283 Caes.
980 1258 1053 1294 cap.
1073 1257 1174 1281 xxxv.

220 1309 297 1360 Nifi
313 1305 527 1358 eafiecreta.]
562 1307 676 1341 Locus
692 1299 783 1338 haud
799 1297 902 1335 dubie
920 1294 1107 1334 mendosus
1119 1293 1178 1330 est.

164 1362 243 1400 Lib.
261 1373 347 1399 unus
365 1357 429 1408 nisi
443 1370 483 1393 ea
492 1357 626 1405 secreto.
658 1349 866 1401 Legendum
878 1346 1024 1384 fortassis
1040 1375 1051 1389 ‚
1070 1346 1106 1381 ni
1123 1352 1179 1381 se-

157 1415 264 1463 janus
274 1412 397 1460 secreto
414 1407 563 1454 obstaret.
602 1417 678 1454 quae
697 1403 775 1439 sane
795 1400 994 1446 conjeaura
1013 1409 1094 1433 cum
1111 1399 1181 1433 Ta-

166 1463 223 1500 citi
241 1462 376 1500 historia
392 1459 524 1509 optime
541 1454 712 1494 convenit.

225 1518 290 1549 Per
307 1523 374 1561 ἦκα
389 1506 619 1553 multifariam
637 1500 876 1550 increpitum.]
920 1496 1024 1534 Liber
1041 1509 1112 1548 opt.
1130 1497 1182 1532 in-

164 1563 343 1613 scriptum.
374 1557 543 1595 columnis
560 1555 680 1591 scilicet
693 1581 705 1596 ‚
746 1562 804 1587 aut
819 1551 924 1586 etiam
946 1548 1060 1584 statuis
1078 1546 1184 1584 Tibe-

173 1614 211 1651 rii
227 1641 239 1656 ,
266 1623 302 1649 ut
318 1609 407 1647 Caes.
429 1619 622 1657 cap.1.xxx.
650 1606 736 1640 Ner.
764 1613 838 1651 cap.
867 1610 947 1636 va.
993 1597 1080 1634 Illud
1096 1611 1182 1635 vero

165 1673 228 1714 per
245 1675 333 1712 qua,
361 1672 425 1710 pro
442 1670 547 1708 quare
568 1654 658 1705 apud
681 1654 883 1691 Suetonium
910 1660 984 1685 non
1006 1647 1112 1685 semel
1134 1649 1184 1685 in-

172 1725 298 1754 venias.

225 1760 434 1797 Creberrime
450 1754 717 1800 acclamatum]
739 1751 842 1791 Idem
862 1749 947 1787 liber
965 1747 1012 1784 cel
1052 1748 1182 1784 errime.

231 1827 284 1857 53.
293 1816 398 1847 Graeco
410 1807 542 1856 verfic.]
555 1807 608 1842 Sic
617 1806 729 1841 Tacit.
741 1814 880 1854 quoque
890 1810 1084 1849 correptam
1093 1801 1186 1835 Grae-

108 1872 122 1913 ¹„
171 1876 216 1901 co
230 1860 327 1901 versu
351 1859 551 1900 admonuit,
578 1855 658 1892 ideo
676 1856 755 1906 quia
774 1866 847 1889 non
863 1861 1030 1900 regnaret.
1063 1849 1129 1885 Sed
1146 1853 1183 1885 ὃς

170 1911 367 1951 Aristoteles
388 1910 445 1946 lib.
462 1923 472 1945 ι
487 1923 496 1944 ι
511 1922 539 1944 1.
559 1905 691 1943 Politic.
708 1905 775 1941 tale
791 1902 915 1952 aliquid
935 1913 955 1936 a
977 1911 1081 1949 poeta
1099 1913 1186 1950 quo-

169 1965 264 2016 piam
280 1963 412 1999 dictum
440 1956 533 1995 fuiffe
559 1953 739 2006 significat.
776 1965 899 1991 verum
924 1955 962 1987 δε
980 1963 1091 2000 poeta:
1118 1964 1183 1987 no-

170 2028 253 2052 men
269 2042 279 2056 ,
306 2016 345 2049 δε
362 2010 475 2051 versus
492 2008 560 2057 ipse
578 2008 742 2044 haetenus
766 2005 979 2054 ignorantur.
990 2001 1065 2037 Gul.
1090 2004 1183 2036 Can-

169 2078 258 2103 terus
285 2067 419 2101 Novar.
442 2073 500 2099 v1.
535 2070 608 2106 cap.
630 2070 732 2095 xxvi.
763 2055 852 2091 hunc
876 2051 920 2088 de
940 2051 1002 2088 suo
1027 2050 1179 2095 subjicit:

169 2118 210 2152 Εἰ
227 2112 277 2162 μδ
295 2115 448 2163 κρατεῖς,
473 2109 618 2151 «tenuior,
650 2105 857 2155 όέρίζεα-θαι
881 2101 1002 2141 δοκεῖς.
1043 2104 1182 2139 Poterat

170 2171 208 2204 δὲ
227 2165 273 2204 fic
291 2174 475 2213 conceptus
503 2156 568 2197 esse
589 2173 599 2195 ε
639 2156 681 2193 Εἰ
703 2158 753 2200 μή
776 2154 936 2203 τυραννεῖς
952 2179 965 2194 ,
1001 2151 1184 2202 θόγοιτεξ,

170 2217 374 2254 ἀδικεῖσθαι
394 2214 524 2256 domin

224 2275 340 2317 Neque
353 2266 418 2301 ullo
434 2274 511 2301 mox
519 2257 711 2309 ftrmone]
745 2261 830 2292 Mox
841 2268 902 2305 pro
903 2263 921 2303 j
929 2253 1011 2302 ostea
1021 2255 1184 2292 Suetonio

172 2317 349 2355 familiare.
949 2325 956 2331 ¹

220 2373 311 2406 Cum
321 2364 542 2416 praflruffium
561 2356 779 2408 utrumque.]
824 2356 855 2392 A
882 2357 1008 2401 Seiano
1033 2353 1177 2400 scilicet,

172 2422 229 2467 qui
252 2423 288 2456 δε
316 2416 508 2466 Agrippinae
526 2411 717 2462 suspectum
743 2407 926 2446 Tiberium
951 2405 1106 2449 fecerat,
1142 2411 1180 2444 &

175 2471 320 2508 Tiberio
336 2465 501 2506 suaserat,
524 2474 560 2499 ut
588 2461 747 2512 porreeto
777 2458 872 2494 illam
888 2456 984 2493 malo
1012 2469 1178 2502 tentaret,

174 2522 306 2559 {ublato
324 2521 395 2564 jam
424 2525 504 2551 ante
518 2512 663 2549 Eudemi
678 2509 804 2546 medici
822 2519 928 2558 opera
937 2507 1062 2544 Druso.
1092 2510 1181 2546 Haec

174 2575 285 2612 Tacit.
299 2570 362 2607 lib.
381 2579 432 2604 iv.
462 2563 560 2601 Adde
578 2562 726 2598 Plinium
751 2559 810 2596 lib.
833 2572 933 2595 xxix.
957 2570 1032 2608 cap.
1049 2572 1076 2594 ι.
1112 2562 1181 2596 Pro

172 2621 363 2670 nccerfitum
380 2627 497 2654 autem
514 2610 694 2660 arceffltum
710 2609 816 2648 habet
833 2609 918 2647 liber
935 2621 1039 2651 unus,
1070 2621 1181 2646 accer-

163 2676 195 2727 fi
212 2673 374 2715 meliores
387 2665 488 2706 codd.

485 2749 875 2784 Cisaunou.

227 2822 301 2872 Nifi
318 2833 358 2858 ea
372 2819 503 2870 secreta
526 2812 721 2862 obstarent.]
740 2810 974 2850 Nihilvariant
984 2818 1066 2847 vett.
1078 2806 1180 2845 codd.

173 2873 334 2912 sententia
352 2869 496 2922 postulat
510 2866 626 2909 scribi,
655 2862 716 2912 >²5st
734 2875 771 2898 ea
782 2862 907 2911 secreto
916 2859 1035 2895 ablata
1042 2859 1179 2904 forent,

171 2926 249 2970 vel,
273 2937 309 2962 ut
325 2921 437 2960 visum
455 2919 663 2958 Torrentio,
686 2915 723 2950 ni
740 2914 877 2962 Sejanus
889 2911 1014 2959 secreto
1028 2908 1178 2956 obstaret.

174 2976 240 3013 Adi
258 2975 302 3012 ad
320 2975 493 3010 Tacitum.

228 3027 374 3074 Perque
389 3019 619 3067 multifihriam
636 3015 844 3063 increpitum.
861 3011 875 3061 ]
905 3011 1056 3062 Regium
1065 3021 1184 3046 exem-

175 3076 244 3126 plar
262 3088 365 3112 unum
387 3076 423 3109 ὅ(
440 3069 616 3110 Politiani,
647 3066 851 3114 inscriptum.
910 3066 1025 3099 Notus
1042 3074 1121 3097 mos
1139 3073 1181 3097 ex

175 3128 245 3164 aliis
261 3124 408 3164 Suetonii
427 3122 521 3161 locis.
576 3117 715 3156 Deinde
731 3115 860 3154 habent
886 3114 969 3164 regii
1000 3111 1106 3151 codd.
1135 3124 1183 3149 ce-

1391 574 1562 617 Nurum
1603 569 1883 632 Agrippinam
1926 563 2020 630 post
2062 579 2244 612 mortem

1509 635 1748 695 Graecoque
1782 629 1901 677 versu
1926 666 1939 687 ‚
1980 631 2029 675 Si
2061 647 2139 674 non
2171 630 2247 675 do-

1229 765 1317 809 εᾶει
1348 780 1371 807 a
1405 761 1444 806 se
1466 778 1590 825 poma
1611 758 1769 822 gustare
1796 775 1884 804 non
1909 755 2044 805 ausam
2057 793 2073 814 ‚
2117 760 2244 804 etiam

488 843 703 900 simulans,
728 839 766 886 se
779 839 931 887 veneni
943 837 1117 883 crimine
1130 827 1383 879 arceffitum:
1417 841 1514 872 cum
1527 823 1808 887 praestruGtum
1820 836 2045 887 utrumque
2059 820 2248 869 consulto

2125 885 2246 942 estet,

1232 963 1407 1002 leberrime
1421 963 1648 1000 acclamatum
1666 958 1730 1007 est,
1759 970 1831 995 non
1844 958 2051 995 creberrime.
2080 969 2144 1009 pro
2156 971 2248 995 coctu

1232 1015 1464 1052 celeberrimo
1496 1017 1534 1050 &c
1559 1008 1837 1063 frequentissimo
1874 1009 2076 1048 coeuntium
2100 1009 2249 1060 undique

1230 1064 1428 1102 hominum.

1289 1131 1302 1161 5
1311 1132 1340 1160 3.
1366 1117 1401 1152 Si
1418 1129 1484 1152 non
1498 1113 1705 1156 dominaris,
1732 1110 1845 1161 inqu.'t
1859 1137 1870 1153 ,
1886 1107 1997 1157 filiola
2007 1137 2020 1153 ,
2045 1107 2208 1154 injustam
2220 1119 2252 1144 te

1228 1168 1372 1215 accipere
1389 1166 1582 1214 existimas?
1600 1163 1612 1213 ]
1655 1163 1719 1200 Cal
1746 1163 1860 1199 urnius
1887 1159 2023 1197 Flaccus
2053 1153 2251 1197 Declamat.

1229 1230 1288 1255 vr.
1318 1216 1490 1254 Scelerum
1511 1215 1650 1263 ingeniis
1675 1175 1744 1256 (ὄρ
1743 1211 1926 1261 plusquam
1946 1209 2069 1247 civilia
2091 1210 2253 1259 cupienti-

1229 1267 1290 1303 bus
1308 1297 1320 1311 ,
1356 1281 1421 1303 non
1439 1265 1611 1303 dominari
1630 1263 1736 1310 instar
1743 1261 1925 1312 servitutis
1957 1260 2013 1301 ef).
2069 1260 2250 1310 Eleganter

1232 1318 1337 1354 etiarn
1354 1319 1544 1368 Cyprianus
1565 1318 1599 1351 iu
1615 1313 1754 1364 epistola
1775 1312 1818 1350 ad
1844 1314 2027 1349 Donatum
2049 1325 2060 1348 ι
2097 1310 2254 1359 Fascibus

1231 1369 1285 1404 ille
1303 1368 1481 1404 obleetasus
1508 1365 1560 1409 Εἴ
1587 1364 1764 1400 honoribus
1782 1391 1794 1407 ,
1826 1363 1988 1411 privatus
2016 1360 2070 1404 Εἴ
2094 1361 2253 1410 inglorius

1230 1419 1288 1467 effe
1297 1432 1363 1454 non
1364 1418 1465 1466 potest
1475 1434 1484 1453 :
1504 1414 1704 1463 hicstipatus
1711 1413 1883 1451 clientium
1892 1413 2002 1449 cuneis
2012 1441 2024 1456 ,
2023 1411 2256 1462 frequentiore

1232 1469 1395 1506 comitatu
1413 1466 1539 1517 0ffi01'0fi
1564 1466 1710 1513 agminis
1738 1463 1926 1510 honestatus
1944 1491 1956 1506 ,
1994 1471 2132 1510 paenam
2151 1471 2255 1510 putat

1228 1519 1304 1567 effi,
1315 1532 1390 1555 cum
1397 1519 1486 1567 solus
1495 1517 1548 1565 est.
1580 1519 1659 1552 Nec
1674 1514 1804 1552 abludit
1814 1517 1951 1551 senecae
1967 1511 2101 1551 dietum
2111 1510 2252 1563 epistola

1231 1582 1288 1607 xv.
1308 1571 1462 1618 Denique
1478 1579 1516 1605 ut
1533 1565 1623 1603 nihil
1639 1566 1704 1602 illis
1715 1572 1864 1602 Fortuna
1879 1563 2042 1600 detrahat
2054 1591 2069 1606 ,
2092 1564 2255 1612 quicquid

1232 1634 1298 1656 non
1321 1620 1511 1669 acquiritur
1528 1647 1540 1662 ,
1565 1617 1731 1653 damnum
1749 1614 1802 1662 est.
1830 1613 1911 1651 illud
1929 1613 2098 1651 Plutarchi
2121 1615 2254 1664 Pyrrho

1235 1669 1277 1706 de
1296 1671 1515 1711 Tarentinis,
1533 1666 1695 1709 ὃδλειόιν,
1724 1666 1758 1701 τὸ
1778 1664 1826 1710 μή
1844 1664 1923 1711 πρὶς
1943 1662 2052 1705 η’ὃονῆν
2063 1664 2121 1714 ζῆν
2140 1692 2153 1707 ,
2174 1663 2256 1700 ἐκσέ-

1236 1729 1308 1757 λεν.
1339 1733 1450 1770 neque
1471 1718 1551 1755 illud
1568 1719 1602 1753 in
1629 1717 1792 1754 convivio
1809 1715 2026 1765 sapientum:
2058 1711 2126 1751 esse
2152 1728 2257 1764 quos-

1236 1770 1319 1807 dam
1337 1771 1517 1813 homines,
1544 1769 1601 1819 qui
1620 1767 1646 1803 εἰ
1668 1765 1716 1810 μή
1736 1766 1781 1803 τὰ
1797 1781 1927 1802 παντων
1947 1765 2092 1811 ’ἔχεο-ιν,
2113 1763 2254 1801 ἰδιωτῶν

1238 1821 1315 1864 ἅμα
1333 1822 1397 1857 καὶ
1413 1819 1604 1865 βασιλέων,
1630 1817 1689 1853 ὑπ’
1708 1815 1834 1857 ἐνδείαις
1846 1813 2253 1864 ἁπολεῖσθοιινομῖζεο-ιν.

1238 1871 1357 1908 Paullo
1374 1870 1583 1915 aliter-jason
1601 1880 1765 1918 tyrannus
1785 1865 1874 1916 apud
1897 1864 2146 1915 Philosophum
2168 1867 2258 1902 Poli-

1238 1924 1384 1959 ticorum
1402 1922 1460 1959 lib.
1484 1935 1560 1958 111.
1579 1920 1695 1954 'lawa
1712 1917 1778 1965 ’ἔφη
1795 1915 1927 1963 πεινῇιι,
1956 1914 2011 1951 ὅτε
2027 1912 2078 1961 μή
2093 1920 2262 1964 τυραννοῖ,

1238 1971 1279 2012 ὡς
1294 1974 1343 2009 ἐκ
1359 1971 1561 2016 ἔπιε-άμενος
1581 1967 1710 2008 ἰδιώτης
1733 1966 1826 2004 εἶναι.
1838 1965 2004 2014 esurires&
2018 1993 2031 2009 ‚
2055 1979 2131 2004 cum
2140 1976 2258 2015 tyran-

1236 2024 1351 2059 nidem
1369 2036 1434 2075 non
1451 2021 1612 2057 obtineret
1632 2035 1641 2054 .·
1684 2027 1722 2054 ut
1746 2018 1805 2065 qui
1824 2017 1986 2065 privatus
2014 2015 2071 2066 effe}
2102 2019 2254 2066 neftiret.

1238 2073 1351 2109 Placet
1376 2084 1495 2109 autem
1512 2069 1636 2112 valde,
1661 2067 1755 2119 quod
1770 2067 1866 2105 docti
1884 2067 1947 2106 viri
1964 2078 2043 2105 ante
2060 2080 2125 2105 nos
2145 2081 2256 2105 :muo-

1236 2135 1351 2160 tarunt
1366 2152 1379 2166 ,
1412 2120 1620 2161 versiculum
1642 2122 1805 2156 Graecum
1822 2130 1892 2167 quo
1911 2116 2072 2155 Tiberius
2097 2118 2146 2155 est
2160 2120 2257 2161 usus,

1233 2173 1406 2211 verbatim
1423 2183 1444 2210 a
1459 2172 1623 2209 Suetonio
1641 2167 1707 2206 esse
1717 2167 1906 2220 expressiim
1918 2196 1928 2211 ,
1943 2168 1985 2204 Εἰ
2005 2167 2055 2213 pan*
2074 2184 2113 2204 τυ
2135 2173 2234 2209 κυνεῖς
2245 2198 2258 2212 ,

1232 2225 1360 2268 τέκνον,
1390 2222 1594 2260 ἀδικεῖσθαι
1611 2219 1738 2261 domin
1767 2217 2085 2268 quovidetui·allufi
2115 2232 2133 2255 e
2151 2221 2256 2264 Julia-

1232 2288 1295 2312 nus
1318 2274 1457 2324 epistola
1475 2271 1625 2323 quadam
1643 2269 1688 2307 ad
1704 2271 1910 2307 Bostrenos:
1933 2267 1989 2305 ’οι
2007 2267 2044 2305 δὲ
2057 2269 2101 2309 εἰς
2112 2272 2256 2306 τοσέιο,

1232 2325 1463 2370 λνῡτομανιάς
1483 2324 1600 2364 {ingen
1612 2321 1672 2357 καὶ
1683 2319 1845 2360 ἀπονοίας
1857 2348 1868 2362 ,
1888 2317 1930 2359 ὥς
1954 2333 1990 2354 τε
2011 2318 2062 2355 ὅτι
2077 2319 2124 2362 μή
2144 2335 2258 2366 ⁷1)va—

1232 2380 1289 2414 νεῖν
1312 2377 1418 2424 ἐ’ξεςιν
1433 2377 1568 2416 duni-3,
1597 2371 1857 2420 παροξυνόμενοι
1878 2369 1994 2406 mium
2012 2372 2125 2406 κινὲσι
2145 2372 2261 2407 λίθον»

1284 2432 1375 2464 Cum
1384 2426 1609 2475 prastruc'tum
1627 2432 1809 2469 utrumque
1826 2419 1969 2469 consulto
1997 2418 2108 2468 effen]
2155 2424 2257 2457 Tati-

1204 2496 1208 2529 3
1230 2491 1282 2516 tus
1301 2478 1417 2520 aliter,
1435 2477 1536 2512 donec
1551 2473 1708 2512 advertit
1725 2470 1972 2519 Tiberiusforte
1984 2498 2001 2515 „
2025 2483 2077 2507 an
2098 2472 2181 2523 quia
2195 2486 2257 2509 au-

1204 2536 1207 2564 ι
1228 2532 1391 2568 diverat?
1420 2528 1477 2566 lib.
1495 2540 1554 2566 1va>

1586 2621 1893 2657 vautort.

1292 2716 1344 2747 52.
1372 2707 1502 2738 Putant
1520 2698 1702 2751 quidam]
1735 2694 1898 2735 Mandata
1913 2690 1990 2730 Piso
2010 2701 2080 2726 erat
2098 2688 2249 2740 prolatu-

1233 2767 1309 2795 rus,
1340 2752 1401 2789 nifi
1421 2752 1487 2803 ipse
1507 2747 1740 2790 intellexiffet,
1765 2757 1806 2782 ea
1827 2743 1890 2781 fibi
1912 2743 2049 2780 obstare
2062 2770 2074 2784 ‚
2094 2740 2186 2790 quod
2205 2739 2255 2774 se-

1233 2816 1325 2841 creta
1344 2801 1449 2839 effent
1461 2831 1473 2846 ,
1490 2802 1700 2849 'secretoque
1720 2796 1784 2834 sibi
1796 2793 2000 2832 obeundum
2019 2790 2109 2827 foret
2125 2819 2135 2832 ‚
2162 2788 2256 2839 quod

1232 2854 1295 2892 fibi
1312 2854 1578 2904 praecipiebatur.
1635 2848 1742 2898 Qod
1763 2844 1788 2882 si
1807 2847 1907 2895 igitur
1928 2839 2133 2894 produxislet
2147 2870 2156 2884 ,
2175 2839 2255 2889 quid

1230 2903 1361 2942 feciffet
1380 2903 1469 2942 aliud
1488 2914 1594 2952 quam
1616 2899 1641 2936 fi
1659 2902 1686 2950 it
1697 2899 1729 2936 se
1747 2898 1899 2947 gladium
1914 2896 1954 2931 in·
1969 2892 2066 2929 suum
2086 2887 2254 2941 adegiilet

1234 2955 1387 3005 jugulum
1408 2958 1418 2993 ἒ
1452 2957 1494 2991 Et
1512 2964 1631 2989 tamen
1654 2963 1736 2987 curn
1757 2952 1829 2984 haec
1852 2948 1938 2983 inter
1969 2946 2046 2980 {uos
2063 2942 2252 2978 mulluaret

1233 3004 1450 3048 clanculum,
1478 3016 1553 3053 quae
1577 3003 1657 3039 hinc
1677 3012 1761 3037 mox
1777 2999 1811 3034 in
1829 2997 1972 3046 vulgum
1991 2993 2133 3029 abibant
2149 3020 2161 3034 ‚
2205 2997 2252 3025 ka-

1236 3058 1332 3093 &um
1349 3066 1386 3092 ut
1403 3051 1624 3092 multifariam
1642 3051 1776 3103 publice
1791 3047 1989 3097 inscriptum
2010 3043 2256 3079 acclamatum-

1236 3120 1306 3159 que
1331 3105 1401 3152 fit,
1438 3105 1552 3145 Redde
1577 3101 1831 3142 Germanicum.
1885 3098 1985 3134 Nam
2006 3102 2063 3142 per
2089 3104 2154 3141 qu«v
2173 3104 2253 3175 'wil

1648 3155 1715 3192 §fv
1747 3166 1762 3195 3
2149 3153 2215 3175 dim
