2504 3425
598 111 986 186 T‘Hnon.

1063 128 1731 196 Makelnxus.

2169 159 2230 210 213

131 218 406 272 quoque'eques
432 215 648 269 municipalis
689 223 728 257 δε
762 220 981 270 provincialis
1012 224 1149 260 Roma-
1194 219 1292 259 datus
1314 249 1326 265 ,
1357 221 1405 260 est
1416 222 1587 271 pedaneus
1597 225 1735 274 judex,
1772 224 1941 284 idemque
1963 226 2074 277 jadex
2101 229 2230 278 delega-

388 270 395 277 ι
542 267 550 278 υ

126 282 212 314 nus,
247 267 291 306 ab
319 280 432 320 equite
454 269 649 321 municipali
667 282 724 307 aut
750 272 952 320 provinciali
986 271 1147 322 simplici·
1195 281 1249 307 tus
1266 288 1288 308 .·-
1316 271 1375 309 sed
1414 275 1625 324 reciperator
1652 276 1699 312 est
1729 275 1908 325 speciatim
1936 290 1975 314 :ic
2011 280 2151 329 proprie
2179 281 2227 325 is,

127 330 178 356 ter
204 319 309 357 disto.

125 368 245 407 ordine
277 369 421 419 equestri
443 382 577 408 tantum
607 373 781 422 municipii
805 372 850 409 sui
868 403 879 417 ,
924 385 981 410 aut
1009 375 1144 424 provin-

125 421 197 457 ciae.
256 422 395 470 Quippe
416 433 450 458 ut
470 423 504 458 in
523 422 652 472 republ.
684 427 852 460 Romana
871 435 973 462 coss,
992 424 1145 468 senatus,

126 483 252 520 eques,
288 471 429 520 plebes:
467 471 514 509 fic
540 477 576 509 δ(
598 474 631 509 in
651 475 844 524 municipiis
876 475 981 511 Italiae
1003 479 1039 512 δ(
1069 489 1146 524 pro-

106 521 316 558 'vinciarum
334 550 344 564 ,
387 522 587 567 duumviri,
629 524 830 561 decuriones
849 554 860 569 ,
904 527 1053 574 equites,
1077 526 1145 574 ple-

126 570 208 616 beji.
269 574 361 608 Hinc
388 576 465 622 resp.
496 575 708 623 municipalis
736 574 830 626 apud
855 576 956 612 Cicer
981 590 1031 612 11.
1080 579 1148 613 Le-

123 634 225 672 gum.

181 672 355 710 Libertam
382 673 465 711 olim
492 677 683 723 Latineque
708 675 943 724 conditionis.]
988 675 1080 712 Male
1111 676 1144 712 in

123 722 217 768 aliis,
238 724 440 773 Delegatam
459 724 561 769 olim,
596 725 786 774 Latineque
808 727 1015 763 conditionis.
1073 728 1147 762 Ne-

124 786 194 824 que
213 775 306 811 reete
326 777 373 812 V.
384 778 425 811 C.
446 777 562 813 Petrus
574 775 726 812 Pithoeus
741 776 876 813 Subsec.
897 790 928 814 c.
946 791 995 813 ix.
1013 776 1069 812 lib.
1090 790 1142 813 11.

123 825 310 874 deligatam
329 824 434 868 olim,
459 829 527 864 &c.
552 843 554 845 ’
574 829 611 862 &
641 825 781 861 intellioi
810 826 883 863 vult
908 839 1022 875 poenae
1049 826 1144 862 causa

123 876 280 915 vinstani
299 873 405 912 fuisie.
462 879 555 912 Bene
587 876 653 911 hoc
671 856 790 911 refellit
813 877 971 913 Laevinus
989 880 1145 912 Torren-

123 927 199 963 tius.
260 928 388 963 Parum
417 927 522 962 etiam
548 927 641 962 κᾶε
660 925 856 961 Hadrianus
881 926 1036 962 Turneb.
1076 926 1143 961 Ad·-

121 976 207 1014 vers
229 990 259 1013 c.
278 989 334 1014 xv.
365 975 422 1012 lib.
437 988 507 1016 ,xxi
520 990 547 1012 1.
583 975 781 1011 Delicatum
802 974 903 1019 olim,
933 979 1002 1014 &c.
1066 979 1143 1012 Nec

123 1040 249 1064 moror
268 1025 314 1062 fic
333 1026 450 1063 vocari
467 1024 624 1060 delicatos
644 1036 664 1060 a
684 1026 850 1062 Suetonio
877 1026 949 1062 Titi
971 1039 1043 1076 cap.
1058 1041 1098 1065 vi
1115 1042 1140 1064 ι.

121 1077 302 1115 Suetonius
319 1076 414 1112 enim
433 1074 620 1112 leffionem
630 1075 723 1112 illam
740 1075 808 1126 ipse
827 1075 967 1120 refellit,
995 1077 1146 1114 &docet

121 1139 142 1163 a
166 1129 225 1164 suo
242 1126 318 1163 stilo
338 1129 376 1163 &
395 1139 503 1162 manu
521 1124 610 1168 esle,
637 1126 796 1162 libertam
811 1127 889 1162 olim
905 1156 917 1171 ‚
956 1131 1027 1166 &c.
1064 1130 1143 1178 quia

119 1177 294 1227 subjungit
307 1206 320 1221 ,
344 1177 410 1214 Sed
429 1189 508 1214 mox
527 1178 707 1226 ingenuam
723 1206 734 1220 ,
760 1176 813 1220 Εἴ
829 1177 939 1213 civem
950 1183 1140 1215 Romanam

119 1229 348 1277 reciperatorio
375 1228 503 1278 judicio
534 1228 796 1276 prsnuncmflzm
815 1256 825 1270 ,
861 1231 930 1265 &c.
990 1229 1138 1266 Liber-tce

117 1280 267 1331 opponit
284 1279 505 1328 ingenuam:
546 1280 678 1315 Latinae
703 1278 892 1314 conditioni
920 1279 1035 1317 civem
1066 1283 1139 1317 Ro-

117 1343 279 1368 manam.
328 1325 396 1365 *Ne
415 1331 620 1366 Torrentius
641 1328 783 1380 quidem
802 1329 848 1365 sat
868 1342 909 1365 ex
929 1342 1048 1366 mente
1059 1334 1139 1367 Sue-

119 1383 207 1419 tonii
230 1382 314 1431 legit
338 1379 498 1415 libertam
527 1381 717 1428 delegatam
758 1380 852 1422 olim—
862 1391 920 1416 aut
949 1380 1140 1429 delegatam

116 1433 210 1470 olim.
269 1429 363 1480 Quid
379 1431 474 1467 enim
493 1429 664 1480 delegatio
685 1430 1019 1470 adlibertinitatem?
1040 1431 1142 1468 Plane

118 1483 272 1533 quidem'
283 1483 330 1518 ita
348 1481 501 1518 Suetonii
520 1480 596 1517 stilo
615 1480 708 1518 fuisse
732 1480 889 1516 libertam
912 1481 991 1517 olim
1010 1511 1021 1525 ‚
1068 1487 1138 1520 δίε.

119 1533 247 1570 indicio
262 1532 376 1570 Aurel.
406 1533 541 1569 Victor.
565 1533 600 1568 in
612 1531 690 1571 Ves
683 1529 750 1583 pas.
765 1532 822 1582 qui
841 1530 1018 1570 nihilaliud
1035 1546 1140 1584 quam

118 1582 282 1621 libertam
305 1583 411 1621 fuiffe.

173 1636 269 1671 Dixit
287 1648 372 1671 vero
392 1636 573 1672 Suetonius
592 1634 751 1672 libertam
769 1663 780 1679 ,
819 1634 1001 1686 respiciens
1020 1635 1062 1679 ad
1083 1648 1139 1688 pa-

116 1697 262 1723 tronum
279 1687 352 1731 ejus
369 1685 558 1723 Statilium:
593 1686 715 1722 Latina
733 1696 851 1722 autem
860 1687 1078 1731 conditionis,
1107 1700 1142 1725 ut

116 1736 301 1786 distinguat
320 1735 576 1773 libertinitatem
595 1738 679 1782 eius.
733 1736 874 1787 Triplex
898 1738 993 1773 enim
1013 1737 1139 1775 liberti-

115 1788 204 1824 nitas
226 1786 312 1824 olim
337 1801 345 1822 :
393 1789 581 1830 Romana,
615 1799 656 1823 ex
673 1786 944 1824 manumiffione
965 1789 1114 1827 vindista
1128 1819 1137 1832 ,

115 1838 219 1875 censu
236 1867 247 1882 ‚
282 1835 490 1873 testamento
511 1852 520 1874 ς
557 1838 681 1874 Latina
699 1836 770 1876 five
786 1839 933 1881 Juniana
957 1851 999 1875 ex
1016 1852 1138 1877 manu-

113 1888 376 1927 miffioneinter
391 1889 525 1924 amicos
546 1917 556 1931 ‚
585 1901 643 1938 per
664 1887 847 1936 epistolam
865 1917 876 1932 ‚
906 1902 966 1940 per
976 1890 1135 1928 mensam

112 1938 186 1977 five
205 1939 428 1977 convivium:
457 1942 493 1975 ὃς
506 1940 674 1976 Dedititia
691 1952 731 1975 ex
748 1939 1020 1976 manumiffione
1041 1943 1133 1988 ejus,

113 1992 172 2041 qui
190 2004 210 2028 a
229 1990 379 2028 domino
404 2002 517 2040 poenae
536 1990 636 2027 causa
662 1990 799 2029 vinetus
818 2002 877 2026 aut
901 2002 1009 2027 tortus
1025 2020 1036 2035 ,
1076 2005 1134 2030 aut

114 2043 205 2079 notis
221 2042 466 2089 compunstus.
498 2041 675 2085 Justinian.
698 2039 806 2078 Instit.
828 2045 859 2085 §.
879 2041 937 2080 ult.
950 2041 992 2079 de
1004 2042 1133 2081 Liber-t.

116 2093 301 2131 &ibidem
321 2091 558 2141 Theophilus,
590 2095 697 2138 Caius
716 2092 824 2139 Instit.
842 2093 912 2131 Tit.
931 2107 959 2131 1.
989 2092 1131 2142 Ulpian.

114 2145 207 2192 Reg.
226 2145 296 2182 Tit.
315 2155 372 2179 xi.
417 2144 548 2180 Auctor
575 2147 693 2181 Veter.
736 2141 863 2191 fragm.
898 2143 941 2180 de
974 2143 1134 2183 Libertis.

115 2194 268 2230 Pithoeus
286 2191 421 2230 Subsec.
433 2207 462 2231 c.
478 2207 532 2234 rx.
552 2192 612 2233 lib.
627 2209 679 2232 11.
708 2192 855 2231 Alciatus
866 2196 1002 2245 Parerg.
1014 2209 1133 2236 c.x1v.

115 2242 175 2281 lib.
192 2259 222 2281 ι.

166 2296 230 2331 Sed
252 2307 332 2330 mox
349 2297 528 2343 ingenuam
550 2295 602 2338 ξδ’
617 2295 728 2332 civem
750 2302 842 2334 Rom.
860 2299 956 2347 recip.
969 2298 1046 2347 jud.
1060 2306 1135 2346 pro-

119 2358 219 2383 mam.
236 2343 250 2392 ]
290 2344 413 2382 Solitus
433 2348 481 2383 M.
492 2347 641 2389 Cicero,
670 2346 755 2384 item
781 2347 837 2384 alii
855 2377 866 2392 ,
896 2360 1061 2398 tanquam
1080 2362 1134 2386 res

117 2395 316 2433 differentes
342 2408 471 2444 ponere
488 2396 618 2443 judices
631 2399 668 2432 δε
685 2401 925 2446 rectPeratores.
981 2403 1028 2436 Ut
1048 2402 1135 2436 Ver-

116 2449 190 2485 rina
208 2461 240 2485 v.
299 2446 445 2482 Nullum
465 2458 620 2494 unquam
627 2447 778 2493 judicem
798 2459 860 2485 aut
882 2452 1133 2497 reciperatorem

115 2499 225 2535 dedit.
282 2501 323 2534 Et
348 2509 410 2546 pro
429 2497 592 2533 Caecinna
610 2524 621 2538 ‚
663 2496 697 2532 si
718 2496 792 2546 qufs
800 2499 909 2546 judex
924 2500 1136 2547 reciperator-

117 2562 162 2584 νε
191 2549 301 2592 dicat„
357 2548 410 2584 Sic
429 2547 534 2583 etiarn
554 2546 754 2583 discriminis
773 2547 892 2591 causa,
919 2549 999 2585 alias
1020 2549 1140 2585 dicun-v

103 2589 170 2635 ‘tur
184 2598 320 2647 judicia
352 2592 515 2640 tanturn',
553 2596 635 2633 alias
644 2597 778 2645 judicia
802 2599 1035 2645 reciperatorla
1053 2627 1063 2641 ,
1101 2611 1135 2636 ut

117 2663 233 2692 nunc,
262 2652 300 2685 δε
320 2648 410 2697 apud
436 2650 596 2685 Ciceron.
623 2661 676 2683 11.
705 2646 748 2683 de
767 2651 904 2687 Invent.
930 2652 971 2686 C.
987 2649 1133 2686 Plinium

117 2700 213 2752 epist.
241 2699 368 2750 penult.
386 2699 443 2736 lib.
470 2713 546 2735 ιιι.
603 2697 762 2736 Valerius
789 2700 823 2735 in
851 2701 976 2739 Notis:
1003 2702 1138 2753 Qanti

119 2765 160 2788 ea
181 2764 231 2787 res
246 2751 330 2792 erit,
361 2749 636 2797 tantijudicium
654 2751 923 2796 reciperatcrium
941 2751 1036 2787 dabo.
1074 2755 1136 2787 Ea-

119 2815 186 2852 que
204 2799 355 2838 formula
374 2799 422 2837 est
443 2801 601 2837 Praetoris
618 2799 728 2836 dantis
746 2801 1003 2850 reciperatores.
1040 2800 1134 2848 Quid

121 2863 241 2890 autem
260 2851 361 2897 iudex
384 2863 423 2887 ac
444 2851 649 2902 reciperator
668 2849 797 2886 intersit
819 2880 836 2893 ‚.
865 2852 956 2889 varie
975 2851 1134 2888 traditum

122 2903 188 2941 est..
211 2905 259 2940 V.
276 2906 317 2939 C.
346 2902 504 2950 Cujacius
524 2902 721 2938 recitatione
745 2900 874 2938 solenni
892 2902 934 2938 ad
959 2907 988 2946 ᾗ.
1016 2903 1134 2945 Pretia-

122 2952 269 2990 diciales.
303 2953 412 2991 Instit.
448 2955 504 2988 De
522 2952 724 2990 actionibus.
758 2954 1002 3002 reciperatores
1017 2952 1136 2988 definit

125 3003 189 3041 esse
209 3004 339 3052 judices
349 3006 523 3051 pedaneos.
583 3004 648 3042 Sed
673 3002 761 3040 forte
789 3005 901 3041 verius
920 3004 965 3040 est
987 3033 999 3046 ‚
1038 3006 1137 3053 petia-

121 3067 227 3097 neum
247 3054 396 3102 judicem
422 3052 487 3092 effe
504 3068 626 3105 genus.
681 3056 806 3104 Qtivis
832 3067 852 3092 a
870 3058 1021 3094 Ptaetore
1039 3056 1139 3102 iudex

368 323 468 356 Nam
487 320 531 356 illi
551 322 584 357 in
601 320 721 358 ordine
738 321 882 371 equestri
897 326 1044 367 Romae,
1067 324 1144 361 hiin
1198 323 1255 372 qui
1284 322 1381 360 datus
1408 336 1427 360 a
1449 336 1593 374 praetore
1621 326 1664 363 ad
1687 340 1739 363 res
1758 328 1995 378 reciperandas
2011 357 2022 371 ‚
2061 340 2097 366 ut
2117 331 2227 369 Plauti

1202 373 1361 410 Bacchid.
1410 378 1461 412 Sc.
1500 375 1565 413 Ibo.
1612 381 1657 414 T.
1688 378 1776 416 Livii
1805 379 1970 429 principio
2005 377 2070 416 lib.
2099 392 2229 420 xiiii.

1202 425 1292 460 Huic
1312 426 1499 474 opponitur
1520 426 1619 473 judex
1646 440 1665 464 a
1686 440 1832 478 praetore
1851 429 1972 473 datus,
2001 442 2152 481 nempe,
2180 432 2226 469 ad

1201 475 1381 523 petitiones
1399 478 1530 525 quasvis
1555 477 1648 515 alias.
1708 481 1824 530 Itaque
1846 481 1999 517 nonnulli
2019 480 2228 531 distinguunt

1201 537 1342 574 quoque
1363 527 1490 571 judices
1508 527 1581 564 dari
1605 529 1647 564 ad
1668 530 1746 574 juris
1763 530 1988 580 quaestionem
2011 545 2020 567 z
2062 534 2228 583 recipera-

1199 586 1291 610 tores
1307 576 1350 611 ad
1371 576 1597 624 quaestionem
1620 577 1714 617 faeti.
1777 581 1843 618 Sed
1861 581 1916 618 illa
1939 580 2132 620 differentia
2150 596 2229 622 non

1199 637 1298 674 aeque
1322 629 1531 664 conveniens
1551 629 1608 666 est.

1252 675 1421 712 Dicuntur
1441 691 1578 728 quoque
1598 681 1838 729 reciperatores
1863 683 1997 732 generis
2008 683 2053 720 sui
2075 685 2222 721 nomine

1190 724 1321 770 judices
1337 753 1349 767 ,
1386 737 1420 761 ut
1448 728 1482 762 in
1505 729 1588 779 legis
1605 730 1754 767 Maniliae
1780 745 1809 768 c.
1829 728 1882 771 vs
1898 737 1935 771 ὅ(
1957 733 2080 783 paffim
2097 737 2145 772 D.
2175 733 2219 772 de

1200 773 1317 810 Liber.
1338 787 1412 812 cau.

1254 824 1320 860 Sed
1346 827 1579 877 reciperatoris
1607 829 1654 866 est
1690 844 1828 882 quoque
1871 849 2004 872 nomen
2034 837 2217 886 generale,

1199 872 1269 910 five
1299 876 1569 925 1·eciper.1torum
1599 891 1726 927 genera
1757 883 1864 918 multa
1894 886 1976 923 sunt.
2036 889 2143 924 Primi
2160 903 2220 938 ge-

1201 926 1289 961 neris
1318 928 1562 977 reciperatores
1587 929 1660 966 sunt
1687 934 1757 976 jure
1780 932 1857 968 belli
1886 947 1924 970 ac
1954 938 2108 983 gentium
2130 967 2142 981 ,
2176 939 2220 977 de

1198 975 1324 1023 quibus
1341 976 1389 1013 est
1408 978 1498 1028 apud
1518 978 1672 1023 Festum,
1704 985 1740 1017 ὅ(
1760 982 1893 1020 dicendi
1912 985 2013 1022 nobis
2024 985 2117 1024 locus
2134 1002 2219 1037 quo-

1200 1038 1266 1074 que
1294 1025 1381 1063 infra
1408 1029 1451 1065 ad
1477 1041 1578 1079 capnt
1598 1044 1630 1067 x.
1688 1031 1834 1070 Alterius
1855 1036 1989 1083 generis
2013 1038 2219 1085 reciperato-

1198 1089 1251 1112 res
1268 1105 1278 1119 ,
1316 1079 1351 1114 in
1371 1080 1489 1129 quavis
1509 1080 1574 1116 alia
1594 1095 1711 1119 rerum
1728 1085 1950 1134 repetitione,
1989 1085 2056 1122 dati
2087 1099 2106 1122 a
2137 1100 2222 1136 prae-

1199 1139 1297 1164 tore:
1325 1131 1411 1166 tertii
1429 1132 1565 1180 generis
1583 1134 1816 1180 reciperatores
1822 1137 2013 1185 peregrini,
2043 1136 2219 1188 dequibus

1199 1178 1412 1229 Theophilus
1433 1185 1463 1224 ᾗ.
1501 1182 1631 1218 Eadem
1656 1183 1732 1232 lege.
1774 1185 1881 1223 Instit.
1914 1187 2021 1233 Quib.
2064 1201 2105 1225 ex
2131 1190 2222 1228 caus.

1199 1241 1358 1268 manum.
1385 1245 1456 1268 non
1487 1231 1570 1281 poss.
1618 1236 1748 1284 Tangit
1766 1249 1904 1286 quoque
1925 1237 2058 1286 Ulpian.
2089 1241 2214 1290 Regu).

1199 1281 1268 1316 Tit.
1285 1294 1313 1318 l.
1332 1285 1363 1324 ᾗ.
1389 1285 1518 1319 Eadem
1537 1283 1613 1332 lege.
1633 1285 1739 1323 Instit.
1776 1288 1912 1335 Qibus
1938 1301 1979 1324 ex
2007 1288 2114 1326 caufis
2139 1304 2218 1329 ma-

1200 1343 1297 1368 num.
1326 1345 1398 1368 non
1419 1331 1502 1382 poll]
1531 1339 1625 1371 Inter
1651 1335 1716 1372 hoc
1741 1341 1777 1373 &
1799 1337 1937 1385 secundi
1964 1341 2099 1388 generis
2131 1344 2216 1379 reci·

1198 1393 1374 1430 peratores
1401 1384 1566 1428 interest,
1596 1387 1688 1435 quod
1706 1387 1751 1424 illi
1774 1386 1844 1424 fine
1868 1401 2016 1438 praetore
2043 1390 2217 1435 judicant:

1198 1433 1231 1469 hi
1250 1444 1367 1470 antem
1388 1448 1524 1485 procos.
1553 1447 1610 1472 aut
1629 1436 1760 1485 praefidi
1785 1439 1820 1475 in
1841 1440 1985 1477 consilio
2004 1440 2128 1479 suntin
2156 1455 2215 1480 co-

1197 1484 1351 1535 gnitione
1377 1485 1677 1530 manumissionis,
1719 1501 1785 1538 qua
1803 1491 1918 1528 minor
1930 1491 1989 1530 kx,
2027 1493 2125 1529 annis
2142 1506 2219 1531 rna-

1198 1536 1361 1573 numittit.
1391 1536 1590 1586 ‚Theophik
1615 1537 1649 1577 d.
1672 1542 1701 1582 §.
1746 1541 1888 1578 Eadem.
1933 1543 2056 1590 Quarti
2080 1547 2217 1593 generis

1194 1588 1231 1622 in
1245 1586 1440 1634 prejudiciis
1458 1588 1708 1635 reciperatores,
1734 1602 1770 1626 ut
1789 1590 1855 1627 hoc
1891 1594 1934 1629 C.
1958 1595 2108 1640 Suetonii
2137 1595 2218 1632 loco

1195 1640 1232 1673 ὅ(
1252 1636 1359 1673 Plauti
1379 1636 1540 1674 Rudente
1566 1642 1619 1676 Sc.
1637 1651 1720 1677 xxvi
1735 1655 1761 1677 1.
1803 1641 1985 1692 utrobique
2004 1644 2040 1679 in
2061 1645 2215 1694 praejudi-

1196 1688 1249 1724 cio
1274 1688 1515 1733 ingenuitatis,
1560 1688 1602 1726 de
1630 1703 1700 1740 quo
1721 1691 1769 1729 tit.
1802 1694 1849 1729 D.
1884 1694 1918 1729 Si
1941 1693 2055 1732 libert.
2091 1696 2208 1746 ingen,

1195 1735 1261 1776 effe
1278 1731 1343 1776 dic‘.
1693 1761 1698 1764 -

1246 1796 1350 1826 Patre
1377 1789 1584 1838 adserente]
1630 1791 1817 1839 Adserente
1843 1806 1884 1829 ex
1908 1793 2131 1833 libertinitate
2160 1799 2214 1834 in-

1184 1842 1360 1889 genuitati
1378 1869 1390 1885 ,
1439 1852 1475 1880 ut
1501 1840 1648 1890 loquitur
1683 1844 1878 1882 Saturninus
1896 1843 1917 1881 l.
1944 1859 1997 1883 11.
2024 1849 2053 1888 §.
2090 1861 2117 1884 1.
2164 1851 2213 1887 D.

1193 1891 1333 1931 eodem.

1246 1950 1315 1980 Nec
1344 1946 1527 1994 quicquam
1556 1944 1704 1991 amplias
1732 1959 1841 1995 quam
1869 1945 2032 1996 questorio
2057 1947 2207 1998 firiba.]

1188 1996 1409 2031 Contemtim
1457 1995 1575 2038 dixit,
1612 2008 1671 2031 nec
1730 1998 1889 2047 uicquam
1923 1999 2066 2046 amplius
2088 2029 2100 2044 ,
2140 2003 2210 2038 διε.

1185 2047 1266 2094 quia
1293 2045 1481 2082 scribarum
1510 2045 1627 2089 ordo,
1669 2010 1729 2083 etsi
1761 2047 1921 2085 honestus
1956 2049 2011 2086 ille
2037 2080 2049 2094 ,
2094 2061 2130 2088 ut
2162 2054 2210 2090 M.

1187 2096 1290 2132 Tullii
1323 2099 1472 2134 Veri-ina
1492 2109 1523 2134 v.
1568 2096 1653 2133 infra
1681 2109 1801 2136 tamen
1838 2099 1977 2138 ordines
2011 2101 2095 2138 alios
2122 2099 2211 2146 fuit,

1188 2158 1223 2184 ut
1265 2147 1476 2184 senatorium
1499 2176 1514 2190 ,
1562 2148 1754 2198 equestrem
1775 2179 1786 2193 ,
1825 2150 2043 2189 tribunorum
2076 2153 2210 2189 aerario-

1186 2207 1287 2241 rum,
1318 2201 1388 2234 &c.
1447 2202 1568 2248 ltaque
1596 2198 1640 2235 de
1672 2202 1719 2237 D.
1738 2201 1900 2238 Matrinio
1931 2201 2040 2239 scriba
2070 2202 2209 2241 aedilitio

1186 2251 1234 2286 M.
1270 2248 1401 2285 Tullius
1435 2250 1644 2286 contemtim
1670 2278 1682 2293 ‚
1726 2250 1896 2287 hominem
1921 2261 2088 2296 tenuem,
2135 2256 2204 2291 ἃς.

1186 2313 1250 2350 pro
1282 2300 1324 2340 A.
1341 2300 1455 2338 Avito.
1501 2303 1543 2335 Et
1571 2301 1612 2337 A.
1632 2298 1757 2336 Gellius
1778 2315 1808 2338 c.
1840 2315 1892 2338 ix.
1913 2300 1969 2338 lib.
1988 2316 2047 2340 vi.
2074 2303 2118 2340 de
2138 2306 2205 2340 Cn.

1185 2350 1302 2389 Flavio
1339 2352 1507 2399 scriptum
1546 2349 1708 2396 faciente.
1776 2355 1817 2388 Et
1863 2355 2026 2389 Horatius
2071 2357 2137 2391 Sat.
2168 2368 2202 2392 v.

1186 2401 1244 2438 lib.
1272 2416 1298 2439 1.
1338 2405 1375 2438 ὃ(
1403 2402 1532 2437 Catoni
1559 2400 1690 2449 probro
1715 2399 1802 2438 datae
1829 2403 1957 2452 nuptiae
1984 2416 2067 2440 cum
2086 2403 2204 2440 scribae

1186 2452 1232 2488 sui
1250 2450 1331 2489 filia.
1390 2451 1586 2488 Plutarchus
1611 2453 1644 2487 iu
1661 2454 1809 2490 Catone.
1869 2455 1962 2490 Hinc
1978 2455 2083 2490 etiam
2106 2456 2203 2501 jocus

1187 2502 1367 2538 Themistii
1393 2503 1427 2537 in
1454 2514 1640 2551 tyrannum
1668 2514 1708 2538 ex
1737 2501 1845 2540 scriba
1864 2532 1877 2547 ,
1918 2507 2016 2541 Orat.
2045 2518 2095 2541 lx.
2130 2508 2215 2542 De-

1187 2552 1314 2588 clamat
1335 2565 1472 2602 quoque
1500 2553 1535 2588 in
1564 2552 1688 2589 scribas
1713 2553 1870 2591 Aurelius
1904 2555 2026 2592 Vii‘tor
2054 2556 2092 2592 in
2122 2556 2203 2594 Gal-

1185 2601 1286 2639 lieno.
1492 2644 1495 2646 ,

1240 2654 1419 2701 Signanter
1437 2663 1556 2690 autem
1583 2667 1720 2704 quoque
1746 2654 1898 2699 dietum,
1929 2656 2104 2704 Qaestorio
2125 2658 2203 2701 scri-

1183 2702 1235 2739 ba.
1296 2705 1393 2738 Nam
1414 2703 1581 2752 quaestorii
1606 2704 1722 2742 scribae
1750 2705 1928 2743 inferiores
1946 2709 2108 2757 praetoriis
2130 2709 2206 2746 scri-

1187 2754 1236 2788 bis
1254 2782 1264 2795 ,
1292 2765 1391 2802 atque
1412 2753 1553 2791 aedilitiis
1572 2783 1583 2797 ,
1613 2755 1683 2792 five
1703 2756 1822 2793 ultima
1841 2757 2108 2806 quaestoriorum
2125 2759 2202 2797 scri-

1186 2803 1309 2840 barum
1329 2805 1487 2847 decuria,
1513 2816 1548 2841 ut
1567 2808 1642 2851 Caji
1662 2807 1765 2843 nostri
1785 2807 1934 2845 Claudio
1944 2823 1982 2849 Kc.
2000 2824 2034 2848 1.Δ

1239 2859 1357 2903 Atque
1383 2864 1562 2905 utramque
1589 2858 1701 2893 adhuc
1723 2859 1885 2905 privatus
1916 2859 2042 2908 amifit.
2063 2861 2079 2907 ]
2133 2863 2205 2899 Pri-

1186 2916 1303 2942 vatum
1324 2906 1437 2954 accipe
1460 2933 1471 2947 ‚
1506 2919 1579 2942 non
1607 2905 1678 2943 sine
1697 2909 1897 2958 magistratu
1915 2938 1928 2954 ,
1967 2909 2022 2947 sed
2051 2912 2203 2950 necdum

1188 2957 1396 3004 Principem.
1472 2959 1572 2992 faeta
1610 2961 1874 3009 comparatione
1913 2961 1962 2998 ad,
2003 2964 2202 3013 Principem

1189 3009 1290 3043 ceteri
1310 3019 1434 3042 omnes
1463 3009 1581 3057 privati
1612 3009 1687 3046 sunt
1705 3039 1717 3054 ,
1764 3013 1870 3048 etiam
1889 3010 1951 3062 ipsi
1977 3014 2214 3063 magistratus.-

1188 3058 1288 3096 Unde
1306 3057 1384 3096 illud
1407 3058 1600 3095 Herodiani
1624 3060 1799 3102 libanu.
1830 3064 1961 3114 agentis
1982 3063 2201 3103 deMaximo

1407 3112 1431 3147 B
1446 3109 1466 3145 b
1483 3109 1569 3148 bbb
1588 3111 1609 3149 b
1641 3126 1672 3161 5,Ι
2071 3117 2216 3163 Ιιιιρςτε,Δ
