2504 3425
180 163 288 218 450
540 144 1539 204 C.SUET.TRANQU1LL1
1602 137 1884 198 L113.V.

186 240 337 290 majore
361 232 501 281 fraude
526 234 739 280 conriRos
763 269 775 289 ‚
808 233 1035 293 legitimam
1061 245 1229 292 poenam
1247 224 1518 289 supergressus
1536 263 1550 283 ‚
1592 228 1642 274 ad
1667 229 1814 275 bestias
1835 230 2145 280 condemnavit.
2211 238 2264 281 In
2291 241 2341 289 15

186 298 480 360 cognoscendo
497 314 632 344 autem
656 314 700 345 ac
721 294 981 341 decernendo
1000 329 1015 349 ,
1057 295 1160 339 mira
1185 292 1376 338 varietate
1405 291 1534 335 animi
1561 289 1641 337 fuit
1664 327 1678 348 ,
1725 294 1854 339 modo
1873 296 2190 360 circumspeRus
2220 304 2266 345 &

193 359 305 420 sagax
322 398 333 418 ,
367 363 494 409 modo
513 360 762 408 inconsultus
781 374 823 403 ac
843 373 1019 420 praeceps
1047 377 1058 403 ι
1093 373 1180 402 non
1215 371 1448 417 numquam
1475 352 1651 400 frivolus
1669 359 1908 419 amentique
1930 358 2082 407 fimilis.
2151 365 2268 409 Cum

190 413 373 472 ‹ldcurias
395 443 528 473 rerum
552 426 642 470 aestu
662 435 939 484 expungeret,
970 438 1069 467 eum
1094 422 1166 483 qui
1183 417 1428 463 diffimulata
1451 420 1664 464 vacatione
1677 435 1804 483 quam
1815 420 2026 468 beneficio
2043 425 2272 472 liberorum

193 489 392 543 habebat,
429 487 709 550 responderat,
743 498 788 530 ut
805 485 1003 546 cupidum
1023 482 1232 545 judicandi
1256 481 1433 528 dimisit:
1469 482 1595 527 alium
1629 484 1937 545 interpellatum
1968 487 2020 532 ab
2040 488 2275 536 adversariis

192 553 242 597 dc
278 555 435 614 propria
468 553 562 606 lite,
598 562 904 611 negantemque
939 550 1196 613 cognitionis
1229 564 1342 603 rem,
1376 546 1443 591 sed
1476 546 1673 592 ordinarii
1703 550 1802 604 juris
1826 548 1927 604 esse,
1959 566 2078 612 agere
2100 552 2271 600 caussam

193 615 415 660 confestim
440 614 545 675 apud
566 611 605 657 se
626 613 787 675 coegit,
821 614 990 674 proprio
1013 615 1189 677 negotio
1210 612 1510 658 documentum
1531 609 1740 667 daturum,
1775 628 1901 674 quam
1922 630 2064 674 aequus
2081 615 2204 672 judex
2228 619 2274 662 in

194 680 330 722 alieno
350 679 521 739 negotio
543 675 704 723 futurus
727 675 837 722 esset.
906 679 1143 724 Foeminam
1168 693 1254 722 non
1278 674 1574 739 agnoscentem
1592 673 1727 720 filium
1747 673 1864 720 suum
1878 711 1891 732 ,
1924 676 2050 723 dubia
2063 680 2273 742 utrimque

194 755 529 803 argumentorum
551 739 658 798 fide,
691 740 742 786 ad
766 739 1071 788 confessionem
1090 740 1319 805 compulit,
1355 739 1983 801 indietomatrimoniojuvenis.
2014 741 2277 789 Absentibus

195 875 299 922 dum,
328 891 370 914 ne
386 879 458 928 quis
473 877 663 925 aberraret,
695 875 913 917 hincfastum
924 878 995 923 est.
1023 880 1212 926 utfhrmula

196 940 212 961 u
220 927 285 977 pud
313 930 466 978 optimos
481 929 635 980 quosque
660 931 815 968 auetores
835 942 898 980 pro
916 932 1052 969 afflone
1071 931 1212 981 accipia-

193 989 257 1014 tur.
315 981 366 1015 Sic
376 979 532 1025 formula
547 981 756 1029 injuriarum
779 979 895 1018 Vitell.
920 993 1048 1031 cap.vx
1062 996 1089 1019 1.
1117 983 1212 1018 cade-

197 1041 231 1063 re
235 1028 392 1074 formula
403 1057 415 1073 ,
441 1041 555 1066 errare
563 1030 728 1076 formula.

511 1103 902 1140 CAsAunon.

194 1212 197 1216 Ι
258 1179 310 1211 ¹4·
340 1167 409 1212 Jus
429 1166 480 1210 ὦ*
498 1167 606 1214 constal
624 1166 676 1210 Εἴ
697 1179 794 1205 extra
810 1169 965 1206 honorem
977 1169 1212 1220 laboriofiffime

198 1215 325 1263 dixin]
354 1219 423 1253 Dio
441 1217 667 1254 affiduitatem
687 1230 820 1256 tantam
838 1218 931 1257 fiiifle
948 1222 995 1258 ait
1013 1223 1047 1258 in
1067 1223 1138 1267 jure
1165 1222 1212 1258 di·

198 1266 310 1302 cendo
330 1294 342 1308 ,
386 1280 418 1303 ut
437 1266 572 1317 singulis
587 1267 698 1305 ferme
714 1269 834 1307 diebus
852 1299 864 1314 ,
899 1283 956 1308 aut
973 1285 1052 1309 cum
1077 1284 1152 1309 toto
1166 1272 1214 1309 se-

200 1326 299 1358 natu,
328 1329 384 1354 aut
413 1318 525 1361 solus,
553 1319 587 1354 in
604 1317 682 1355 foro
708 1321 849 1369 quidem
868 1333 902 1358 ut
922 1322 1127 1371 plurimum,
1157 1323 1211 1359 sed

196 1369 235 1402 ὃ(
252 1366 331 1403 alibi
359 1366 479 1406 sedens
503 1382 565 1419 pro
586 1369 741 1406 tribunali
762 1373 811 1417 jus
827 1372 996 1411 redderet.

255 1417 373 1452 Etiam
397 1419 471 1466 suis
495 1420 698 1469 ficorumque
724 1422 838 1458 diebus
860 1421 1084 1471 splenm‘bus.]
1134 1426 1212 1460 Huc

200 1468 364 1551 pertinet,
390 1482 461 1506 non
480 1469 522 1506 ad
539 1470 709 1519 sequentia
728 1473 833 1509 verba
848 1472 944 1510 locus
957 1475 1079 1510 Dionis
1088 1473 1131 1509 de
1143 1474 1213 1509 die-

226 1529 281 1559 us,
309 1518 431 1566 quibus
459 1520 621 1569 sponsalia
639 1519 786 1558 filiarum
810 1523 945 1560 suarum
972 1524 1133 1561 Claudius
1159 1537 1214 1559 ce-

200 1564 368 1611 lebravit,
407 1585 466 1605 και
487 1570 584 1611 &vrbe
605 1571 633 1607 ἐν
652 1575 728 1612 ταῖς
748 1572 887 1621 η’μὲροιις
909 1572 1048 1614 ἐκείναις
1070 1573 1210 1610 mnas-e

198 1616 259 1651 καὶ
281 1617 300 1656 n‘
318 1618 416 1661 βελῆ
435 1619 598 1669 &epeia-en.
628 1625 685 1659 De
701 1622 821 1660 diebus
843 1624 1051 1674 privatarum
1069 1624 1213 1662 solenni-

199 1677 308 1705 tatum
320 1671 516 1709 notavimus
530 1671 588 1709 lib.
608 1686 617 1708 1
632 1687 659 1709 1.
670 1673 714 1710 ad
730 1686 804 1725 cap.
817 1686 856 1711 ιι
871 1689 881 1711 1
895 1689 923 1712 ι.

528 1743 888 1782 Tenui-zur.

256 1803 322 1837 Ad
335 1802 448 1850 bestias
464 1808 739 1858 condemnavit]
779 1812 843 1846 Acl
863 1811 976 1858 bestias
993 1813 1154 1850 damnati
1169 1814 1217 1852 di-

204 1849 368 1889 cebantur
385 1883 395 1896 ,
436 1858 491 1905 qui
511 1871 551 1893 ex
570 1857 733 1897 sententia
760 1860 871 1898 bestiis
889 1861 1163 1909 subjiciebantur.
1193 1864 1213 1902 l.

204 1914 264 1938 Vt.
294 1902 348 1938 Ad
358 1903 423 1958 ‘leg
463 1906 527 1949 Jul.
547 1909 727 1957 peculatus.
785 1915 880 1947 Dari
898 1927 1059 1964 quoque,
1091 1919 1128 1951 &
1140 1924 1217 1964 pro-

205 1955 362 1988 nunciam
382 1955 431 1990 ad
447 1956 561 2002 bestias
578 1956 733 2007 legimus.
790 1961 888 1999 Plura
904 1976 1115 2012 (αρηικχιν.

213 2050 219 2056 ι
267 2016 277 2038 1
290 2017 318 2047 ς.
332 2005 435 2041 &lodo
450 2007 689 2057 inconfitltus.]
722 2010 1038 2051 Librimss.omnes
1048 2015 1221 2053 interdum

206 2052 329 2100 Inconſs
1168 2091 1172 2094 -

263 2107 428 2142 Decurias
440 2119 553 2143 rerum
572 2109 690 2158 aetus]
718 2114 776 2148 De
793 2125 905 2149 rerum
923 2116 1002 2150 acia
1026 2113 1094 2163 sup.
1128 2115 1218 2165 Aug.

207 2163 281 2198 cap.
305 2167 429 2195 xxxix.
468 2162 660 2207 Expungere
682 2173 798 2199 autem
820 2164 986 2200 centurias
1013 2164 1120 2206 dicit,
1159 2179 1223 2214 pro

210 2202 410 2254 dispungere
435 2207 493 2244 seu
510 2209 690 2254 ordinare,
727 2214 784 2263 qui
800 2214 964 2250 retinendi
983 2213 1086 2251 essent
1108 2216 1142 2249 in
1162 2229 1222 2251 nu·

212 2264 314 2290 mero
337 2256 506 2301 iudicum,
535 2261 636 2308 quive
656 2275 738 2300 non.
799 2265 958 2301 Verbum
980 2266 1013 2302 in
1033 2265 1219 2302 rationibus

213 2303 420 2354 usurpatum.
477 2311 579 2346 Unde
602 2311 747 2362 eleganti
771 2315 988 2351 transsatione
1017 2319 1144 2352 Seneca
1162 2315 1219 2354 lib.

220 2367 270 2391 ιν.
298 2355 340 2390 de
364 2356 482 2394 Benef.
505 2373 627 2397 munus
644 2376 780 2401 munere
794 2373 973 2413 expungere
990 2365 1090 2408 dixit,
1115 2370 1152 2402 δ(
1166 2379 1222 2401 ex-

205 2407 534 2491 pizqgerefltpenclii‘s
544 2411 686 2448 militem
701 2439 715 2457 ,
740 2415 873 2452 Paullus
898 2416 918 2452 l.
950 2415 1076 2466 penult.
1102 2416 1144 2453 de
1168 2419 1222 2453 Re

260 2467 363 2493 iitari.

270 2508 498 2554 Respondeant.
514 2509 528 2555 ’1
574 2514 616 2549 In
652 2516 932 2564 recognoscendo
966 2515 1119 2561 judicum
1146 2517 1227 2553 albo

642 2592 652 2606 ‚
688 2567 734 2602 uti
758 2570 795 2602 ὃ(
811 2568 939 2617 equites
957 2581 1036 2603 cum
1059 2580 1227 2615 recogno-

217 2605 403 2645 scebantur.
432 2613 511 2660 Sup.
536 2613 643 2662 Calig.
665 2628 831 2665 cap.xvx.
870 2620 1049 2666 Qoniam
1068 2631 1152 2668 ergo
1179 2619 1228 2661 is,

220 2655 261 2690 dc
279 2670 347 2705 quo
371 2659 436 2696 hoc
454 2660 532 2697 loco
546 2665 684 2702 Sueton.
704 2679 843 2704 vocatus
854 2668 1089 2717 responderat,
1103 2681 1228 2717 neque,

223 2718 303 2741 <unx
321 2710 485 2747 immunis
505 2711 602 2757 esset,
620 2714 686 2751 sese
696 2717 935 2762 excusaverat,
947 2719 1108 2755 Claudius
1126 2732 1227 2762 eum,

218 2558 427 2594 nominatim
447 2561 620 2599 ciebantur

223 2766 259 2790 ut
282 2758 448 2800 judicandi
465 2763 626 2811 cupidum
638 2794 648 2809 ,
680 2766 807 2804 dimisit
825 2780 927 2818 atque
946 2770 1116 2819 expunxit.

281 2811 530 2859 Negantemqae
547 2816 737 2861 cognitionis
753 2819 863 2865 rom.]
897 2820 1052 2857 Reerein
1073 2819 1161 2855 hunc
1181 2819 1233 2856 lo-

1247 1733 1471 1783 ,cognitionis
1491 1730 1550 1775 sit,
1578 1733 1653 1768 vice
1672 1734 1745 1778 ejus
1768 1732 1900 1777 judicet.

2127 808 2280 852 secun-

1264 875 1304 913 sit
1322 905 1333 920 ‚
1361 888 1396 914 ut
1422 888 1502 926 puta
1524 888 1670 929 praetore
1690 904 1702 921 ,
1732 889 1789 915 aut
1805 876 1946 928 praeside
1962 908 1974 922 ,
2003 879 2274 930 cognoscuntur,

1264 927 1375 977 qualia
1395 928 1467 964 fere
1488 927 1561 965 sunt
1574 942 1649 978 quae
1667 927 1711 964 ad
1729 929 1981 979 rempublicam
2001 930 2152 981 spec'tant
2173 960 2184 974 ‚
2219 943 2276 968 aut

1263 977 1307 1013 ad
1329 978 1530 1028 exemplum
1547 979 1735 1015 trahuntur.
1796 982 1931 1017 Verum
1948 993 2019 1029 quo
2038 980 2156 1019 locum
2188 980 2276 1018 hunc

1269 1029 1418 1065 Suetonii
1438 1031 1582 1079 apertius
1607 1027 1839 1074 declaremus,
1875 1028 2008 1067 necesse
2031 1030 2078 1068 est
2097 1043 2133 1068 ut
2161 1031 2275 1076 hunc,

1264 1078 1376 1127 quide
1397 1080 1531 1129 propria
1547 1080 1602 1116 lite
1627 1079 1717 1129 apud
1736 1080 1919 1117 Claudium
1945 1080 1990 1118 ab
2015 1081 2210 1119 adversariis
2226 1084 2280 1118 in-

1262 1129 1400 1177 terpella
1406 1133 1520 1173 batur,
1531 1143 1549 1165 e
1568 1142 1716 1166 numero
1732 1129 1883 1175 judicum
1893 1130 2001 1176 fuisse,
2010 1131 2279 1175 admoneamus,

1264 1192 1411 1230 cumque
1431 1182 1600 1230 exciperet
1617 1179 1715 1217 litem
1731 1180 1892 1217 ordinarii
1911 1182 1989 1227 juris
2007 1179 2072 1218 esse
2093 1210 2105 1226 ,
2141 1195 2180 1219 ac
2200 1196 2279 1232 pro-

1266 1229 1345 1265 inde
1368 1230 1519 1276 judicem
1532 1231 1604 1266 dari
1622 1229 1770 1274 debere,
1806 1228 1924 1277 juffiffe
1944 1231 2128 1269 Claudium
2146 1244 2181 1269 ut
2195 1233 2279 1282 ipse-

1263 1292 1337 1316 met
1353 1280 1460 1317 causae
1480 1280 1545 1317 suae
1566 1280 1666 1328 judex
1684 1278 1786 1323 esset,
1812 1292 1853 1317 ac
1875 1283 1949 1320 vice
1961 1282 2103 1320 Caesaris
2113 1297 2189 1320 rem
2201 1296 2280 1333 pro-

1266 1332 1375 1379 priam
1389 1343 1517 1380 ageret.
1574 1330 1681 1380 Quod
1704 1329 1783 1367 sane
1801 1331 2027 1369 duriusculum
2049 1333 2118 1377 est,
2146 1333 2202 1371 sed
2215 1331 2278 1370 nisi

1265 1378 1311 1416 fic
1330 1382 1616 1429 interpretemur,
1646 1394 1719 1417 non
1737 1381 1867 1424 video,
1889 1382 2072 1431 quomodo
2084 1384 2281 1421 cohaereant

1264 1444 1303 1467 ea
1328 1444 1403 1480 quae
1429 1430 1622 1480 sequuntur.
1677 1434 1735 1466 De
1762 1434 1956 1480 Principum
1982 1446 2067 1472 vero
2101 1438 2281 1482 cognitione

1262 1481 1349 1516 adde
1369 1485 1507 1517 Sueton.
1544 1483 1630 1519 Ner.
1651 1493 1729 1529 cap.
1748 1493 1806 1519 xv.
1831 1484 1870 1517 δε
1887 1482 1956 1518 Tit.
1974 1495 2118 1532 cap.v1.
2157 1485 2224 1521 Sed
2243 1488 2280 1522 ὃ(

1265 1531 1452 1580 Capitolin.
1480 1531 1522 1567 de
1534 1534 1582 1567 M.
1597 1531 1795 1574 Antonino,
1827 1535 1989 1567 Senatum
2020 1533 2174 1583 (inquit)
2192 1533 2281 1570 mul·

1264 1582 1309 1616 tis
1326 1581 1560 1629 cognitionibus
1573 1609 1583 1624 ,
1601 1579 1653 1623 Εἴ
1666 1581 1818 1616 maxime
1837 1582 1885 1617 ud
1889 1580 1927 1630 se
1934 1582 2200 1630 pertinentibus,
2222 1585 2281 1633 ju·

1262 1631 1371 1668 dicem
1399 1632 1504 1668 dedit.
1556 1630 1783 1675 Jurisconsulti
1791 1631 1909 1679 sacras
1926 1633 2116 1680 cognitiones
2129 1646 2278 1680 vocant,

1265 1693 1300 1718 ut
1323 1683 1507 1729 &sacrum
1528 1684 1747 1730 cognitorem,
1774 1683 1830 1732 qui
1847 1682 2130 1730 Caesarisjuffude
2148 1698 2184 1722 re
2201 1699 2280 1736 quae

1363 1734 1368 1739 '
1960 1733 2016 1771 Est
2031 1737 2069 1771 δε
2088 1736 2199 1773 titulus
2216 1736 2274 1774 lib.

1274 1783 1526 1820 PandeC'rarum
1546 1797 1573 1820 1.
1602 1781 1648 1818 sic
1666 1781 1841 1831 inscriptus
1856 1811 1868 1826 ,
1906 1789 1959 1819 De
1978 1786 2148 1822 extraord.
2176 1789 2281 1836 cogni-

1264 1833 1430 1876 tionibus,
1460 1832 1517 1869 ubi
1536 1832 1664 1883 prolixe
1682 1844 1926 1870 enumerantur
1954 1847 2017 1877 ea,
2042 1844 2117 1884 quae
2134 1848 2278 1885 praetor,

1267 1895 1325 1920 aut
1343 1883 1464 1934 praeses
1483 1883 1669 1932 provinciae
1696 1895 1769 1918 non
1791 1882 1873 1919 dato
1901 1883 2009 1929 judice
2026 1912 2037 1927 ,
2076 1883 2133 1920 sed
2157 1897 2279 1922 coram

1266 1932 1327 1983 ipsi
1348 1933 1570 1984 cognoscunt.
1627 1931 1726 1969 Adde
1743 1932 1973 1972 l.chxV111.
2005 1937 2063 1970 De
2081 1935 2178 1973 verb.
2192 1934 2278 1986 sign.

1268 1982 1333 2020 lnf.
1348 1997 1421 2034 cap.
1434 1998 1563 2021 xx111.

1321 2033 1495 2081 Absentib.
1507 2034 1692 2081 secundum
1706 2033 1911 2082 presentes]
1941 2034 2112 2080 Concisa,
2141 2049 2182 2073 ac
2201 2050 2281 2088 pro-

1267 2084 1346 2120 inde
1365 2083 1506 2121 obscura
1521 2085 1632 2121 oratio
1656 2083 1714 2121 est.
1771 2085 1877 2120 Sentit
1904 2084 2088 2123 Claudium
2116 2087 2202 2137 saepe
2230 2099 2281 2125 te-

1270 2148 1387 2178 mere,
1426 2134 1529 2170 altera
1555 2146 1648 2184 parte
1673 2132 1833 2177 absente,
1871 2147 1952 2171 curn
1970 2137 2280 2186 comperendinare

1269 2184 1366 2221 satius
1385 2183 1494 2227 foret,
1515 2184 1703 2231 fiecundum
1712 2184 1901 2231 praesentem
1921 2185 2154 2234 pronunciasse
2171 2216 2184 2231 ,
2213 2188 2281 2226 hoc

1272 2234 1340 2278 est,
1374 2247 1435 2284 pro
1454 2247 1498 2271 eo
1516 2235 1573 2283 qui
1589 2246 1841 2283 comparuerat.
1892 2233 1937 2271 sic
1955 2238 2050 2273 enim
2075 2251 2207 2275 veteres
2232 2239 2281 2276 lo-

1269 2285 1479 2335 quebantur,
1506 2298 1568 2320 nec
1585 2284 1698 2322 solum
1717 2285 1800 2320 dare
1817 2285 1931 2328 litem,
1960 2288 2043 2323 dare
2053 2287 2282 2335 sententiam,

1273 2349 1334 2385 pro
1353 2336 1448 2372 litem
1467 2334 1613 2377 iudicare
1629 2365 1641 2379 ,
1671 2348 1710 2371 ac
1721 2334 1924 2372 sententiam
1940 2336 2072 2381 dicere,
2102 2338 2158 2375 sed
2177 2340 2282 2383 dare,

1272 2384 1433 2422 absolute.
1465 2385 1774 2435 Ulpian.l.xxvir.
1802 2388 1861 2421 De
1874 2386 2003 2424 liberali
2020 2387 2137 2433 causa,
2166 2400 2283 2427 contra

1273 2436 1462 2472 libertatem
1481 2436 1588 2472 stabit.
1617 2436 1701 2473 Plin.
1719 2435 1776 2472 lib.
1796 2449 1837 2472 vi
1851 2451 1878 2473 1.
1905 2438 2008 2487 Epist.
2023 2452 2080 2476 vi.
2098 2441 2284 2485 secundum

1249 2500 1253 2537 ῃ
1275 2500 1342 2522 reos
1362 2486 1466 2522 dedit.
1498 2486 1570 2523 Cic.
1589 2500 1729 2536 quoque
1743 2512 1755 2527 ,
1783 2486 1879 2541 quod
1899 2488 1963 2526 huc
1982 2490 2118 2540 propius
2137 2490 2283 2542 specht,

1246 2541 1252 2602 ἕ
1278 2541 1377 2593 Verr.
1396 2549 1446 2574 ιν.
1478 2541 1600 2572 Utatur
1617 2538 1766 2592 institzeto
1781 2541 1861 2583 sue,
1886 2551 1943 2574 nec
1961 2550 2053 2588 cogat
2069 2550 2148 2597 ante
2166 2541 2286 2598 horam

1247 2605 1249 2622 t
1276 2588 1442 2623 decanam
1469 2588 1510 2622 de
1539 2586 1672 2634 absente
1699 2587 1885 2635 secundum
1908 2591 2095 2636 presentem
2119 2592 2286 2638 judicare.

1276 2639 1387 2687 Atque
1406 2636 1495 2673 adeo
1513 2638 1657 2686 apertius
1674 2638 1805 2676 locutus
1821 2635 1930 2675 fuisset
1948 2643 2087 2677 Sueton.
2123 2639 2149 2676 fi
2168 2641 2209 2677 de
2227 2640 2287 2677 ab·

1248 2723 1252 2734 ,
1264 2688 1418 2737 sentibus
1435 2685 1571 2725 dixisset.

1631 2764 1668 2801 V
1698 2775 1719 2800 A
1749 2776 1773 2799 n
1804 2775 1818 2799 1
1849 2776 1872 2799 ο
1905 2774 1942 2799 τι.

1337 2836 1349 2858 1
1361 2836 1388 2867 ς.
1411 2828 1663 2871 Negantemque
1679 2822 1867 2871 cognitionis
1877 2834 1968 2862 rem,
1979 2818 2041 2866 sed
2057 2821 2225 2860 ordinarii
2232 2825 2290 2873 ju.

226 2869 305 2892 cum
325 2871 464 2895 annotat
485 2864 636 2901 Turneb.
670 2865 938 2905 Adverihr.xxv1
952 2886 979 2908 1.
1002 2882 1164 2919 cap.X1x.
1184 2883 1233 2905 or·
1279 2873 1367 2919 rix]
1401 2873 1597 2909 Ordinabat
1614 2883 1689 2908 turn
1709 2872 1858 2906 decurias
1869 2870 2018 2915 judicum
2029 2870 2290 2917 Claudius,aliis

224 2907 355 2943 dlmzrzt
365 2910 453 2955 juris
471 2909 535 2945 elle
555 2925 612 2954 ca,

653 2928 729 2962 quae
751 2930 807 2965 per
826 2919 950 2962 judices
969 2933 988 2956 a
1007 2931 1152 2970 praetcre
1177 2919 1234 2956 da-

228 2968 280 2996 tos
307 2960 385 3003 juris
416 2959 535 2995 ordine
567 2962 789 3007 deciduntur,
832 2970 1019 3016 cognitionis
1046 2983 1133 3007 vero
1158 2984 1233 3021 qua:

228 3020 319 3046 extra
350 3012 426 3053 iuris
457 3010 617 3046 ordinem
644 3013 686 3048 ad
716 3016 888 3053 Caesarem
918 3019 1111 3056 deseruntur
1132 3049 1144 3064 ‚
1178 3033 1234 3057 aut

229 3060 353 3111 alioqui
373 3073 445 3098 non
469 3060 576 3105 iudice
594 3061 662 3100 ullo
682 3063 784 3108 dato,
810 3066 867 3104 sed
885 3067 928 3106 ab
949 3070 1022 3117 ipso
1050 3072 1106 3120 qui
1130 3071 1236 3108 aditus

1282 2923 1363 2959 albo
1384 2922 1487 2960 erasis
1504 2951 1516 2966 ,
1551 2924 1621 2958 aliis
1648 2923 1683 2957 in
1706 2921 1824 2957 album
1852 2920 1998 2964 allecTtis,
2034 2921 2104 2958 aliis
2134 2926 2285 2964 retentis.

1282 2976 1362 3009 Hoc
1379 2975 1493 3021 agenti
1509 2972 1650 3022 quidam
1661 2984 1701 3006 ex
1720 2969 1961 3015 hisjudicibus,
1989 2984 2079 3021 quos
2096 2975 2288 3021 retinuerat,

1282 3035 1340 3059 aut
1359 3024 1402 3060 de
1423 3036 1520 3060 novo
1546 3021 1739 3069 adlegerat,
1769 3020 1995 3070 interpellatus
2023 3022 2068 3058 ab
2097 3023 2290 3064 adversario

1284 3073 1327 3110 de
1344 3074 1480 3123 propria
1495 3072 1570 3115 lite,
1599 3082 1634 3107 ut
1642 3071 1806 3108 nimirum
1816 3070 1929 3108 Caesar
1937 3071 1980 3109 de
1991 3084 2031 3110 ea
2048 3075 2290 3123 cognosceret,

2157 3128 2296 3175 negavit
