2504 3425
1697 199 1721 207 w·

1678 208 1725 233 A:

656 177 1632 235 T113.C1.AuntusC
1771 196 1964 231 SAR.
2213 189 2316 245 455

229 270 402 335 pedibus
423 274 465 317 δι
493 272 537 318 in
561 285 750 335 praetexta
775 290 786 318 ε
823 271 985 319 Crassus
1008 271 1134 334 Frugi
1168 287 1280 331 equo
1314 269 1547 332 phalerato,
1571 275 1626 315 .&
1650 270 1694 314 in
1715 269 1824 315 veste
1850 271 2048 329 palmata,
2082 265 2198 328 quod
2222 282 2321 311 eum

154 337 205 382 18
227 336 432 381 honorem
451 338 674 383 iteraverat.
739 336 874 383 Urbis
894 351 1153 398 annonaeque
1165 352 1303 380 curam
1329 333 1592 380 solicitisfime
1618 332 1778 396 semper
1800 336 1898 397 egit.
1965 334 2082 378 Cum
2095 330 2317 374 Aimiliana

227 401 475 461 pertinacius
494 401 706 456 arderent,
741 402 784 446 in
810 401 1047 447 diribitorio
1064 398 1220 444 duabus
1240 398 1433 443 noctibus
1451 397 1618 443 mansit:
1654 415 1698 443 ac
1734 395 1956 443 deficiente
1982 396 2164 441 militum
2187 410 2230 438 ac
2251 391 2318 436 fa-

224 463 448 508 miliarium
472 464 611 521 turba‚
648 465 804 510 auxilio
829 466 994 526 plebem
1013 481 1085 526 per
1104 462 1357 525 magistratus
1392 479 1440 506 ex
1465 462 1664 507 omnibus
1685 464 1787 508 vicis
1815 461 2084 507 convocavit:
2119 473 2164 503 ac
2178 455 2318 518 positis

220 542 314 572 ante
338 525 376 572 se
398 544 492 574 curn
516 531 691 590 pecunia
714 526 846 585 fiscis,
881 530 932 575 ad
953 527 1285 574 subveniendum
1307 525 1489 571 hortatus
1510 524 1569 571 est
1585 562 1597 582 ,
1632 525 1981 588 repraesentaturus
2002 539 2078 586 pro
2103 538 2228 584 opera
2250 520 2318 564 di-

221 607 350 653 gnam
373 593 524 654 cuique
548 593 795 639 mercedem.
866 595 1058 639 Arffiore
1077 606 1214 636 autem
1238 605 1400 634 annona
1413 589 1469 634 ob
1479 589 1645 635 assiduas
1659 591 1884 635 sterilitates
1896 589 2086 635 detentus
2096 584 2312 649 quondam

221 654 364 700 medio
385 657 497 701 Foro
525 674 546 702 a
568 657 709 712 turba,
742 657 1021 719 convitiisque
1034 673 1079 702 ac
1095 654 1213 699 simu‘l
1228 652 1503 715 fragminibus
1526 653 1933 715 panisitainstratus,
1967 667 2127 714 utaegre
2142 666 2219 696 nec
2235 646 2310 693 nisi

221 717 385 782 postico
406 720 575 768 evadere
587 722 630 767 in
641 721 840 785 palatium
851 721 1043 767 valuerit:
1079 717 1283 766 nihilnon
1298 720 1550 778 excogitavit
1561 717 1608 763 ad
1632 717 1888 764 invehendos
1908 719 2032 764 etiam
2053 719 2098 761 in
2123 728 2313 774 tempore

223 855 409 903 Claudium
428 887 440 902 ‚
479 871 552 896 non
571 856 681 896 solum
700 855 892 895 consulares
913 856 1007 894 viros
1024 868 1066 892 ex
1082 853 1243 893 senatori-

222 907 305 953 bus,
335 907 393 945 sed
409 908 494 947 alios
511 922 648 960 quoque
670 909 834 959 dignitate
855 907 960 958 longe
978 905 1166 944 inferiores.

544 1014 911 1050 Tenetur.

217 1139 251 1179 h·
271 1096 312 1128 In
328 1090 414 1140 veste
424 1091 623 1142 palmatas]
655 1092 743 1143 Aug.
763 1104 840 1141 cap.
859 1102 962 1128 xc1v.
992 1091 1030 1127 &
1049 1085 1236 1126 Beroaldus

242 1155 283 1179 ic.

276 1199 329 1231 18.
349 1192 582 1241 Emittam]
623 1195 739 1231 Locus
755 1193 782 1230 is
799 1190 862 1229 fisit
880 1193 1031 1234 Romae,
1061 1189 1118 1227 sed
1138 1199 1230 1225 extra

213 1254 371 1292 portam,
401 1244 437 1280 in
451 1244 703 1282 continentibus
730 1244 791 1293 (ut
806 1243 988 1293 loquuntur
1003 1243 1081 1286 JCti
1093 1241 1105 1288 )
1126 1239 1229 1276 Urbis

211 1291 392 1338 aedificiis,
428 1298 467 1331 ὃ(
495 1294 637 1345 quidem

209 1356 284 1381 non
303 1343 421 1395 procul
440 1357 460 1382 a
478 1357 604 1396 campo
622 1346 758 1382 Martio.
791 1346 907 1383 Varro
924 1343 982 1380 lib.
1009 1356 1085 1381 111.
1112 1344 1156 1380 de
1174 1345 1229 1380 Re

207 1393 348 1434 Rustica
364 1409 438 1445 cap.
455 1410 467 1432 1
480 1411 509 1434 1.
519 1409 630 1433 eorum
640 1395 773 1443 edificia
783 1424 795 1438 ,
806 1395 867 1444 qui
876 1394 1037 1431 habitant
1054 1403 1229 1442 extrapor-

211 1456 287 1482 tam
305 1447 583 1482 frumentariam
595 1474 607 1489 ‚
628 1447 737 1481 autin
754 1444 962 1482 AEmillanis.
991 1445 1102 1481 Tacit.
1112 1444 1230 1482 lib.xv.

212 1496 272 1534 ubi
286 1494 329 1531 de
346 1497 498 1533 Neronis
515 1494 696 1532 incendio:
713 1494 792 1529 Plus
809 1494 957 1539 infamia
977 1493 1015 1530 id
1036 1496 1230 1532 incendium

213 1545 335 1581 habuit
354 1574 366 1590 ,
400 1545 484 1596 quia
506 1545 634 1593 prediis
660 1543 810 1593 Tigillini
842 1543 1041 1582 AEmilianis
1066 1552 1230 1593 eruperat.

213 1608 286 1646 quo
312 1594 392 1633 loco
418 1596 456 1632 in
478 1594 676 1631 AEmilianis
697 1593 891 1643 *legendum
924 1606 1008 1644 puto
1032 1623 1043 1638 ‚
1078 1606 1113 1631 ut
1141 1595 1230 1646 apud

215 1648 428 1684 Varronem.
485 1649 564 1682 Erat
586 1647 624 1682 δε
650 1645 743 1684 vicus
768 1645 966 1682 AEmilianus
987 1645 1128 1695 regione
1147 1659 1232 1685 v11.

213 1696 279 1735 viae
297 1696 384 1734 latae.
410 1694 530 1734 Rufus.

264 1752 306 1782 In
324 1743 552 1792 diribitorio]
586 1744 742 1781 Diribere
753 1744 847 1782 idem
856 1743 949 1794 quod
959 1745 1159 1783 distribuere
1171 1745 1230 1784 est.

212 1795 315 1837 Unde
332 1795 607 1839 diribitoresdiffi
619 1822 630 1838 ‚
648 1797 704 1846 qui
716 1797 932 1832 Romanisin
949 1796 1107 1848 suffiagia
1126 1799 1233 1834 eunti-

213 1845 276 1883 bus
291 1845 433 1893 tabellas
454 1844 691 1883 ministrabant
703 1864 713 1891 3
751 1846 797 1882 uti
819 1850 856 1882 ὃ(
876 1858 1036 1896 rogatores
1059 1875 1070 1892 ,
1108 1849 1167 1897 qui
1186 1849 1230 1884 ci-

209 1895 301 1933 stam
311 1895 513 1934 deferebant
533 1896 568 1931 in
585 1909 691 1947 quam
711 1895 845 1934 tabellae
856 1897 1078 1934 mittebantur
1085 1917 1094 1942 3
1126 1902 1163 1935 ἀ
1176 1912 1229 1934 cu-

200 1946 330 1994 stodes,
347 1949 403 1998 qui
414 1945 664 1990 observabant,
682 1961 726 1984 ne
747 1946 827 1998 quid
837 1946 962 1985 fraudis
979 1948 1225 1987 admitteretur.

210 1998 285 2035 Cic.
315 2010 399 2035 orat.
433 1997 515 2034 Post
541 1998 690 2036 reditum
720 2000 757 2036 in
793 1997 908 2035 senatu
929 2013 939 2035 z
987 2000 1137 2049 szdo
1164 2000 1226 2036 itta

208 2048 376 2096 dignitate
391 2053 582 2098 rogatores,'
594 2048 783 2086 diribitores
800 2077 810 2091 ,
845 2048 1045 2098 custodesque
1067 2050 1200 2097 vidistis
1211 2061 1225 2088 ,θ

207 2101 251 2136 Et
271 2100 307 2136 in
333 2100 525 2137 Pisonem:
564 2106 632 2137 Hoc
661 2109 747 2136 certe
776 2099 875 2134 video
892 2128 905 2143 ,
949 2114 1007 2135 vos
1036 2110 1221 2149 rogatores,

209 2163 270 2185 vos
287 2150 514 2198 distributores
524 2178 536 2195 ,
561 2163 620 2186 vos
639 2149 777 2196 custodes
784 2149 906 2197 futffe,
926 2150 1150 2197 distributores
1160 2165 1223 2188 vo-

210 2211 293 2238 cans
311 2215 391 2246 eos,
406 2202 461 2252 qui
477 2200 664 2239 diribitores
683 2212 820 2252 quoque
830 2200 995 2239 dicuntur.
1054 2204 1153 2238 Nam
1178 2201 1221 2238 de

212 2250 411 2298 divifhrikus
436 2263 515 2288 ante
543 2252 715 2294 diximus,
753 2253 843 2301 Aug.
868 2263 941 2302 cap.
968 2266 1044 2289 ιιι.
1091 2251 1223 2288 Diribi-

213 2302 338 2338 tarium
358 2304 457 2352 igitur
484 2301 580 2340 locus
602 2302 664 2340 fuit
688 2302 731 2339 ad
759 2302 975 2338 diribitorum
1008 2316 1132 2340 munus
1159 2301 1222 2339 ser-

210 2351 307 2387 viens
324 2380 336 2395 ,
374 2356 411 2388 ὃ(
425 2352 565 2402 quidem
593 2353 682 2403 apud
702 2356 801 2403 Septa
820 2380 831 2395 ‚
875 2354 1017 2438 reffigio‘ne
1041 2354 1132 2390 Circi
1152 2353 1223 2390 Fla-

212 2402 337 2444 minii,
365 2413 400 2438 ut
415 2404 538 2439 Victor
555 2404 700 2448 tradidit.
744 2407 800 2440 De
819 2415 889 2452 quo
922 2416 954 2439 ic
971 2405 1066 2441 Dion
1082 2404 1140 2443 lib.
1161 2415 1218 2442 ιν.

211 2451 476 2496 ,Diribitorium‚
493 2453 629 2489 domum
646 2455 817 2496 omnium,
832 2466 898 2500 qua
907 2467 971 2489 uno
988 2454 1132 2491 culmine
1142 2454 1223 2499 fue-

210 2512 293 2536 runt
302 2529 314 2545 ,
332 2503 545 2545 maximam,
562 2504 710 2551 Agrippa
727 2503 954 2553 imperfeclum
973 2505 1121 2553 reliquit.
1162 2507 1222 2542 At-

209 2564 279 2601 que
301 2552 366 2588 hoc
386 2552 452 2595 est,
493 2553 587 2602 quod
604 2554 774 2590 interdum
791 2553 838 2591 ob
856 2553 984 2591 calores
1001 2556 1133 2593 aestivos
1146 2569 1218 2593 mu-

209 2614 292 2638 nera
311 2602 473 2653 ludosque
495 2603 529 2638 in
554 2604 740 2639 diribitorio
776 2604 831 2640 edi
863 2603 1034 2641 consueffe
1064 2605 1218 2646 lezimuS.

209 2652 303 2689 Male
318 2654 417 2703 igitur
433 2655 631 2704 interpretes
647 2682 658 2696 ,
686 2655 743 2704 qui
766 2653 878 2691 nescio
895 2666 971 2703 quae
998 2649 1220 2701 dellbiz‘toria,

209 2705 249 2741 δε
266 2704 479 2740 derivatoria
495 2704 676 2741 somniant.

265 2752 397 2790 plebem
408 2763 469 2802 per
486 2753 734 2803 magistratus.]
773 2757 855 2791 Sunt
883 2754 939 2804 qui
966 2754 1134 2802 magistros
1156 2756 1222 2799 leni

208 2802 332 2847 velint,
362 2817 399 2842 ut
415 2805 676 2855 vicomagistros
693 2804 943 2854 intelligamus,
970 2804 1140 2843 sedmale.
1169 2798 1225 2844 οἶ·-

208 2853 357 2891 dinarios
374 2856 468 2892 enim
480 2855 694 2906 magistratus
711 2855 884 2906 intelligit,
906 2867 1065 2905 praetores
1076 2869 1223 2907 nempe,

210 2915 314 2955 atque
329 2906 444 2943 aediles
459 2935 470 2950 ‚
508 2908 565 2957 qui
595 2921 636 2944 ex
657 2906 821 2944 omnibus
839 2907 920 2945 vicis
941 2905 1081 2955 plebem
1101 2907 1223 2946 auxilio

211 2967 454 2995 convocarent.
485 2958 575 3007 Aug.
589 2971 665 3004 cap.
677 2971 755 2995 xxx.

237 3046 245 3054 ,
265 3007 597 3056 Repraefintaturus.]
646 3008 766 3045 Melius
794 3007 863 3044 duo
895 3007 1029 3044 codices
1063 3009 1226 3056 represen-

213 3065 301 3095 tans.
334 3059 386 3094 Sic
406 3058 518 3096 Vitell.
536 3070 612 3110 cap.
634 3072 666 3097 x.
701 3059 848 3096 vulnera
866 3087 879 3103 ‚
906 3058 1023 3108 plagas
1040 3056 1091 3101 Εἴ
1111 3073 1223 3097 necem

211 3106 485 3156 representamus.

2129 777 2311 824 hiberno

1345 856 1503 891 Arctiore
1515 853 1690 902 rinnand]
1719 856 1773 891 Sic
1783 854 1963 901 arfliffima
1980 866 2116 890 annona
2133 851 2215 888 Tib.
2229 862 2304 899 cap.

1291 915 1397 942 V111.
1425 910 1461 942 δ(
1484 905 1667 955 Galb.cap.
1682 918 1763 942 v11.
1784 905 1935 939 arctioris
1955 916 2089 939 annone
2107 906 2304 949 Hermoge-

1289 955 1488 1000 nian.JC.l.
1503 967 1541 992 ιι
1557 971 1608 1007 η,
1646 956 1688 991 de
1704 955 1852 998 Judiciis.
1895 954 2034 991 Artiore
2052 952 2191 990 habent.
2219 949 2302 987 libb.

1286 1007 1410 1055 optimi
1428 1035 1439 1049 ‚
1462 1010 1499 1044 ὃ(
1518 1006 1624 1044 Pand.
1643 1005 1788 1043 Florent.
1804 1004 1907 1041 reete.

1343 1062 1397 1093 lta
1417 1056 1613 1105 instratus.]
1653 1057 1705 1093 Sic
1727 1057 1927 1106 interpretes
1943 1082 1954 1098 ‚
1992 1056 2028 1089 &
2050 1052 2128 1089 edit.
2155 1051 2306 1093 Gallica,

1285 1115 1352 1143 tres
1369 1108 1453 1145 item
1465 1120 1545 1146 mss,
1560 1110 1657 1155 *Duo
1676 1106 1870 1154 infestatus,
1900 1106 1946 1141 uti
1963 1108 2000 1141 ὅ(
2017 1103 2096 1141 edit.
2125 1102 2308 1139 Germani·

1285 1169 1342 1201 ca,
1372 1162 1410 1195 &
1428 1158 1531 1195 Oros.
1543 1157 1652 1196 lib.v1
1666 1172 1693 1195 1.
1732 1157 1791 1194 ubi
1810 1154 1961 1192 eandem
1979 1166 2091 1191 narrat
2107 1152 2304 1194 historiam,

1275 1206 1539 1257 pseudothyrum
1559 1209 1732 1260 appellans
1748 1207 1841 1258 quod
1859 1210 1998 1244 Sueton.
2024 1204 2206 1254 posticum,
2232 1214 2303 1251 quo

1283 1259 1456 1298 vocabulo
1481 1259 1555 1297 usus
1580 1261 1684 1296 etiam
1707 1272 1781 1295 non
1806 1271 1877 1295 uno
1898 1258 1934 1294 in
1956 1257 2038 1294 loco
2069 1256 2197 1292 Cicero
2214 1281 2225 1298 ,
2265 1255 2301 1289 ὅ(
2332 1285 2343 1291 ,

681 1296 738 1343 (¹¹t
767 1308 808 1331 ex
837 1293 1000 1330 h0c1000
1036 1290 1225 1342 colligitur)
1280 1311 1403 1348 Horat.

1576 1383 1591 1392 .
1612 1382 1628 1392 .
1654 1384 1668 1390 -
1686 1358 1893 1410 posticofaile
1910 1357 2072 1395 clientem.

1592 1464 1992 1500 CASAuBoN.

1344 1569 1396 1601 18.
1427 1560 1722 1612 Repraefhntaturus
1738 1571 1798 1612 pro
1825 1558 1958 1611 opera.]
2001 1555 2139 1597 Viterb.
2167 1554 2295 1598 Lissaei,

1284 1617 1320 1651 δε
1341 1626 1437 1652 vetus
1455 1613 1549 1654 Rob.
1570 1613 1683 1663 Steph.
1705 1612 1942 1662 representans.

1341 1668 1495 1702 Arr‘liore
1513 1674 1629 1700 autem
1647 1661 1820 1710 annona.]
1859 1662 2023 1699 Tacitum
2047 1657 2125 1696 vide
2146 1657 2181 1694 in
2204 1668 2299 1693 anno

1287 1726 1454 1753 Dccciv.
1492 1714 1784 1753 Annal.lib.x11.
1831 1713 2025 1750 Meminere
2057 1712 2094 1746 δε
2121 1708 2301 1757 scriptores

1284 1763 1516 1804 ecclesiasticae
1534 1765 1678 1803 historiae
1695 1764 1799 1802 famis
1822 1764 1919 1812 hujus
1933 1761 1949 1801 ε’
1968 1773 2045 1812 quae
2067 1771 2107 1796 ea
2121 1756 2186 1795 effe
2204 1757 2302 1797 vide-

1282 1827 1355 1858 tur,
1386 1819 1482 1864 cujus
1500 1818 1634 1854 mentio
1650 1818 1684 1853 in
1704 1816 1807 1852 Actis.
1999 1826 2003 1829 ’

1337 1872 1375 1903 A
1400 1868 1501 1904 turba
1540 1867 1697 1903 convitiis
1720 1862 2013 1913 fragminibufilue
2041 1860 2142 1908 panis
2173 1856 2298 1906 instra]

1283 1921 1369 1955 Non
1387 1917 1506 1956 desunt
1530 1920 1564 1956 in
1588 1916 1723 1954 historia
1750 1913 1982 1964 Augustorum
2003 1909 2162 1959 exempla
2180 1906 2297 1946 similis

1279 1968 1410 2006 furoris.
1467 1968 1684 2006 Marcellinus
1705 1969 1840 2003 Comes
1855 1963 2048 2001 Indistione
2065 1973 2145 1998 xiv.
2176 1959 2298 1996 consu·

1280 2019 1347 2056 latu
1372 2019 1532 2057 Antiochi
1549 2022 1586 2056 δε
1612 2015 1699 2055 Baffi
1718 2032 1727 2054 ε
1758 2023 1826 2051 Hoc
1846 2023 1986 2063 tempore
1995 2014 2080 2050 dum
2101 2011 2148 2046 ad
2166 2017 2300 2067 Horrea·

1273 2070 1410 2118 publica
1426 2068 1637 2119 “Theodofius
1659 2067 1839 2116 processum
1865 2065 2006 2102 celebrat
2028 2092 2040 2108 ,
2076 2067 2159 2109 Imp.
2188 2061 2298 2116 triticf

1277 2123 1314 2157 in
1329 2120 1458 2169 plebem
1478 2121 1651 2169 ingruente
1662 2117 1807 2167 penuria
1822 2144 1834 2159 ‚
1869 2116 1912 2153 ab
1930 2116 2066 2153 orientis
2076 2110 2193 2162 populo
2211 2109 2295 2159 lapt-

1275 2171 1372 2207 dibus
1388 2171 1559 2219 impetitus
1575 2169 1629 2217 est.

1332 2221 1565 2270 Fragminibus
1578 2221 1678 2269 panis
1694 2220 1745 2256 ita
1766 2216 1964 2266 instratus.]
2000 2214 2132 2262 Cujacii
2151 2212 2228 2249 cod.
2248 2214 2295 2269 ¹&

1278 2273 1410 2311 Viterb.
1432 2272 1593 2309 Memmii
1614 2275 1650 2307 &
1669 2271 1763 2307 Rob.
1783 2268 1964 2318 Stephani,
1990 2265 2175 2312 infestatus.
2197 2266 2291 2299 &ita

1275 2324 1470 2361 describunt
1486 2321 1650 2365 Orofius,
1679 2325 1715 2358 ὅ(
1734 2319 1857 2356 Paulus
1875 2319 2076 2360 Diaconus,
2109 2312 2180 2353 five
2199 2313 2292 2349 Ana-

1274 2373 1401 2412 stassus.

1331 2431 1372 2461 Ut
1390 2438 1466 2473 egre
1485 2437 1544 2460 nec
1560 2422 1623 2472 721st
1637 2422 1752 2470 postico
1770 2420 1914 2455 evadere
1931 2419 1966 2454 in
1981 2416 2159 2453 Palatium
2171 2413 2291 2450 value-

1275 2475 1358 2524 rit.]
1390 2476 1498 2512 Libro
1516 2477 1646 2511 oftavo
1661 2502 1668 2514 ‚
1700 2472 1743 2508 de
1759 2471 1925 2508 Othone:
1947 2464 2290 2522 proriptcitquesepo-

1266 2528 1350 2573 stica
1364 2536 1461 2573 parte
1482 2526 1612 2561 Palatii
1628 2525 1674 2559 ad
1693 2521 1932 2568 constitutum:
1947 2520 2093 2557 Oronus
2112 2521 2148 2554 δί
2160 2519 2292 2553 Diaco-

1271 2591 1333 2614 nus
1346 2606 1357 2620 ,
1376 2576 1636 2626 pfhudothyrum
1658 2583 1794 2613 vocant.

1626 2679 1927 2713 VARIOR,

1335 2771 1345 2792 1
1357 2762 1386 2793 8.
1398 2755 1529 2792 Plebem
1535 2763 1593 2802 per
1603 2751 1852 2801 magt'stratm.]
1867 2752 1939 2788 Viri
1950 2762 2007 2786 am
2013 2746 2145 2797 pliffimi
2156 2748 2287 2785 malunt

1273 2807 1442 2854 magistros
1460 2835 1470 2849 ‚
1497 2809 1531 2842 δ(
1557 2806 1618 2841 hos
1643 2802 1800 2854 profecto
1819 2801 1972 2851 intelligit
1989 2802 2120 2836 auctor.
2165 2799 2221 2836 sed
2247 2804 2284 2836 ὃς

1274 2857 1415 2893 eossieni
1444 2856 1656 2904 magistratus
1676 2856 1794 2890 vocari
1814 2853 1947 2904 prodidi
1964 2849 2149 2901 aliquando
2172 2852 2208 2887 in
2225 2854 2288 2888 Su·

1271 2907 1485 2958 spicionibus.
1517 2909 1571 2942 Gn
1579 2920 1600 2942 υ
1608 2917 1652 2941 TE
1662 2919 1679 2940 i<
1689 2918 1745 2942 us,

1330 2957 1564 3006 Fragminshus
1586 2958 1686 3004 panis
1719 2955 1769 2990 ita
1802 2953 2000 3001 instratus.]
2068 2953 2122 2988 An
2158 2953 2286 2999 impeti-

1274 3018 1328 3044 tus
1346 3019 1360 3046 ,θ
1398 3008 1452 3045 sed
1471 3009 1598 3043 mirum
1619 3005 1665 3042 est
1684 3017 1703 3040 a
1727 3004 1893 3042 famelicis
1921 3003 2122 3040 hominibus
2145 3002 2285 3050 fragmi-

1272 3059 1372 3095 nibus
1389 3059 1482 3109 panis
1502 3058 1696 3107 impetitum
1716 3054 1794 3092 effe.
1830 3055 1865 3090 τὸ
1892 3055 2049 3100 instratus
2083 3055 2135 3091 hic
2154 3052 2282 3089 nullum

1272 3110 1389 3148 locum
1414 3109 1539 3146 habere
1556 3107 1696 3150 videtur.
1732 3106 1822 3194 &Illirie
1840 3106 1939 3144 codd.
1963 3118 2045 3145 vett.
2071 3108 2210 3148 GUJt-r.

1704 3160 1736 3196 L
1803 3171 1819 3202 3
2129 3158 2162 3192 T
2191 3168 2215 3191 o
2244 3164 2286 3187 R·
