2504 3425
538 180 608 234 D.
663 178 1000 232 OCTAV.
1056 130 1238 229 CAE·S

1269 190 1372 227 AR
1433 170 1932 226 Annus-rus,
2190 182 2289 236 133

201 289 282 343 que
296 275 416 323 variis
428 273 534 319 male
555 270 784 318 focillatam
797 267 960 330 abrupit
986 266 1164 312 tandem.
1229 265 1287 310 Et
1310 279 1398 326 quo
1423 265 1553 324 magis
1572 258 1829 324 degenerasse
1852 273 1949 303 eum
1974 274 1996 303 a
2025 257 2140 302 civili
2170 273 2287 303 more

201 339 444 406 approbaret
454 374 468 397 ,

528 479 564 513 T
589 489 612 512 ο
635 488 660 512 R
690 487 714 510 a
741 485 762 509 Ξ
792 484 817 509 N
847 483 882 508 τ.

262 545 314 579 17.
340 524 436 564 Male

202 594 276 620 tam
295 580 392 633 igitur
407 588 464 612 aut
475 575 603 622 fhltam
628 589 693 625 pro
703 573 837 619 fultam
870 569 1057 622 legendum
1082 567 1140 605 est.
1171 566 1216 602 sic

203 635 299 671 enim
318 631 406 681 saepe
421 627 543 662 Cicero
560 625 721 662 fulciendi
733 621 904 662 vocabulo
926 621 1034 657 utitur.
1093 621 1216 656 Horat.

203 684 297 735 epist.
322 696 396 719 111.
424 676 622 725 malesarta
651 674 776 710 Gratia
798 672 1020 720 nequicquam
1056 672 1139 709 co‘z't,
1167 665 1219 707 Εἴ

202 733 412 783 rescinditur.
468 726 520 762 Ad
537 724 671 762 crebras
685 735 804 759 autem
822 721 958 770 Augusti
975 724 1012 756 δ(
1023 717 1162 755 Antonii
1182 714 1221 750 fi-

203 784 360 822 multates
384 775 577 817 referendus
593 777 630 810 &
647 773 701 809 ille
712 772 847 808 Horatii
864 770 957 806 locus
972 769 1028 805 lib.
1048 783 1074 805 1.
1101 771 1168 804 Sat.
1181 779 1217 804 v.

203 835 248 872 de
256 837 443 871 Maecenate
462 831 500 864 δε
516 825 671 869 Cocceio
690 837 700 860 ι

424 901 438 908 -
466 900 481 906 -
506 876 657 922 -magnbs
675 869 761 920 miffi'
773 871 813 907 de
829 869 925 907 rebus
941 879 1080 917 uterque

310 936 424 978 Legatt
439 956 451 971 ,
476 925 608 973 averfhs
614 922 709 970 soliti
727 929 912 969 componere
927 919 1060 955 amicos.

254 982 356 1031 de
375 982 401 1016 ἐς
422 984 524 1013 Roma
542 975 646 1010 etiam
659 973 699 1008 de
715 971 824 1020 Cleop.
845 968 929 1017 lib.]
988 968 1092 1005 Liber
1108 979 1217 1008 unus,

200 1038 294 1070 Rom.
314 1029 367 1074 ξδ’
389 1029 429 1064 de
446 1027 621 1073 Cleopatra
637 1022 758 1058 liberis.
819 1024 919 1070 Lego
930 1049 940 1063 ‚
973 1019 1060 1068 quod
1075 1021 1101 1055 is
1117 1024 1222 1053 Roma

198 1085 304 1119 etiam
321 1080 495 1127 Cleopatra
511 1074 567 1111 lib.
587 1085 671 1110 nam
679 1074 719 1108 de
736 1069 931 1122 praepositio
950 1070 1098 1105 omnino
1109 1067 1221 1118 super-

198 1132 268 1169 flua
295 1130 361 1174 est,
387 1128 466 1165 loco
488 1124 655 1177 particulae
681 1120 733 1166 Εἴ
756 1120 916 1171 asscripta.
948 1120 1148 1170 Reliquerat
1163 1130 1221 1153 au-

198 1194 274 1219 tem
284 1180 527 1218 testamentum
536 1174 635 1212 suum
643 1175 811 1210 Antonius
828 1171 919 1223 apud
942 1171 1091 1220 virgines
1103 1167 1223 1207 Vesta-

199 1233 257 1272 les.
287 1232 416 1269 Αυᾶοι·
432 1230 504 1276 ejus
521 1227 590 1266 vita
601 1225 766 1262 Plutarch.

520 1301 551 1335 C
578 1310 600 1334 A
627 1310 642 1333 s
674 1308 695 1332 A
722 1308 746 1331 u
780 1306 798 1330 Β
828 1307 851 1330 0
879 1306 917 1330 N.

256 1353 354 1391 Male
364 1346 597 1400 fhcillatam.]
625 1348 677 1384 Sic
687 1358 813 1382 omnes
823 1343 926 1380 nostri
946 1355 956 1379 ε
975 1354 1038 1378 nec
1054 1338 1224 1377 mutanda

201 1418 273 1445 vox
291 1405 430 1454 elegans
446 1399 640 1448 fhczllatam
665 1408 722 1433 aut
733 1394 913 1441 focilatam
928 1404 1004 1429 uno
1021 1391 1044 1429 l.
1069 1390 1114 1427 sic
1129 1390 1224 1426 enim

201 1456 351 1493 scribitur
371 1447 621 1490 inTuronensi.
647 1444 850 1484 Glossarium
872 1459 882 1481 :
900 1440 1221 1485 Focilat‚.‘>2mr÷0‘sa.

202 1510 365 1544 Lucanus
381 1503 439 1540 seu
458 1501 531 1551 quis
549 1499 630 1534 alius
646 1496 690 1533 acl
708 1495 888 1538 Pisonem,
914 1507 954 1530 ex
974 1493 1081 1531 veteri
1105 1491 1223 1527 lestio-

205 1570 250 1594 ne
271 1570 281 1592 ι
300 1554 362 1603 sed
379 1552 537 1601 miserum
558 1557 673 1597 parva
684 1545 904 1594 stipefhcilat.
964 1547 1080 1581 Varro
1089 1541 1222 1586 focillor

205 1607 301 1643 aliter
314 1616 420 1655 quam
430 1601 607 1639 Suetonius
623 1597 789 1647 usurpavit
798 1625 810 1640 ,
838 1595 881 1631 de
892 1596 972 1632 Vita
984 1593 1099 1644 populi
1110 1594 1221 1628 Rom.

203 1656 261 1694 lib.
279 1670 291 1692 1
304 1669 331 1692 1.
360 1660 497 1701 Propter
513 1664 562 1687 res
573 1649 738 1696 secundas
748 1645 883 1694 sublato
899 1655 992 1680 metu
1008 1657 1073 1680 non
1090 1643 1126 1678 in
1136 1655 1222 1678 com-

203 1719 304 1744 mune
313 1705 464 1753 speciant
494 1716 504 1735 .-
526 1699 696 1747 fi’clsuum
718 1697 854 1746 quisque
870 1693 995 1739 diverfi
1015 1692 1223 1730 commodum

195 1754 411 1803 focillantur.
441 1751 581 1799 Proprie
588 1748 743 1794 fhcillare
761 1747 808 1783 est
825 1758 932 1796 aegras
948 1743 1061 1781 fauces
1070 1744 1146 1780 lana
1166 1755 1223 1793 ap-

206 1804 316 1856 posita
331 1802 471 1845 fovere,
501 1812 537 1837 ut
553 1798 615 1835 fuit
632 1798 750 1834 moris.
782 1808 901 1835 contra
926 1795 1058 1844 effocare
1076 1794 1223 1831 dicimus

203 1856 319 1895 fauces
337 1865 496 1904 premere
513 1850 556 1887 ad
573 1850 769 1899 perniciem.

260 1902 472 1954 Degeneraffh
491 1899 703 1937 eumacivili
721 1897 852 1943 mom]
880 1896 1039 1945 Intelligit
1055 1894 1144 1931 fasta
1153 1895 1223 1931 An-
1248 1911 1250 1943 4

204 1959 292 1996 tonii
309 1967 428 1992 contra
445 1955 622 1998 majorum
650 1949 794 1985 instituta
812 1952 849 1984 δε
869 1948 1072 1997 gravitatem
1093 1949 1227 1982 Roma·
1249 1948 1253 1988 l

205 2021 309 2051 nam,
337 2019 412 2056 quae
440 2003 586 2054 pluribus
610 2000 816 2051 explicantur
839 1998 882 2034 ab
903 1996 1075 2034 historicis.
1134 1995 1227 2034 Vide
1249 1991 1253 2025 ἶ

206 2062 366 2098 Dionem
381 2056 476 2092 initio
496 2054 553 2090 lib.
574 2065 606 2088 ι.
1249 2037 1253 2091 5

261 2109 507 2158 Testamentum
530 2101 747 2151 aperiendum
773 2099 1050 2148 recitandumque
1068 2106 1128 2146 pro
1157 2110 1228 2133 con-

207 2161 301 2198 cione
317 2154 491 2203 curavit.]
548 2156 605 2190 De
625 2152 691 2188 hoc
717 2150 856 2200 Augusti
881 2148 975 2185 theto
1002 2148 1163 2198 equidem
1182 2146 1226 2183 fic

211 2210 390 2251 existimo,
420 2218 457 2242 ut
474 2207 559 2241 inter
578 2201 735 2252 exempla
750 2213 889 2251 magnae
909 2199 1083 2245 cujusdam
1100 2200 1225 2234 imma-

213 2261 323 2299 nitatis
348 2255 566 2295 referendum
593 2252 762 2290 censeam.
823 2252 978 2287 Primum
1001 2251 1081 2299 qnia
1107 2261 1224 2285 contra

213 2315 264 2359 jus
283 2322 409 2347 naturae
429 2307 496 2350 est,
523 2317 557 2341 ut
586 2304 685 2340 rebus
711 2302 827 2338 alienis
858 2315 923 2338 nos
947 2299 1224 2343 immisceamus,

216 2375 292 2412 quae
317 2360 360 2396 ad
388 2371 451 2394 nos
481 2356 562 2392 nihil
584 2355 753 2406 pertinent
783 2368 793 2389 ε
823 2365 933 2401 neque
953 2351 986 2387 id
1011 2350 1143 2393 solum,
1168 2349 1225 2385 sed

215 2409 349 2449 etiarnsi
365 2409 420 2448 vel
439 2408 592 2444 maxime
609 2404 653 2442 ad
670 2418 734 2440 nos
756 2404 980 2453 pertinerent,
1011 2401 1228 2438 humanitatis

217 2474 336 2500 tamen
351 2459 404 2495 lex
423 2457 489 2501 est,
517 2458 624 2494 multa
653 2454 779 2491 nescire
809 2452 905 2490 velle.
955 2451 1042 2489 Inde
1069 2451 1115 2487 est
1134 2450 1229 2501 quod

219 2515 254 2550 in
270 2511 399 2548 coelum
412 2508 569 2544 tolluntur
587 2505 740 2543 laudibus
758 2502 998 2546 Athenienses,
1028 2503 1229 2551 Pompejns,

218 2563 325 2608 Julius
335 2558 465 2600 Caesar,
491 2558 678 2599 Antonius,
704 2555 826 2597 &alii,
855 2555 913 2604 qui
928 2553 1075 2590 hostium
1093 2551 1232 2588 suorum

219 2614 332 2651 literas
350 2611 385 2646 in
404 2607 515 2644 castris
538 2619 706 2656 repertas,
734 2616 790 2640 aut
827 2604 893 2640 alio
920 2603 994 2640 casu
1021 2615 1156 2652 captas,
1188 2601 1233 2637 le-

217 2676 302 2714 gere
337 2659 527 2696 noluerunt.
581 2655 686 2692 Simili
721 2655 852 2690 ratione
880 2682 892 2697 ,
952 2652 1061 2702 paullo
1098 2654 1155 2702 qui
1194 2650 1233 2688 sit

220 2712 404 2752 humanior
429 2738 441 2752 ‚
498 2720 606 2743 nemo
657 2704 850 2741 delatorum
906 2716 1012 2740 voces
1064 2702 1230 2738 admittat.

220 2764 332 2804 Multo
358 2761 470 2798 minus
496 2771 633 2807 :equum
657 2754 808 2797 videtur,
842 2768 917 2804 qux:
956 2751 996 2789 sit
1027 2752 1162 2798 alicujus
1188 2753 1235 2790 vi-

161 2824 165 2827 '
219 2815 332 2857 ventis
350 2807 556 2857 valentisque
572 2807 750 2848 voluntas,
780 2804 874 2855 super
894 2806 931 2841 iis
948 2817 1023 2853 quae
1046 2803 1121 2851 post
1139 2816 1234 2839 mor-

221 2878 297 2905 tem
312 2863 408 2901 suam
439 2858 514 2897 fieri
538 2858 637 2900 velit,
666 2855 825 2904 satagere.
877 2857 993 2905 Itaque
1030 2854 1074 2889 ait
1110 2852 1237 2890 Plutar-

222 2917 304 2955 chus
333 2929 343 2951 :
370 2911 479 2951 visum
497 2908 561 2946 hoc
579 2906 710 2945 factum
737 2904 917 2942 ἀλλόκοτον
943 2905 1000 2940 καὶ
1026 2902 1135 2941 δεινόν.
1164 2905 1235 2940 Dio

223 2977 362 3018 quoque
378 2962 474 3010 ’έςγον
491 2956 773 3008 παρανομώτατον
792 2967 904 2994 vocat.
963 2954 1117 3005 Amplius
1135 2953 1235 2997 dico,

225 3015 366 3068 capitale
376 3009 579 3053 admissum,
605 3007 631 3045 fi
649 3007 829 3045 aestimetur
856 3007 922 3043 hoc
948 3003 1079 3042 fastum
1107 3004 1236 3054 legibus

228 3065 400 3107 Romanis
429 3078 439 3099 ι
462 3072 631 3098 teneretur
655 3059 749 3095 enim
775 3069 879 3108 poena
907 3056 989 3102 legis
1007 3055 1175 3092 Cornelia:
1196 3054 1238 3089 de

225 3101 1019 3163 falsssl.1.D.adLegernCornelianidefalsis.
1037 3104 1240 3147 lxxxviii.
1290 3104 1385 3145 beris.
1415 3106 1513 3153 Ege,
1540 3101 1580 3138 de
1596 3099 1802 3147 Cleopatra.-
1834 3094 2047 3144 &distinguo

1251 2095 1253 2103 ·
1278 2074 1389 2110 multo
1407 2075 1510 2110 etiam
1524 2072 1673 2122 pluribus
1688 2073 1730 2108 de
1752 2071 1819 2122 ipsa
1835 2071 2020 2121 Cleopatra
2050 2085 2059 2106 z

501 335 819 391 testamentum,
853 331 969 395 quod
998 332 1030 376 is
1058 332 1207 377 Romae
1231 330 1356 374 ctiam
1379 327 1430 373 de
1456 328 1678 390 Cleopatra
1695 323 1836 370 liberis
1863 323 1971 367 inter
1989 320 2157 366 heredes
2178 338 2290 366 nun-

2136 387 2292 446 cupatis

1262 467 1307 501 D.
1321 464 1364 500 de
1378 466 1499 514 poenis.
1558 467 1680 501 Taceo
1697 461 1864 499 violatam
1882 459 2029 496 deorum
2061 459 2262 507 religionem
2274 485 2286 500 ,

445 523 675 573 fhcillatam.]
704 523 807 561 Liber
823 534 909 559 unus
916 519 1082 566 fhllitam.
1113 516 1215 553 Folci-
1262 528 1413 564 quorum
1434 513 1662 551 sacerdotibus
1698 511 1932 555 sanetiffimis,
1962 502 2148 560 virginibus
2169 509 2291 546 Vesta-

1267 565 1372 607 libus,
1403 566 1570 600 Antonius
1598 564 1664 599 hoc
1692 563 1936 599 testamentum
1973 560 2203 597 commiserat.
2232 573 2292 596 ne-

1269 628 1334 664 que
1352 611 1414 650 illa:
1437 614 1514 650 sane
1539 613 1759 664 prodiderunt
1778 618 1800 649 ἐ
1828 611 1886 648 sed
1915 612 2041 657 majori
2062 612 2117 654 vi,
2144 611 2222 660 quia
2240 622 2293 646 re-

1270 666 1328 699 niti
1350 678 1421 700 non
1440 676 1616 713 poterant,
1640 665 1752 700 invitae
1771 660 1943 698 cesserunt.
1998 664 2085 698 Non
2104 674 2163 696 me
2183 658 2290 709 fugit,

1271 714 1351 762 quid
1369 728 1431 764 pro
1460 713 1613 764 Augusto
1632 713 1696 748 dici
1733 724 1854 762 queat,
1884 712 1939 748 secl
1981 713 2091 750 verius
2120 710 2186 747 hoc
2207 709 2288 747 nihil

1270 763 1448 813 quisquam
1466 764 1585 800 dixerit
1615 777 1624 798 :
1654 761 1791 799 voluisse
1822 762 1916 798 illum
1942 764 1977 798 in
2003 761 2126 798 odium
2150 764 2187 798 ὅ(
2208 763 2292 799 invi-

1270 813 1364 849 diam
1392 815 1584 850 Antonium
1603 812 1783 849 adducere.
1832 817 1936 848 Erant
1959 825 2075 849 autem
2105 813 2213 861 capita
2242 823 2293 848 te-

1271 862 1430 900 stamenti
1447 865 1605 905 Antonii,
1635 876 1710 911 quae
1732 863 1884 899 maxime
1905 863 2290 911 exagitavitOctavius,

1272 912 1345 950 haec
1364 916 1435 952 tria.
1494 915 1670 955 Primum,
1697 913 1793 961 quod
1819 912 2003 948 Caesarioni
2027 912 2182 948 redderet
2203 912 2292 949 testi-

1269 965 1454 1008 monium,
1485 961 1580 1013 quasi
1616 961 1688 999 filio
1719 962 1859 998 Caesaris
1884 962 2083 998 naturali&
2113 962 2294 1011 legitimo·-

1269 1028 1379 1064 qutun
1402 1016 1429 1052 is
1448 1014 1673 1050 matrimonio
1700 1024 1793 1049 ortus
1821 1025 1893 1048 non
1916 1012 2091 1062 legitimo,
2123 1014 2193 1057 jure
2210 1014 2295 1048 civis

1271 1062 1336 1101 esse
1363 1079 1435 1102 non
1468 1062 1593 1115 pollet,
1624 1062 1680 1099 sed
1709 1064 1905 1113 peregrinus
1943 1074 2078 1098 tantum
2108 1090 2119 1103 ‚
2149 1062 2294 1112 proinde

1270 1127 1392 1164 capere
1411 1115 1601 1166 qtiithuam
1619 1113 1661 1149 de
1681 1112 1780 1149 bonis
1798 1114 1879 1150 civis
1888 1113 2043 1148 Romani
2063 1125 2135 1148 non
2145 1124 2291 1162 poterat.

1271 1165 1452 1210 Alterum,
1508 1165 1578 1201 uod
1614 1164 1760 1214 reliquos
1780 1163 1973 1213 Cleopatra:
1999 1162 2126 1199 liberos
2153 1162 2296 1199 stunmis

1272 1214 1434 1254 affecisset
1473 1180 1592 1265 elogiis
1616 1219 1653 1251 δ(
1682 1213 1892 1256 honoribus,
1921 1213 2024 1263 iisque
2047 1213 2190 1263 plurima
2213 1226 2295 1249 con-

1271 1277 1321 1302 tra
1336 1266 1429 1318 leges
1447 1262 1634 1317 reliquisset.
1665 1265 1867 1307 Postremo,
1900 1263 1994 1313 quod
2018 1260 2150 1310 juslisset
2169 1276 2296 1313 corpus

1270 1315 1390 1360 suum,
1422 1317 1614 1366 ubicunque
1631 1316 1723 1351 mori
1740 1313 1800 1365 ipsi
1819 1312 2027 1364 contigisset,
2053 1313 2298 1352 Alexandriam

1272 1365 1419 1410 deferri,
1449 1371 1488 1404 &c
1502 1380 1584 1404 cum
1604 1366 1808 1416 Cleopatra,
1834 1364 2045 1415 quandoque
2064 1362 2137 1400 fato
2155 1363 2270 1401 funeta
2283 1391 2296 1408 ,

1271 1416 1412 1466 sepeliri.

1327 1468 1429 1517 Qod
1442 1468 1469 1505 is
1485 1474 1587 1505 Roma
1602 1466 1745 1516 etiam]
1794 1466 2063 1504 Testamentum
2090 1465 2231 1502 Antonii
2248 1462 2298 1501 fa-

1273 1520 1368 1555 &um
1379 1518 1426 1555 est
1438 1518 1670 1562 Alexandriae,
1701 1517 1757 1554 sed
1775 1517 1922 1568 pluribus
1942 1515 2107 1564 exemplis
2128 1531 2138 1552 ι
2171 1529 2296 1552 eorum

1272 1582 1379 1606 unum
1396 1569 1442 1606 ibi
1457 1569 1684 1612 custoditum,
1712 1569 1858 1605 alterum
1866 1571 2028 1604 Romam
2045 1565 2195 1603 missum.
2216 1566 2295 1604 vide

1271 1621 1439 1656 Dionem.
1497 1623 1583 1656 Non
1601 1620 1697 1669 igitur
1711 1619 1786 1656 satis
1804 1630 1882 1669 apte
1901 1630 1957 1654 aut
1976 1630 2058 1656 vere
2083 1616 2218 1659 noster,
2245 1629 2297 1652 re-

1272 1670 1419 1720 liquerat
1449 1685 1459 1705 :
1489 1683 1572 1706 nam
1590 1670 1734 1706 dubium
1752 1682 1825 1706 non
1841 1668 1908 1711 est,
1939 1669 2021 1718 quin
2047 1667 2122 1718 post
2142 1679 2184 1703 ea
2210 1679 2298 1703 tern-

1274 1733 1358 1771 pora
1375 1720 1536 1770 scripserit
1562 1721 1730 1758 Antonius
1748 1720 1780 1757 id
1800 1719 2043 1756 testamentum
2055 1746 2066 1761 ,
2095 1717 2216 1767 quibus
2231 1730 2299 1754 no·-

1274 1771 1410 1809 vissime
1429 1772 1463 1807 in
1478 1772 1562 1807 urbe
1578 1770 1648 1807 fnit.

1332 1828 1385 1858 De
1411 1821 1586 1868 Cleopatrae
1618 1821 1729 1856 liberis
1766 1820 1853 1857 inter
1887 1818 2021 1854 heredes
2058 1815 2298 1866 nuncupatis]

1277 1874 1403 1923 Scripta
1424 1872 1543 1914 leffio,
1572 1869 1624 1913 Εἴ
1635 1872 1674 1906 de
1685 1870 1739 1906 Cl.
1757 1869 1813 1906 lib.
1847 1869 1891 1906 fic
1909 1869 2036 1918 optimi
2053 1869 2175 1918 quique
2194 1867 2295 1904 codd.

1277 1935 1321 1958 an
1334 1936 1456 1960 verum
1472 1922 1519 1957 est
1530 1951 1540 1965 ,
1566 1921 1654 1970 quod
1670 1922 1698 1956 is
1716 1927 1817 1956 Romo
1832 1921 1937 1956 etiam
1955 1920 1995 1954 de
2010 1918 2187 1966 Cleopatra
2202 1947 2212 1960 ,
2244 1915 2298 1959 ξδ’

1278 1974 1318 2008 [le
1327 1973 1433 2021 Cleq).
1448 1971 1528 2009 lib.?
1559 1984 1670 2021 neque
1688 1971 1782 2006 enim
1801 1970 1844 2006 de
1862 1970 1974 2006 liberis
1999 1980 2132 2005 tantum
2151 1968 2299 2017 Cleopa-

1278 2035 1337 2060 trae
1366 2025 1401 2059 in
1430 2022 1623 2058 testamenti
1651 2021 1695 2057 sui
1724 2020 1843 2057 tabulis
1870 2030 1987 2070 egerat
2022 2020 2211 2062 Antonius,
2242 2018 2299 2054 sed

2086 2081 2121 2106 ut
2140 2083 2222 2105 cum
2254 2068 2299 2105 illi

1280 2124 1529 2161 bibliothecam
1565 2136 1689 2172 regum
1724 2123 1913 2172 Pergami,
1953 2119 2046 2156 velut
2070 2120 2172 2168 legati
2199 2122 2267 2165 jure
2284 2148 2299 2162 ,

1280 2176 1431 2212 donabat
1446 2191 1454 2212 :
1481 2178 1518 2210 ὃς
1533 2187 1612 2209 cum
1625 2187 1748 2222 corpus
1767 2173 1880 2215 suum,
1899 2171 2092 2220 ubicunque
2109 2169 2173 2219 ipsi
2190 2170 2300 2206 conti·-

1278 2224 1373 2275 gisset
1388 2227 1498 2268 mori,
1512 2224 1754 2260 Alexandriam
1765 2222 1953 2259 mandabat
1963 2220 2105 2262 deferri,
2118 2232 2153 2256 ut
2169 2220 2298 2256 eodem

1280 2277 1415 2313 tumulo
1439 2289 1520 2312 cum
1540 2274 1724 2326 Cleopatra
1737 2273 1949 2312 conderetur.
1981 2270 2057 2320 lege
2077 2270 2303 2308 Plutarchtun

1280 2331 1317 2364 ὃ(
1335 2329 1492 2364 Dionem
1511 2325 1570 2362 lib.
1583 2337 1616 2362 1..

1636 2426 1940 2460 VARIOR.

1342 2513 1394 2544 17.
1417 2497 1510 2533 Male
1521 2491 1748 2542 si>cillatam.]
1776 2494 1797 2529 i.
1811 2506 1840 2529 e.
1867 2491 1990 2529 fotam.
2013 2491 2161 2538 afhveO,
2181 2489 2301 2534 focus,

1272 2550 1382 2596 fhcnlo
1393 2549 1529 2595 ‚similla
1540 2544 1807 2582 Onomasticum
1821 2557 1830 2578 :
1850 2543 1981 2584 Foclllo,
1992 2555 2026 2577 or
2034 2570 2044 2585 ,
2057 2537 2298 2583 ἀναλκμέοὲνω.

1283 2600 1405 2638 Idem:
1426 2597 1562 2639 foculo,
1582 2597 1732 2634 rifi-meas.
1763 2593 1829 2628 hoc
1849 2593 1915 2635 est,
1942 2591 2056 2629 foveo.
2087 2594 2219 2632 Guitr.

1340 2649 1436 2684 Male
1446 2643 1677 2693 focillatam]
1703 2642 1926 2679 Casaubonus
1945 2654 1964 2677 a
1990 2641 2145 2677 faucibus
2168 2639 2300 2676 videtur

1285 2700 1476 2741 declinare,
1504 2696 1560 2733 sed
1576 2696 1638 2738 ,alii
1657 2691 1789 2731 fortasse
1819 2690 2302 2741 probabiliusj'ocillnre.dimi-

1286 2752 1440 2788 nutivum
1459 2747 1585 2783 faciunt
1605 2758 1623 2781 a
1633 2743 1785 2792 fomlare
1816 2744 1828 2790 (
1849 2742 1904 2779 seu
1912 2741 2082 2788 focilare)
2113 2740 2204 2789 apud
2223 2742 2301 2776 No-

1289 2803 1405 2842 nium,
1433 2800 1498 2835 hoc
1517 2796 1585 2840 est,
1606 2796 1724 2833 fovere
1736 2824 1748 2838 ,
1775 2793 1903 2830 blando
1914 2792 2026 2829 calore
2038 2791 2249 2841 permulcere
2260 2803 2300 2827 ac

1286 2850 1437 2888 reficere.
1470 2847 1503 2884 id
1521 2859 1638 2884 autem
1655 2860 1727 2882 non
1744 2858 1762 2880 a
1774 2844 1867 2890 faux
1879 2873 1890 2888 ‚
1919 2843 2005 2881 seda
2013 2844 2128 2889 ficus,
2145 2841 2278 2888 foculus
2287 2868 2299 2884 ,

1282 2903 1395 2939 oritur.
1453 2902 1622 2935 BERNEC.

1339 2951 1440 3000 Qod
1458 2950 1485 2985 is
1505 2954 1608 2986 Roma
1620 2947 1725 2984 etiam
1742 2945 1781 2981 τῖε
1791 2940 2121 2991 Cleopatraelilsserisff
2152 2944 2305 2977 Torren-

1287 3005 1350 3039 tius
1372 3000 1533 3052 expungit
1560 2999 1594 3035 τὶ)
1617 3000 1669 3035 de.
1727 2995 1969 3036 Qffaubonus,
2000 2994 2040 3028 (le
2056 2997 2231 3039 Cleopatra
2247 2988 2300 3032 ’δ’

1289 3056 1328 3090 <le
1339 3052 1513 3100 Oleofatrae
1529 3049 1650 3086 Ill-eris.
1694 3046 1942 3083 Freinshemius
1962 3059 1972 3079 ε
2001 3043 2177 3090 Cleopatra
2196 3038 2248 3096 ξδ’
2262 3040 2303 3075 li-

2075 3107 2084 3130 :
2111 3104 2187 3141 quos
2205 3104 2231 3126 ι»-
2241 3095 2304 3124 Ro-

2227 3152 2284 3177 mae
2292 3166 2307 3183 ,

1726 3151 1760 3189 R
1791 3162 1806 3193 3
