2504 3425
279 218 358 284 8²4
601 179 2037 260 IRANcYRANUMMARMOR.4

281 322 380 363 nus
405 298 616 376 Josephi
645 303 790 348 vetus
813 287 1060 354 interpres
1086 275 1317 332 eaverba
1344 268 1530 327 omisit.
1610 269 1714 324 Sed
1747 272 1931 329 docuit
1970 293 2062 330 nos
2100 276 2157 331 in
2184 295 2374 352 magno

281 395 439 452 opere
472 376 554 426 De
574 361 824 421 emendat.
864 367 1161 427 temporum
1188 347 1439 423 Josephus
1453 343 1715 417 Scaliger,
1753 346 1968 400 unicum
1992 350 2274 405 litterarum
2289 352 2378 406 de-

284 469 403 512 cus,
442 439 719 516 legendum
744 429 842 485 effe
866 429 1046 492 Ἀγκύρῃ.
1081 442 1185 497 qua
1212 420 1503 495 conjeC'fflra
1527 436 1645 472 meo
1664 418 1868 491 judicio
1884 419 2016 472 nihil
2031 426 2227 478 certius.
2271 423 2389 478 Etsi

283 523 418 578 subit
444 514 646 574 mirari,
684 524 775 561 cur
800 515 1079 557 commune
1109 495 1238 551 Afiae
1263 496 1310 549 ei
1339 494 1514 566 potius
1539 491 1740 545 civitati
1768 490 1913 545 illum
1932 492 2179 548 honorem
2195 498 2381 551 habue-

285 598 350 649 rit
366 631 383 656 ‚
423 605 581 661 quam
606 577 817 655 Epheso
835 615 851 641 ‚
889 593 1007 648 quae
1033 585 1137 625 erat
1166 589 1258 643 per
1291 568 1380 622 illa
1417 580 1653 637 tempora
1690 564 1913 628 πρόσχημα
1951 570 2004 619 ὃς
2030 565 2172 618 velut
2198 586 2382 624 metro-

285 667 422 741 polis
453 659 594 713 Afiae.
674 655 746 708 At
778 653 983 722 Ancyra
1013 664 1116 699 non
1147 642 1276 697 Afiae
1294 680 1309 707 ‚
1348 639 1433 693 sed
1459 639 1677 692 Galatiae
1702 653 1905 694 tantum
1931 638 2231 710 metropolis
2267 657 2382 695 erat„⁷

286 738 390 795 Sed
420 730 582 788 cauffa
607 723 811 782 fortasse
838 723 972 785 fuit,
1013 717 1161 791 quod
1177 714 1438 790 Augustus
1464 712 1713 785 peculiari
1739 733 1858 767 cura
1884 717 1936 766 &
1966 730 2142 765 amore
2159 711 2289 766 hanc
2305 733 2384 766 ur.

288 814 405 866 bem
435 804 839 883 prosequeretur.
919 793 1150 866 Reperio
1177 791 1320 843 enim
1344 788 1498 841 etiam
1524 786 1853 840 conditorem
1870 787 2088 858 Ancyrae
2104 785 2393 858 Augustum

288 882 473 940 fuisse:
525 881 668 949 cujus
695 874 767 927 rei
804 869 1067 924 austorem
1107 863 1272 918 habeo
1308 861 1597 929 johannem
1633 860 1908 914 Tzetzem:
1938 896 1954 921 ‚
2009 858 2104 929 qui
2141 859 2198 911 id
2237 872 2397 912 narrat

290 953 537 1013 Chiliade
561 951 757 1022 prima,
795 943 966 1015 capite
992 940 1059 993 de
1083 936 1254 993 Mida.
1332 933 1485 987 Olim
1509 950 1614 984 non
1651 936 1818 987 totiusv
1837 931 2052 987 Galatiae
2069 968 2085 993 2
2124 928 2210 984 sed
2241 932 2398 1004 partis

290 1044 496 1085 tantum
522 1019 880 1091 Te&osagt1m=
906 1011 1209 1085 metropolis
1247 1027 1306 1061 ea
1330 1005 1448 1059 urbs
1474 1002 1578 1057 fuit
1605 1025 1615 1057 :
1657 1022 1834 1058 verum
1860 1003 2137 1077 postquam
2167 1017 2275 1058 tota
2289 1005 2397 1058 Ga-

293 1105 413 1158 l'atia
441 1117 532 1172 per
556 1092 847 1167 Augustum
876 1089 938 1140 in>
957 1103 1111 1139 unam
1140 1080 1465 1154 provinciam
1488 1076 1560 1130 est
1572 1076 1772 1132 redasta
1788 1117 1804 1141 ‚
1841 1077 1999 1130 totius
2014 1074 2227 1130 Galatiae
2241 1091 2415 1150 caput·

297 1175 397 1231 effe
426 1169 621 1241 coepit:
662 1163 811 1236 quod
839 1177 944 1213 non
969 1175 1035 1210 ex
1060 1155 1309 1209 Strabone
1335 1149 1494 1204 discas
1510 1186 1527 1212 ,
1564 1166 1722 1219 quem
1737 1148 2030 1203 mirarisatis
2046 1168 2149 1202 non
2165 1150 2369 1222 poffum
2383 1188 2417 1214 ,vs

300 1266 405 1303 tam
432 1246 599 1298 levem
629 1239 811 1292 harum
840 1249 1010 1287 rerum
1038 1225 1211 1282 fecisse
1241 1224 1586 1279 mentionem:
1630 1219 1717 1277 sed
1742 1242 1808 1277 ex
1834 1222 1922 1276 ista
1935 1223 2093 1276 veteri
2107 1223 2400 1298 inscriptio&

301 1341 364 1376 ne
377 1359 395 1386 ,
432 1332 591 1391 quam
607 1314 795 1370 Roma:
818 1305 1010 1362 exstare
1035 1300 1336 1355 testimonio
1361 1296 1638 1352 dostorum
1661 1297 1891 1353 virorum
1914 1293 2159 1350 discimus
2171 1317 2197 1351 .;,

800 1396 845 1430 A.
901 1392 931 1427 Φ
964 1393 996 1426 A
1016 1391 1043 1424 B
1074 1388 1089 1423 1
1117 1388 1150 1423 o
1183 1388 1223 1423 N

954 1457 989 1493 K
1009 1455 1036 1490 E
1055 1453 1071 1488 1
1095 1454 1130 1489 A
1150 1454 1189 1488 ς).
1210 1454 1248 1489 N
1276 1454 1310 1488 A

810 1525 967 1563 ’roN
1014 1517 1640 1557 AA-MHPOTATONV

865 1585 1244 1627 EHAPXON
1291 1583 1568 1618 ΡΩΜΗΟ,

926 1651 1279 1693 ΥΠΑτοΝ.
1330 1649 1439 1685 το.
1483 1650 1525 1684 Β.

841 1725 891 1759 H.
935 1717 1133 1758 MHTP
1162 1717 1260 1752 on
1289 1713 1479 1754 onie

883 1789 1039 1824 Tne.
1085 1780 1485 1820 [AAATIAC.

1029 1849 1340 1887 ANKYPA

888 1922 919 1955 τ
949 1920 982 1954 o
998 1920 1048 1954 ,N
1094 1917 1120 1951 E
1147 1917 1178 1949 A
1203 1920 1236 1949 Y
1259 1918 1290 1950 T
1314 1915 1346 1948 H
1365 1917 1394 1947 c

861 1985 899 2020 n
919 1985 944 2019 P
969 1985 1002 2019 o
1030 1988 1058 2019 c
1084 1984 1115 2017 T
1142 1983 1172 2015 A
1194 1982 1225 2016 T
1248 1981 1281 2015 H
1306 1981 1358 2016 N.

321 2048 480 2104 Hinc⁴
498 2044 570 2100 est
596 2040 743 2116 quod
771 2039 990 2110 legimus
1015 2035 1156 2108 apud
1184 2033 1400 2087 Suidam
1430 2068 1445 2094 ,
1484 2031 1765 2105 Ancyranos
1793 2028 1959 2083 dietos
1988 2023 2086 2079 effe
2112 2061 2129 2088 ,
2165 2024 2261 2095 qui
2286 2024 2415 2077 olirn

322 2120 708 2194 appellabantur
731 2109 1105 2173 Ἑλληνογαλάται.
1171 2106 1371 2161 Αιιθεοι·
1396 2105 1645 2157 Itinerarii
1658 2100 1995 2172 antiquiffimi
2010 2119 2038 2151 a
2052 2099 2205 2151 Petro
2218 2096 2420 2150 Pithaeo

321 2196 449 2248 editi
478 2230 495 2256 ,
548 2192 683 2245 hanc
708 2188 888 2241 urbem
916 2203 1185 2256 nunquam
1212 2181 1518 2250 Ancyram»,
1568 2174 1866 2246 simpliciter
1894 2194 1903 2226 :
1956 2171 2040 2224 sed
2069 2169 2281 2241 semper·
2301 2188 2425 2222 cum

323 2266 611 2338 adjestione
634 2264 894 2334 Ancyram
921 2259 1179 2312 Galatiam
1205 2266 1292 2307 aut
1315 2250 1532 2304 Galatiae
1560 2248 1805 2300 nominat.
1882 2244 2221 2299 Similiter&
2250 2240 2444 2295 Graeci-

314 2341 515 2404 Ἄγκυραν
536 2345 603 2390 τῆς
624 2341 862 2393 Γαλατίας,
893 2347 953 2386 ut
978 2331 1119 2404 apud
1146 2324 1503 2401 Epiphanium
1531 2320 1666 2374 libro
1698 2339 1720 2372 Ι
1737 2337 1757 2372 1
1776 2338 1820 2372 1.
1860 2318 1915 2370 in
1931 2315 2185 2370 Marcello
2198 2315 2424 2387 Ancyra-

328 2434 398 2470 no
423 2437 434 2468 ς
475 2413 558 2468 vel
587 2430 687 2464 una
714 2426 845 2465 voce
864 2410 1270 2470 ’Aynupoyommloev‚
1301 2410 1359 2451 ut
1384 2394 1524 2468 apud
1537 2390 1868 2447 Athanasium
1895 2391 1949 2443 in
1975 2387 2190 2461 epistola
2201 2388 2425 2458 quadam

329 2503 535 2562 patrum
563 2479 948 2538 Sardicenfium.
1026 2477 1248 2531 Mortuo
1276 2468 1511 2543 Augusto
1537 2467 1667 2538 quin
1693 2464 1853 2519 multa
1880 2459 2146 2516 ambitiose
2159 2460 2361 2515 decreta
2372 2462 2428 2515 in

333 2565 439 2633 ejus
467 2560 719 2613 honorem
746 2554 938 2608 fuerint
979 2556 1031 2605 δ’(
1062 2551 1279 2622 Ancyrae
1313 2548 1365 2597 &
1394 2544 1448 2595 in
1471 2541 1587 2594 aliis-
1615 2537 1870 2611 plerisque
1894 2536 2111 2609 oppidis
2137 2535 2428 2606 provincia·-

335 2653 450 2689 rum
468 2672 484 2698 ‚
522 2649 677 2685 nemo
703 2627 961 2681 dubitabit
978 2663 994 2688 ‚
1025 2623 1121 2695 qui
1136 2636 1315 2676 eorum
1330 2631 1626 2687 temporum
1641 2611 1955 2665 adulationes
1980 2608 2196 2662 noverit.
2271 2607 2433 2660 Tunc

337 2707 586 2778 temporis
611 2702 849 2757 videntur
877 2695 1134 2769 Ancyrani
1165 2699 1217 2748 ὃς
1246 2687 1445 2764 petiisse
1471 2692 1522 2741 δε
1549 2681 1832 2757 impetrasse
1872 2702 1901 2735 a
1925 2678 2431 2736 senatu'facultatem

339 2776 669 2833 transferendi
696 2775 749 2827 in
775 2772 1030 2844 ternplum
1049 2765 1269 2841 Augusti
1297 2760 1445 2834 quod
1469 2761 1522 2812 in
1546 2758 1770 2830 ipsorum
1795 2757 1919 2810 urbe
1942 2769 2046 2810 erat
2064 2792 2079 2818 ,
2114 2752 2252 2806 hunc
2265 2767 2430 2804 rerum

341 2851 591 2922 gestarum
614 2851 720 2919 ejus
747 2846 972 2900 indicem
993 2882 1010 2908 ,
1062 2858 1221 2912 quem
1262 2853 1417 2891 manu
1444 2833 1745 2886 Graecorum
1782 2830 1974 2902 linguae
2007 2826 2204 2881 Latinae
2232 2822 2449 2895 prorsus·

343 2923 704 2993 imperitorum
728 2917 874 2972 fuisse
901 2917 983 2970 vel
1010 2917 1198 2969 Romae
1225 2908 1539 2979 descriptum
1555 2942 1572 2968 ‚
1610 2904 1693 2957 vel
1716 2902 1892 2976 postea
1916 2901 2168 2972 sculptum
2186 2932 2203 2959 ,
2225 2911 2313 2947 tres
2327 2896 2429 2948 cla„

345 3008 451 3049 mat
484 2991 587 3064 ipsa
613 3013 623 3044 :
676 2991 805 3043 adeo
834 2991 995 3043 multa
1018 2987 1131 3039 sunt
1157 2998 1423 3058 perperam
1448 2985 1500 3033 &
1531 2991 1708 3032 contra
1731 2994 1942 3030 omnem
1982 2969 2313 3027 Latinitatem
2340 2986 2429 3021 ex-

339 3063 521 3142 pressa.
595 3063 769 3115 Multa
795 3063 847 3114 in
871 3062 973 3114 hoc
1009 3058 1321 3111 nobiliffimo
1359 3050 1623 3108 vetustatis¹
1657 3061 1996 3102 monumento
2030 3057 2194 3111 nuper
2230 3040 2437 3094 erudite·

345 3132 692 3198 animadversa
714 3132 827 3186 sunt
854 3134 915 3185 ab
941 3129 1282 3185 eruditiiiimo
1320 3123 1696 3202 clariflimoque
1720 3123 1830 3172 viro
1854 3117 1999 3191 Justo
2032 3110 2236 3187 Lipfio:
2278 3132 2449 3168 cona--

344 3214 521 3268 'bimur
547 3214 599 3265 &
626 3223 719 3263 nos
746 3206 973 3278 aliquam
999 3204 1079 3257 illi
1107 3203 1279 3256 lucem
1301 3215 1366 3254 ex
1393 3195 1602 3251 historia
1630 3191 1837 3249 adferre.
