2504 3425
234 148 344 219 708
561 145 1249 201 C.SuET0N11

1325 138 2055 210 TRANQUILLI

226 253 389 303 patrum
408 273 421 295 ‚
469 238 668 301 quosdam
690 255 712 282 e
732 234 1011 298 grammaticis
1033 230 1168 277 statim
1201 244 1223 273 e
1247 227 1348 274 ludo
1373 230 1552 277 transisse
1572 233 1617 278 in
1640 232 1781 294 forum
1802 272 1815 293 ‚
1868 252 1988 302 atque
2023 241 2068 286 in
2101 257 2322 289 numerum

229 300 648 367 praestantissimorum
669 313 936 362 patronorum
953 309 1154 360 receptos.
1220 292 1336 340 Clari
1360 293 1631 357 professores,
1666 301 1710 343 δι
1730 298 1943 362 dequibus
1966 304 2084 366 prodi
2101 305 2222 369 poffit
2246 308 2324 353 ali-

232 368 336 431 quid
356 367 549 411 duntaxat
570 384 591 410 a
616 364 765 417 nobiS,
800 358 887 405 fere
913 359 958 405 hi
988 358 1172 406 fuerunt.

295 431 447 478 Saevius
471 429 661 473 Nicanor
681 427 838 489 primus
855 424 904 470 ad
926 422 1080 470 famam
1104 425 1480 487 dignationemque
1499 422 1691 471 docendo
1715 429 1905 490 pervenit
1927 446 1937 474 z
1972 428 2160 496 fecitque
2185 449 2327 499 praeter
2353 451 2375 496 ς·

231 493 571 548 commentarios,
609 506 790 554 quorum
820 501 957 534 tamen
981 506 1069 552 pars
1091 490 1272 535 maxima
1295 491 1521 553 intercepta
1546 488 1725 551 dicitur,
1758 489 1926 555 satyram
1946 511 2141 559 quoque:
2176 502 2231 563 in*
2247 519 2328 566 qua

230 557 473 604 libertinum
497 555 535 600 ie
558 555 714 618 duplici
739 554 998 617 cognomine
1018 554 1096 600 effe
1115 554 1195 600 hoc
1219 554 1400 601 indicat:

440 623 590 665 Saevius
621 622 812 665 M'canor
846 619 993 664 Marci
1025 618 1185 665 libertus
1217 618 1403 684 negabit:

440 686 587 731 Savius
621 684 864 748 Posthumius
897 684 1004 730 idem
1026 685 1102 747 sed
1134 689 1309 731 Marcus
1341 684 1502 732 docebit.

230 754 336 799 Sunt
359 749 436 813 qui
455 749 615 795 tradant
636 749 694 795 ob
715 747 934 795 infamiam
953 749 1164 813 quandam
1188 767 1285 796 eum
1310 751 1354 796 in
1378 751 1608 798 Sardiniam
1627 749 1842 808 secessisse,
1879 752 2022 819 ibique
2043 752 2157 802 diem
2175 755 2335 806 obiisse.

291 814 492 862 Aurelius
516 814 897 878 OpiliusEpicurei
918 813 1127 874 cujusdam
1148 815 1341 873 libertus,
1374 814 1681 881 philosophiam
1701 818 1865 881 prime,
1898 819 2048 867 deinde
2061 819 2333 884 rhetoricam,
2355 834 2385 873 6

228 878 449 927 novissime
493 879 801 942 grammaticam
844 879 1000 925 docuit.

1068 878 1248 926 Dimissa
1281 895 1418 927 autem
1452 880 1611 940 schola,
1646 882 1857 930 Rutilium
1890 883 2060 933 Rufum
2095 886 2336 937 damnatum

226 947 273 991 in
308 943 451 989 Asiam
484 944 669 1001 secutus,
703 942 861 989 ibidem
882 947 1064 1007 Smyrnae
1088 943 1291 1008 simulque
1314 944 1557 993 consenuit:
1590 947 1911 1013 composuitque
1946 952 2065 999 variae
2087 953 2336 1004 eruditionis

227 1010 389 1072 aliquot
421 1008 638 1054 volumina
659 1043 673 1064 ‚
708 1025 757 1053 ex
790 1009 944 1071 quibus
976 1026 1132 1058 novem
1167 1013 1289 1055 unius
1324 1013 1509 1073 corporis
1531 1045 1545 1064 ‚
1592 1028 1666 1075 qul
1691 1049 1704 1069 ‚
1736 1016 1835 1081 quia
1866 1012 2081 1077 scriptores
2113 1033 2160 1062 ac
2194 1034 2338 1081 poetas

226 1073 302 1120 iub
328 1073 519 1119 clientela
537 1072 751 1118 Musarum
775 1072 995 1132 judicaret,
1030 1090 1118 1118 non
1143 1073 1312 1119 absurde
1336 1079 1378 1119 δε
1404 1074 1595 1137 scripfiffe
1618 1080 1663 1121 δι
1687 1075 1827 1123 fecisse
1846 1075 1885 1124 se
1909 1081 1965 1124 ait
1987 1096 2036 1125 cx
2058 1097 2238 1130 numero
2252 1086 2341 1133 Di-

227 1155 374 1186 varum
393 1141 437 1182 &
461 1137 751 1197 appellatione.

818 1138 959 1196 Hujus
979 1152 1220 1200 cognomen
1239 1138 1442 1199 plerisque
1467 1138 1676 1184 indicibus
1700 1145 1744 1186 &
1763 1143 1894 1188 titulis
1917 1159 1990 1204 per
2010 1160 2136 1191 unam
2159 1145 2338 1199 litteram

225 1201 418 1264 scriptum
439 1199 746 1248 animadverto:
785 1217 931 1250 verum
957 1199 1041 1264 ipse
1065 1200 1107 1248 id
1127 1218 1201 1264 per
1221 1202 1320 1249 duas
1341 1200 1459 1249 effert
1482 1204 1528 1248 in
1552 1201 1820 1265 parastichide
1844 1206 1978 1254 libelli
2001 1226 2011 1254 ι
2044 1211 2117 1273 qui
2140 1210 2337 1262 inscribi-

229 1280 294 1311 tur
319 1264 529 1312 PINAX.

807 1404 828 1439 S
860 1414 882 1439 T
909 1415 931 1439 A
958 1415 1001 1441 T..

286 1474 318 1506 5.
332 1464 493 1510 satyram
505 1474 648 1511 quoque,
665 1463 703 1498 in
715 1474 784 1512 qua
794 1461 1035 1513 libertinamse‘
1045 1493 1058 1509 ,
1080 1464 1255 1514 acdccplici

229 1513 417 1560 cognomine
435 1513 491 1560 effe
508 1514 564 1549 hoc
584 1511 752 1561 indicam]
802 1512 921 1550 Placet
935 1513 1039 1552 lectio
1063 1526 1134 1554 vet.
1149 1517 1254 1566 impr.

228 1568 270 1598 In
288 1574 358 1611 qua
374 1562 615 1611 libertinumse
632 1563 756 1612 duplici
776 1567 963 1613 cognomine
979 1565 1034 1614 effe
1042 1575 1104 1615 per
1123 1566 1182 1603 hoc
1199 1568 1252 1603 in-

227 1612 333 1650 dicat.
393 1615 516 1651 Horat.
555 1627 695 1665 quoque
732 1614 767 1651 in
796 1629 859 1652 11..
900 1618 1011 1655 Serm.
1054 1616 1098 1655 de
1135 1617 1256 1663 servo,

229 1663 377 1714 opinor:

343 1719 526 1764 Tanquam
543 1715 670 1753 habeas
688 1719 759 1754 tria
772 1718 923 1755 nomina.

284 1765 406 1801 Sevius
435 1767 589 1803 Nicanor
616 1768 735 1804 Marci
759 1766 899 1805 libertus
918 1798 940 1813 ,⁴
971 1769 1105 1819 negabit
1133 1772 1256 1807 Sevius

231 1815 442 1859 Pofihumius
468 1818 571 1855 idem.
630 1823 687 1854 At
714 1824 857 1855 Marcus
895 1820 1056 1869 dorchia]
1117 1825 1159 1858 In
1188 1833 1257 1859 vet.

231 1865 318 1913 imp.
375 1869 499 1903 savius
518 1867 768 1914 Posthumusac
788 1874 942 1908 Marcus.
971 1871 1006 1907 iu
1026 1872 1258 1923 manuscripto

232 1914 362 1959 altero,
391 1917 527 1953 servius
540 1918 607 1964 post
626 1918 742 1967 husus.-
775 1920 810 1955 in
821 1919 928 1956 altero
942 1950 954 1965 ,
971 1923 1109 1959 Servius
1112 1923 1178 1970 post
1190 1924 1255 1960 lois.

232 1969 311 2015 Ego
332 1978 415 2003 vero
443 1966 556 2004 versus
588 1980 607 2003 e
636 1971 754 2017 Satyra
771 1971 954 2008 Nicanoris
984 1973 1048 2009 hos
1074 1972 1139 2010 elle
1162 1985 1264 2025 puta-⁷

233 2016 320 2051 bam
334 2045 347 2061 ,
383 2017 497 2067 itaque
519 2017 770 2055 constituebam
785 2048 797 2063 ,
832 2025 955 2057 Sevius
975 2025 1126 2060 Nicanor
1143 2026 1260 2061 Marci

232 2066 391 2111 libertus,
413 2068 553 2117 negavit
570 2069 692 2106 Sevius
711 2069 925 2117 Postumius„
944 2073 991 2120 ast
1006 2074 1097 2112 idem
1117 2080 1261 2113 Marcus

235 2116 374 2155 docebit.
949 2128 953 2130 ’

293 2175 326 2204 6.
351 2173 474 2205 Verum
496 2168 559 2217 ipse
577 2169 614 2205 id
625 2177 683 2218 per
701 2170 788 2207 duas
801 2170 891 2220 effert
911 2171 949 2207 in
969 2174 1199 2222 Paraffichicla
1218 2177 1259 2215 li-

234 2217 356 2262 hellis,
386 2220 447 2268 qui
464 2218 658 2267 inscribitur
679 2221 834 2270 Pinax.]
894 2224 976 2260 Vet.
1006 2225 1109 2275 impr.
1139 2229 1176 2263 in
1200 2237 1260 2277 pa-

234 2268 414 2315 rastichide
441 2269 569 2307 libelli..
591 2270 669 2320 leg..
693 2272 732 2307 in
750 2272 979 2320 parastichide
995 2303 1006 2318 ,
1045 2287 1080 2312 ut
1121 2289 1191 2314 erat
1226 2280 1259 2316 in

236 2318 474 2370 manuscriptis
489 2348 514 2364 ,v
531 2320 587 2361 vel
604 2320 806 2371 prostichide
833 2322 958 2369 libelli,
983 2327 1042 2375 qui
1065 2327 1260 2375 inscribitur

236 2371 362 2407 Pinax..

462 1401 748 1440 Acn1tt.

618 2434 656 2470 V
680 2445 695 2470 1
726 2446 750 2470 N
779 2445 801 2471 E
833 2448 868 2473 T.

300 2482 665 2530 5.SaeviusNicanor.]
691 2485 778 2529 Hic,
799 2499 872 2524 non
890 2486 1016 2532 video,
1044 2489 1258 2528 curessenon

243 2530 362 2580 poffit,
392 2535 449 2583 qui
468 2534 610 2569 Suevias
628 2563 638 2578 ,
671 2537 706 2573 V
738 2549 802 2584 pro
821 2538 849 2573 A
871 2566 882 2581 ,
909 2538 1028 2576 dicitur
1046 2540 1132 2577 libro
1157 2544 1258 2579 tertio

241 2586 278 2617 ὃς
304 2582 398 2619 sexto
423 2584 693 2622 saturnaliorum
724 2588 902 2625 Macrobii.
944 2593 1037 2636 cujus
1064 2591 1177 2629 versus
1202 2594 1260 2629 ali-

240 2646 326 2679 quot
337 2633 544 2672 adducturus
563 2635 761 2673 Macrobius
777 2667 790 2682 ,
824 2650 966 2688 poetam
985 2641 1091 2692 longe
1109 2641 1259 2680 doctiffi-

243 2696 341 2720 mum
355 2685 512 2735 appellat.

295 2742 326 2768 6.
336 2785 341 2789 ¹
353 2736 518 2772 Aurelius
529 2737 668 2786 Opilius.
679 2739 696 2787 ]
719 2741 787 2788 Qri
799 2739 932 2781 Car-isso
943 2745 979 2781 ὃς
991 2742 1086 2781 Festo
1102 2742 1259 2796 frequen-

246 2792 295 2817 ter
314 2796 454 2824 citatur..

548 2854 579 2887 C
609 2865 626 2888 A
660 2866 676 2889 s
705 2866 727 2892 Α
757 2869 781 2893 υ
812 2867 831 2892 Β
859 2870 882 2894 0
910 2870 948 2896 N.

298 2898 374 2944 Qo
389 2898 470 2933 (lam
503 2913 518 2934 e
551 2907 786 2948 grammaticis
808 2907 928 2952 statim
957 2908 1075 2947 eludo
1112 2908 1260 2958 tran-fisse

244 2947 280 2981 in
300 2945 455 2993 formu]
495 2951 661 2988 Posterius
686 2968 700 2988 e
721 2957 816 2993 abest
839 2970 857 2993 a
889 2959 1076 2999 Mediolau.
1123 2963 1261 3010 Legen—

246 2996 329 3032 dum
357 2998 505 3033 omnino
533 3013 613 3035 cuin
643 3003 732 3040 libris
764 3007 902 3046 Achillis
930 3012 1048 3048 Statii:

241 3060 258 3080 e
281 3049 502 3094 grammatici
522 3049 639 3096 statim
670 3052 746 3089 lado
763 3084 774 3099 ,
803 3059 911 3106 trans.
942 3073 984 3098 ea
1004 3060 1202 3102 veralectio
1220 3064 1258 3099 δε
1282 3085 1285 3105 ι

241 3110 341 3135 niens
360 3100 447 3137 Suet.
1278 3117 1284 3191 ἱ

1303 2961 1496 3009 stumiamis
1515 2963 1615 3001 idem.

1096 3013 1258 3057 quosdam
1311 3014 1429 3062 nequit
1445 3011 1509 3049 esse
1529 3027 1744 3063 cognomen.
1800 3019 1975 3056 GRoNov.

2168 1340 2337 1390 Marcus

1364 1419 1392 1451 5.
1405 1405 1528 1442 savius
1539 1406 1731 1457 Nicanor.]
1760 1409 1881 1448 Scribo
1889 1414 2032 1450 Suevtas
2042 1442 2063 1459 ,.
2080 1427 2162 1452 cum
2181 1415 2330 1457 doctiffi-

1306 1469 1370 1493 mo
1391 1456 1465 1497 viro
1485 1456 1557 1494 Elia
1584 1459 1728 1497 Vineto.

1363 1513 1403 1543 In
1420 1520 1490 1557 qua
1510 1507 1705 1547 libertinum
1717 1510 1777 1559 se,
1806 1524 1846 1548 ac
1862 1513 1988 1562 duplici
1998 1515 2185 1564 cognomine
2201 1517 2259 1566 effe
2276 1519 2336 1559 hoc

1306 1557 1482 1606 indicat.]
1513 1560 1582 1597 Vix
1602 1560 1735 1598 constat
1745 1563 1921 1602 Latinitas.
1950 1565 2228 1605 meliusMediol.
2246 1570 2285 1606 in
2300 1584 2343 1621 q..

1305 1607 1329 1645 l.
1353 1608 1391 1656 ste
1409 1609 1534 1658 duplici
1552 1613 1739 1661 cognomine
1759 1613 1836 1661 effe,
1858 1623 1918 1664 per
1939 1615 1998 1652 hoc
2014 1618 2147 1655 indicat
2167 1634 2178 1654 .·
2218 1623 2338 1658 suevit

1308 1659 1431 1711 duplex
1450 1673 1685 1711 cognomen„
1704 1667 1855 1701 Nicanor
1886 1666 2119 1714 posthumius,
2150 1669 2206 1709 vel
2224 1672 2339 1720 Postu-

1307 1712 1442 1761 mejas,
1463 1723 1498 1748 ut
1513 1713 1646 1751 videtur
1665 1714 1806 1752 suadere
1824 1730 1914 1754 mox
1933 1717 2068 1757 alterius
2083 1719 2137 1758 lex
2153 1721 2280 1761 versus.

1328 1761 1481 1848 bsbique
1509 1764 1600 1802 diem
1626 1765 1773 1815 Obiiffid
1824 1766 1900 1805 Alia
1923 1768 2187 1821 lesti0,.ibique
2211 1773 2337 1811 (licitur

1309 1824 1325 1847 o
1348 1825 1374 1848 u
1401 1827 1426 1849 e.

1365 1813 1499 1901 gNon
1511 1864 1653 1912 absurde
1666 1864 1720 1909 Εἴ
1730 1866 1886 1916 scripſsffe
1896 1867 2102 1918 &feciffefi’
2111 1870 2186 1916 ait,
2216 1886 2259 1910 ex
2274 1888 2337 1912 nu·

1309 1925 1398 1949 mero
1416 1916 1596 1952 Divarum
1617 1914 1670 1958 [δ’
1690 1916 1950 1967 appellatione]
1997 1921 2085 1957 Mira
2105 1920 2254 1962 brevitas
2270 1925 2337 1963 ser-

1308 1965 1435 2001 monis.
1473 1977 1558 2002 nam
1577 1965 1645 2003 hoc
1663 1967 1755 2004 vult:
1785 1968 1879 2019 quod
1897 1970 2068 2019 integrum
2093 1984 2183 2021 opus
2203 1975 2237 2011 in
2259 1981 2349 2025 pat'ss

1309 2025 1359 2051 tes
1376 2029 1510 2055 novem
1538 2014 1720 2061 tribuisset,
1751 2019 1913 2070 quodque
1934 2019 1978 2057 illi
1994 2035 2129 2059 nomen
2156 2025 2334 2066 Musarum

1309 2065 1538 2117 imposuisset,
1568 2081 1642 2104 non
1667 2068 1812 2106 absurde
1829 2068 1945 2107 fecifl'e
1960 2071 2016 2116 se,
2046 2086 2086 2110 ex
2106 2087 2255 2114 numero
2272 2080 2335 2116 Di-

1310 2128 1434 2155 varum
1460 2122 1499 2155 δε
1527 2118 1769 2169 appellatione.
1826 2121 2029 2161 Existimant
2054 2124 2174 2162 eruditi
2200 2140 2333 2168 novem

1311 2165 1379 2205 istis
1404 2168 1497 2206 libris
1523 2182 1657 2207 novem
1686 2169 1862 2209 Musarum
1897 2175 2045 2211 nomina
2081 2173 2146 2212 effe
2196 2177 2333 2228 raefixa,

1312 2229 1349 2254 ut
1374 2219 1409 2254 in
1440 2219 1648 2257 Herodoteo
1676 2234 1787 2271 opere
1814 2221 1947 2261 factum
1971 2224 2047 2263 est:
2084 2225 2141 2264 sed
2159 2228 2329 2273 .alluntur.

1314 2280 1398 2305 nam
1422 2283 1511 2321 opus
1532 2268 1726 2309 universum
1753 2273 1860 2323 Opilii
1885 2274 2065 2313 Musarum
2082 2290 2216 2317 nomen
2238 2281 2346 2324 tulitz.

1314 2317 1453 2369 fingulae
1473 2332 1591 2358 autem
1621 2322 1720 2359 dicrae
1743 2322 1816 2360 suut
1834 2353 1846 2368 ,
1879 2325 1965 2363 liber
1983 2328 2111 2378 primus
2135 2329 2333 2380 Musarum,

1312 2368 1475 2410 secundus
1493 2373 1667 2410 Musarum
1685 2376 1753 2411 ἃς.
1781 2387 1894 2425 neque
1905 2376 2020 2424 aliter,
2047 2380 2142 2430 quod
2160 2385 2333 2424 memine.

1314 2422 1404 2466 rim,
1432 2436 1452 2459 a
1472 2424 1645 2462 veteribus
1663 2424 1851 2462 laudantur.

1368 2480 1474 2522 Hujus
1500 2488 1672 2522 cognomen
1692 2476 1728 2511 in
1740 2474 1813 2524 pb]
1839 2478 1983 2516 Curiosa
1997 2483 2033 2517 ὅ(
2047 2487 2276 2530 grammatica
2286 2487 2333 2525 est

1313 2522 1385 2560 haec
1401 2525 1597 2563 observatio
1620 2541 1629 2563 :
1659 2538 1764 2577 quam
1782 2525 1895 2566 resero
1913 2529 1957 2567 ad
1975 2530 2110 2581 liquidae
2127 2537 2346 2584 geminatio--

1311 2577 1446 2612 nemin
1463 2578 1678 2625 cognomine
1699 2577 1850 2626 Opillias.
1897 2593 1980 2618 nam
2002 2583 2038 2619 in
2058 2584 2251 2631 hujusmodi
2268 2601 2331 2625 no-

1311 2626 1613 2677 minibusquidam
1630 2627 1735 2665 semel
1752 2628 1899 2667 litteram
1920 2632 1933 2667 l
1951 2634 2131 2683 ponebant
2146 2665 2159 2680 ,
2189 2637 2330 2686 quidam

1310 2678 1549 2725 geminabant.
1583 2678 1662 2715 inde
1691 2678 1738 2716 est
1761 2679 1815 2716 illa
1842 2683 1947 2718 etiam
1974 2685 2008 2721 in
2025 2684 2188 2736 antiquiff.
2225 2687 2327 2727 codd.

1310 2729 1454 2765 varietas
1470 2758 1481 2772 ,
1508 2730 1693 2774 Lucilius,
1718 2732 1930 2772 &Lucillius
1947 2763 1959 2780 ,
1991 2736 2141 2786 Popilius
2156 2739 2193 2774 ὅ(
2215 2738 2329 2789 Popil-

1309 2776 1389 2824 lius,
1401 2815 1403 2819 ,
1417 2784 1453 2818 ἃ(
1472 2778 1620 2818 similia..

1661 2854 1959 2895 V‘Artxoiz.

1374 2925 1402 2956 ς.
1421 2915 1544 2949 Sevius
1558 2912 1880 2965 Postumiusidem.]
1913 2916 2112 2967 Numquid,
2137 2920 2258 2957 Sevius
2267 2926 2328 2959 Ρο-

1675 2967 1774 3002 Nam
1789 2967 1975 3010 Postumius
1985 2968 2032 3005 est
2039 2969 2186 3017 gentile,
2216 2985 2327 3025 eoque

1365 3072 1398 3099 6.
1411 3068 1474 3097 Per
1497 3075 1602 3099 anas-n
1616 3064 1770 3100 litteram
1780 3067 1976 3115 scriptum]
2009 3069 2155 3107 Videtur
2173 3073 2327 3111 excidisse

1308 3110 1563 3162 figuralitterae,
1583 3112 1745 3154 &suffles
1762 3118 2339 3172 perimamLlitteramscriotmn..

2199 3175 2325 3214 Gellius
