2504 3425
156 174 357 250 3322ka
533 170 818 227 Saitv.
895 163 1510 226 S⁴Utr²1ctvs
1585 170 1956 227 Garat..
2148 191 2250 249 573

155 256 358 309 desidiam
378 261 684 325 segnitiemque
706 261 929 309 conversus
952 260 1012 307 est
1028 295 1041 315 ‚
1071 276 1129 305 ne
1159 258 1260 323 quid
1283 264 1462 310 materiae
1485 262 1680 325 praeberct
1707 264 1898 310 Neroni:
1937 262 2008 323 ἓξ,
2047 277 2093 309 ut
2120 266 2255 314 dicere

150 324 307 371 solebat
327 359 340 380 ,
396 327 500 387 quod
532 342 644 371 nemo
676 331 869 371 rationem
902 330 971 370 otii
992 327 1057 386 fiti
1088 324 1250 371 reddere
1279 341 1486 390 cogeretur.
1551 328 1808 391 Carthagine
1851 344 1960 374 nova
1994 344 2252 379 conventum

147 404 274 452 agens
299 424 311 444 ‚
348 391 588 435 tumultuari
610 390 771 434 Gallias
794 391 1011 453 comperit.
1075 390 1236 451 Legato
1254 391 1498 452 Aquitaniae
1523 393 1673 438 auxilia
1695 392 1969 454 implorante,
2003 392 2255 453 supervcneu

144 466 242 498 runt
255 452 450 498 Vindicis
465 455 606 499 litterae
619 487 634 510 ,
665 452 889 510 hortantis,
915 467 955 498 ut
977 452 1141 497 humano
1143 457 1280 515 generi
1288 455 1498 512 affertorem
1520 457 1726 518 ducemque
1734 458 1776 517 fi
1797 455 2119 502 accommodaret.
2156 460 2252 503 Nec

145 514 219 561 diu
243 516 456 562 cun&atus
484 517 774 563 conditionem
796 519 944 580 partim
967 529 1083 561 metu
1101 550 1114 570 ,
1149 517 1299 576 partim
1324 515 1393 578 spe
1418 521 1585 581 recepit.
1654 520 1769 565 Nam
1789 524 1833 564 &
1856 519 2045 566 mandata
2061 522 2249 567 Neronis

142 578 196 624 de
229 596 329 625 nece
363 578 431 626 sua
454 580 504 627 ad
527 596 810 644 procuratores
826 581 931 625 clam
952 579 1066 624 misia
1086 576 1410 638 deprehenderat
1431 600 1441 626 :
1477 587 1520 628 &
1540 582 1865 630 confirmabatur
1886 599 1981 630 cum
2004 582 2248 630 secundiffi-

143 645 225 688 mis
256 642 445 705 auspiciis
464 680 478 700 ,
521 651 567 690 &
592 644 811 690 ominibus
832 678 845 699 ,
897 657 988 687 tum
1016 643 1194 704 virginis
1219 639 1403 688 honestae
1423 647 1747 703 vaticinatione,
1783 661 1898 693 tanto
1919 650 2053 711 magis
2069 682 2084 704 ,
2128 648 2244 712 quod

139 707 286 752 eadem
320 708 388 753 illa
421 709 602 754 carmina
633 707 814 753 sacerdos
845 707 966 769 Jovis
1000 706 1166 751 Cluniae
1200 720 1252 748 ex
1285 709 1486 765 penetrali
1519 709 1685 756 somnio
1709 713 1894 756 monitus
1913 726 2072 758 eruerat
2093 747 2107 767 ‚
2151 727 2245 758 ante

138 770 340 817 ducentos
364 788 493 816 annos
516 772 700 818 similiter
720 786 741 813 a
764 769 932 815 fatidica
950 770 1087 830 puella
1112 768 1387 828 pronuntiata.

1455 774 1655 832 Qorum
1673 775 1903 819 carminum
1926 775 2126 822 sententia
2147 791 2245 831 erat,

59 849 113 879 10
137 836 339 881 Oriturum
371 835 596 898 quandoque
636 851 687 880 ex
730 837 934 898 Hispania
975 834 1198 897 Principem
1219 864 1235 887 ‚
1276 833 1571 897 Dominamque
1604 851 1747 881 rerum.
1808 838 1942 898 Igitur
1986 857 2082 886 cum
2128 841 2242 902 quasi

247 952 456 1019 Moexpne'pqo
477 971 596 1017 ςκυρῷ
621 967 828 1017 ςαυρέμενον
846 967 950 1007 ι’ίλλον
969 969 1081 1009 {av-ri?

308 1019 349 1055 Ὀ
365 1019 512 1068 &hospite
532 1021 670 1063 Διοφέν
690 1019 800 1064 ἔγγὺς
816 1017 912 1062 ἰδὼν,
934 1020 1051 1062 ἐτάκη.

135 1068 257 1108 Habes
276 1067 398 1110 fimilia
421 1070 583 1123 exempla
600 1071 637 1108 in
655 1071 781 1108 Niceta
799 1073 836 1108 ὅ(
848 1068 931 1109 aliis.

493 1149 801 1188 Vaaroa.

191 1221 224 1254 8.
235 1221 290 1254 Ne
298 1216 347 1253 ad
357 1215 556 1266 gestandum
568 1217 721 1265 quidem.
733 1216 750 1263 ]
763 1219 817 1252 Ne
828 1214 1078 1264 adgestandam
1087 1215 1161 1266 qui-

131 1265 211 1302 dem
225 1266 329 1304 aliter
343 1279 403 1304 um
428 1279 511 1303 uam
527 1266 592 1303 iter
601 1265 769 1315 ingressus.
798 1268 852 1302 Ita
868 1265 917 1303 est
927 1267 961 1304 in
973 1269 1064 1305 V.C.
1077 1279 1159 1304 cum

133 1316 171 1353 in
189 1315 333 1367 vulgatis
353 1315 376 1353 d
413 1329 439 1353 rt
455 1314 536 1354 illud
557 1315 670 1354 aliter.
703 1317 934 1354 Evasimus.

188 1372 288 1404 Intra
302 1367 400 1404 edem
408 1365 621 1416 publicam]
649 1365 773 1406 Codex
788 1363 932 1404 Salmas:
954 1373 1047 1405 Inter
1057 1367 1157 1404 adem
1208 1374 1216 1380 '

131 1414 388 1504 pulliixnrzulto
400 1465 502 1516 post.]
541 1468 625 1504 Duo
649 1465 734 1505 Pau,
758 1470 797 1505 ὅ(
819 1467 962 1506 Salmas.
989 1480 1055 1505 non
1072 1467 1160 1505 mul-

132 1515 322 1602 wliffoffnbmi
340 1567 476 1616 Imperii
484 1565 659 1616 segniam]
694 1560 821 1606 'Codex
850 1565 991 1605 Salmas.
1020 1566 1159 1615 stamma

133 1616 282 1671 Imperii.
340 1618 438 1656 Nota
455 1617 585 1655 locutio
607 1631 618 1654 ε
638 1616 779 1665 summa
797 1631 924 1657 rerum.
952 1619 998 1655 ita
1017 1618 1159 1665 stemma

131 1668 280 1713 Imperii,

458 1729 494 1765 Τ
520 1739 546 1763 o
573 1739 599 1764 R
631 1739 655 1764 n
687 1738 708 1763 ε
737 1740 762 1764 N
796 1739 832 1765 T.

635 1830 791 1863 Humani
842 1827 970 1875 generis
1031 1826 1164 1876 afferto-

581 1877 695 1924 rems]
727 1881 780 1914 Eo
799 1877 813 1924 (
829 1877 978 1926 opinor)
1001 1878 1155 1927 spectant

508 1929 527 1979 ξ
581 1925 725 1977 percussi
754 1938 776 1963 a
803 1927 914 1964 Galba
943 1929 1080 1965 nummi
1108 1941 1160 1965 ar-

512 1983 528 2031 ‚³
577 1977 719 2025 gentei‚
752 1977 893 2027 qualem
921 1977 1047 2021 servo,
1077 1991 1157 2016 cum

502 2036 521 2063 .-
576 2027 819 2078 inscriptione‚
844 2031 958 2066 Serus
984 2039 1076 2068 GEN.
1094 2041 1159 2067 Hu-

575 2090 687 2115 ΜΑΝμ

633 2179 789 2215 Sacerdos
832 2177 940 2224 Jovis
983 2178 1150 2228 clunia]

579 2229 674 2265 Male
717 2230 776 2279 qui
814 2228 1147 2267 Cluviae·sc1-ibt1nt.

454 2291 490 2327 κ,
579 2279 705 2316 Clunia
724 2279 820 2316 enim
838 2308 850 2323 ‚
889 2292 966 2329 quae
982 2282 1021 2316 ὅ(
1046 2279 1151 2329 Sulpi-

488 2329 524 2384 ἰ.
576 2330 631 2366 cia
648 2329 760 2374 dista,
785 2328 960 2380 oppidum
977 2329 1149 2381 Hispaniae

438 2381 445 2391 ⁴
517 2388 533 2430 ⁹:
576 2379 636 2417 est.
665 2380 752 2417 l‘lin.
773 2380 831 2417 lib.
859 2393 938 2417 ιιι.
964 2391 1038 2430 cap.
1067 2394 1144 2418 ιιι.

519 2438 548 2465 ‚1
569 2432 608 2466 &
632 2429 801 2468 Plutarch.
827 2428 950 2467 Galba.

1008 2429 1148 2468 Exstant

635 2481 772 2517 nummi
800 2481 880 2517 aerei
897 2507 911 2523 ‚
946 2479 1070 2529 quibus
1099 2482 1146 2517 hi-

446 2529 501 2587 β·
565 2482 677 2582 &niae
723 2529 822 2576 hujus
860 2530 1036 2566 memoria
1057 2549 1063 2555 ·
1081 2530 1147 2567 ser-

571 2584 679 2617 vatur.

186 2668 199 2691 ι
206 2668 240 2693 0.
249 2657 500 2706 Manumzsffi'oni
510 2652 710 2696 vacaturus.
721 2656 738 2706 ]
748 2657 964 2708 Magistratus
972 2661 1010 2696 P.
1016 2661 1060 2696 R.
1072 2672 1142 2695 non

124 2704 300 2755 quibusvis
319 2710 442 2756 quovis
464 2721 622 2761 tempore
639 2709 785 2759 negotiis
802 2709 992 2753 vacabant,
1018 2708 1075 2746 sed
1094 2710 1150 2746 di-.

123 2756 234 2793 stinffi
253 2766 350 2795 erant
367 2757 552 2797 seffionum
572 2758 655 2796 dies.
712 2758 820 2806 Qod
839 2758 882 2796 de
902 2770 1045 2810 praetore
1069 2772 1142 2797 non

124 2819 197 2842 uno
215 2807 251 2844 in
268 2808 349 2847 loco
369 2808 497 2846 docent
515 2823 579 2847 nos
595 2811 613 2854 J
618 2810 674 2846 Cri
696 2837 708 2851 ,
745 2807 929 2857 praesertim
948 2809 1084 2860 Ulpian.
1114 2809 1136 2847 l.

132 2872 143 2894 ι
157 2870 185 2895 ι.
217 2859 305 2907 Qis
321 2857 409 2897 ordo
430 2861 465 2897 in
483 2860 567 2898 bon.
589 2856 671 2910 poss.
689 2859 846 2897 servetur.
904 2863 946 2896 Et
962 2859 1005 2896 de
1025 2872 1140 2908 quare

123 2920 203 2944 tunc
220 2909 495 2959 cognoscebant,
526 2912 556 2948 ei
574 2911 622 2946 rei
636 2908 752 2946 sedere
770 2909 980 2946 dicebantur.
1039 2909 1139 2949 Idem

124 2957 260 3008 Ulpian.
288 2974 341 2997 11.
382 2964 413 3004 §.
438 2960 618 3009 Confestim
638 2988 647 3003 ‚
700 2959 744 2995 ad
779 2962 844 2997 SC.
873 2959 1135 2997 Tertullianum.

122 3009 256 3047 Eadem
284 3023 390 3060 porro
415 3011 450 3048 in
479 3011 662 3062 provinciis
684 3011 781 3047 ratio.
840 3011 953 3061 Atque
970 3011 1061 3048 adeo
1077 3024 1140 3047 no-

126 3059 268 3100 viffimis
284 3073 519 3099 conventuum
535 3060 655 3097 diebus
669 3059 992 3098 manumissionibus
1009 3060 1139 3098 dabant

124 3120 294 3160 operam,
319 3111 412 3161 quod
431 3124 452 3150 a
470 3111 691 3162 Theophilo,
718 3111 861 3151 Institut.
878 3111 1055 3159 justiniani
1078 3123 1137 3164 pa-

2150 921 2242 948 lna-

1214 969 1406 1019 raphraste,
1438 981 1644 1010 annotatum
1671 972 1832 1010 memini.
1890 975 2104 1023 Quanquam
2120 987 2236 1015 autem

1215 1023 1321 1057 etiam
1343 1020 1386 1058 de
1405 1021 1537 1070 plano,
1556 1034 1659 1073 atque
1678 1022 1871 1059 intransitu
1888 1026 2136 1061 manumittere
2161 1027 2238 1064 lice-

1213 1083 1285 1114 ret,
1308 1071 1457 1111 tribunal
1476 1084 1594 1110 tamen
1609 1072 1759 1110 ascendit
1774 1072 1885 1115 Galba
1897 1075 2031 1120 majora
2043 1076 2238 1124 praecipiens

1214 1123 1337 1158 animo
1350 1151 1362 1165 ‚
1399 1123 1575 1173 ipsamque
1607 1123 1808 1161 liberaturus
1847 1123 2004 1162 servitute
2040 1126 2231 1176 Rempubl.

1213 1175 1301 1208 Sane
1318 1173 1417 1209 initio
1437 1174 1648 1224 Principatus
1676 1176 1794 1211 omnis
1813 1176 1949 1222 generis
1967 1188 2135 1212 nummos
2154 1188 2235 1212 cum

1211 1221 1330 1273 effigie
1353 1222 1538 1263 Libertatis
1556 1224 1762 1275 publicavit,
1781 1224 1899 1262 addito
1918 1224 2037 1276 elogio
2057 1254 2070 1269 ,
2104 1237 2237 1265 trana-

1215 1285 1281 1311 ns
1303 1285 1478 1313 mulca-

1518 1366 1912 1403 Casausson.

1264 1447 1319 1478 Ne
1341 1443 1426 1491 quid
1443 1443 1590 1479 materie
1613 1444 1771 1493 preberet
1801 1442 1966 1492 Neroni.]
2021 1445 2164 1496 Nempe
2189 1444 2233 1481 ad

1208 1490 1330 1529 odium
1345 1520 1358 1536 ,
1382 1492 1438 1531 vel
1458 1492 1704 1543 suspicionem,
1729 1507 1786 1532 aut
1803 1507 1987 1546 utrumque
2000 1495 2129 1544 porius.
2162 1499 2235 1544 Ty-

1209 1543 1306 1578 ranni
1328 1544 1422 1580 enim
1440 1545 1599 1588 virtutes,
1627 1546 1750 1596 quibus
1767 1544 1831 1596 ipsi
1852 1557 1993 1589 carent,
2010 1546 2046 1583 in
2066 1545 2136 1582 aliis
2148 1545 2233 1583 ode-

1209 1604 1308 1636 runt,
1335 1597 1372 1631 &
1388 1594 1535 1645 perditas
1553 1597 1701 1647 cupiunt.
1729 1596 1837 1634 iidem
1855 1596 1948 1635 viros
1966 1608 2116 1639 omnes.
2139 1608 2230 1646 quos

1209 1641 1266 1679 sua
1284 1645 1388 1682 virtus
1409 1645 1444 1681 in
1463 1658 1670 1696 quocunque
1687 1660 1816 1697 genere
1843 1645 1953 1684 reddit
1977 1644 2129 1694 insignes
2149 1674 2160 1689 ,
2192 1650 2231 1684 δε

1212 1694 1306 1743 quod
1326 1694 1458 1732 necesse
1477 1695 1526 1734 est
1543 1724 1555 1740 ,
1589 1697 1623 1733 in
1642 1698 1765 1747 vulgus
1782 1696 1966 1747 gratiosos,
2021 1709 2061 1733 ro
2079 1695 2232 1735 hostibus

1213 1743 1353 1783 habent.
1384 1746 1498 1795 itaque
1516 1745 1636 1797 passim
1653 1748 1689 1783 in
1706 1745 1832 1785 Tacito
1855 1746 1999 1784 observa
2027 1747 2054 1783 ie
2078 1747 2231 1785 restores

1212 1796 1470 1844 provinciarum
1491 1824 1504 1840 ,
1537 1809 1592 1834 res
1620 1809 1768 1848 magnas
1783 1810 1912 1848 genere
1930 1796 2077 1834 idoneos
2095 1825 2107 1841 ,
2140 1798 2231 1835 vires

1211 1844 1331 1893 sponte
1350 1848 1524 1883 remittere
1542 1875 1554 1890 ,
1579 1861 1688 1897 quum
1706 1847 1780 1898 plus
1805 1847 1850 1885 ab
1875 1851 2094 1898 Imperatore
2141 1859 2227 1884 uam

1211 1894 1256 1931 ab
1276 1894 1372 1933 hoste
1390 1896 1454 1935 fibi
1478 1898 1651 1935 timerent.
1712 1900 1803 1934 Haec
1819 1896 1892 1935 fine
1910 1896 2017 1934 dubio
2038 1907 2101 1933 cau
2128 1907 2148 1933 a
2163 1895 2228 1935 fuit

1211 1946 1348 1993 prima,
1370 1960 1429 1985 cur
1448 1959 1468 1984 a
1489 1949 1609 1998 prioris
1619 1947 1922 1985 administrationis
1931 1946 2227 1990 severitateGalba

1208 1996 1404 2043 recederet,
1424 2010 1460 2035 ut
1474 1997 1605 2036 indicat
1621 1998 1672 2035 his
1691 1997 1806 2036 verbis
1824 1998 2012 2036 Suetonius.
2052 1996 2119 2034 Sed
2136 1996 2225 2035 hanc

1205 2045 1355 2084 caussam
1372 2049 1442 2099 ipse
1461 2047 1616 2099 profiteri
1631 2061 1715 2092 cum
1732 2061 1808 2085 non
1818 2048 1959 2086 auderet
1975 2076 1986 2091 ,
2023 2046 2127 2084 aliam
2148 2047 2224 2085 soli-

1203 2106 1255 2134 tus
1270 2096 1419 2143 afferre,
1449 2112 1527 2148 quae
1546 2097 1661 2136 statim
1678 2097 1835 2150 sequitur.
1894 2099 1952 2136 Ait
1968 2098 2065 2136 enim
2083 2096 2219 2142 noster,

1184 2145 1253 2189 Ἐἴ
1273 2157 1312 2184 ut
1329 2150 1440 2186 dicere
1446 2148 1598 2198 solebat,
1623 2149 1712 2199 quod
1729 2163 1824 2187 nemo
1832 2147 1893 2185 otii
1900 2149 1960 2197 sui
1971 2149 2136 2185 rationem
2145 2150 2221 2184 red-

1199 2197 1276 2233 dere
1293 2209 1469 2246 cogeretur.
1500 2198 1572 2236 haec
1590 2212 1676 2238 vero
1693 2200 1780 2237 ratio
1804 2211 1911 2249 quam
1931 2199 2007 2236 viro
2024 2210 2159 2247 magno
2176 2196 2223 2237 fit-

1197 2246 1266 2283 indi
1293 2260 1358 2292 na,
1384 2261 1491 2299 quam
1517 2249 1699 2300 pernitiosa
1716 2251 1817 2299 Reip.
1839 2249 1918 2285 &ei
1933 2249 1990 2298 qui
2006 2258 2117 2285 utatur
2139 2261 2217 2297 pro-

1198 2296 1261 2334 bro
1278 2310 1295 2334 a
1306 2327 1317 2343 ‚
1342 2298 1414 2337 fuse
1434 2299 1646 2338 ostendimus
1663 2301 1700 2336 in
1713 2299 1836 2337 nostris
1853 2297 1895 2335 ad
1915 2299 2068 2348 primam
2077 2298 2213 2348 Polybii

1197 2347 1373 2387 historiam
1391 2349 1685 2389 dissertationibus.

1252 2405 1324 2436 Nec
1341 2401 1403 2438 diu
1421 2401 1639 2447 tanezatum]
1669 2400 1715 2436 At
1731 2409 1821 2436 certe
1841 2397 2055 2449 aliquantum
2068 2397 2117 2435 est
2134 2411 2215 2435 cun-

1196 2450 1324 2494 cratus,
1351 2456 1390 2489 ὃ(
1410 2466 1490 2490 cum
1509 2452 1628 2488 amicis
1646 2449 1932 2487 deliberationem
1954 2449 2083 2486 habuit.
2111 2449 2145 2485 in
2166 2462 2212 2485 eo

1195 2501 1364 2545 concilio,
1390 2516 1460 2540 vox
1476 2501 1538 2539 fuit
1549 2502 1618 2538 Titi
1628 2501 1746 2538 Ovinii
1756 2500 1902 2538 virinon
1918 2500 2042 2549 optimi
2062 2498 2208 2549 pruden-

1194 2548 1317 2586 tiffima
1332 2566 1341 2587 :
1362 2548 1576 2590 Deliberaffe
1599 2550 1642 2587 de
1656 2549 1872 2592 defeffione,
1889 2551 1961 2596 jam
1972 2546 2129 2586 defecisse
2140 2548 2208 2594 est,

1195 2601 1229 2634 τὸ
1251 2600 1359 2648 ζητεῖν
1375 2601 1500 2650 Νέρωνι
1523 2602 1550 2637 εἷ
1579 2601 1676 2639 oras-ol
1696 2598 1867 2645 μένωμεν,
1902 2598 1966 2640 ἤδη
1983 2597 2033 2644 pen*
2053 2596 2208 2643 μενόντων

1195 2650 1271 2688 ἐτίν.
1297 2650 1353 2686 adi
1371 2651 1603 2690 Plutarchum.

1249 2703 1404 2738 Sacerdos
1420 2703 1526 2748 Jovis
1550 2701 1714 2749 clunia]
1756 2701 1880 2751 Angeli
1899 2699 2057 2737 Politiani
2074 2696 2205 2744 codex,

1195 2755 1231 2789 ὅ(
1249 2751 1303 2790 alii
1321 2752 1494 2796 nonnulli,
1508 2751 1663 2802 sacerdos
1679 2753 1769 2788 Luni
1782 2753 1918 2788 Cl·miae.
1944 2754 2000 2788 De
2010 2753 2113 2789 Luno
2122 2753 2206 2788 Deo

1195 2804 1302 2841 hahes
1319 2803 1407 2853 apud
1426 2805 1640 2854 Spanianum
1658 2804 1694 2839 in
1705 2801 1891 2840 Caracalla.
1950 2800 2017 2838 Sed
2027 2800 2204 2838 membra-

1191 2868 1244 2891 nae
1259 2867 1405 2899 omnes,
1433 2867 1518 2905 quas
1528 2853 1735 2902 inspeximus
1751 2854 1884 2898 ,J0v1'5.
1911 2852 2106 2903 Regiorum
2118 2864 2205 2888 unus

1192 2906 1320 2942 Cluvio
1332 2918 1393 2954 pro
1402 2906 1539 2942 Clunia.
1556 2906 1781 2941 minusretste.
1811 2903 1960 2940 Κλενίοιν
1981 2906 2075 2941 enim
2093 2902 2206 2938 Graeci

1193 2968 1332 2992 vocant.
1389 2955 1561 2994 Plutarchi
1578 2955 1788 3006 exemplaria
1804 2955 1839 2990 in
1858 2952 1991 2998 Galba,
2019 2952 2200 2992 Κολενίοιν.

1192 3005 1226 3042 id
1245 3019 1383 3057 quoque
1400 3007 1514 3047 minus
1531 3008 1635 3044 reete.

1249 3059 1428 3094 oriturum
1444 3059 1644 3108 quandoque
1661 3070 1702 3094 ex
1728 3056 1892 3106 Hispania
1906 3058 2084 3107 principem
2103 3082 2114 3097 ,
2148 3055 2205 3090 do-

1192 3112 1393 3160 mae'nnmcjue
1412 3108 1563 3159 rernm]
1596 3111 1683 3146 Non
1704 3106 1765 3144 suit
1781 3120 1869 3145 vana
1891 3106 1988 3147 fides.
2023 3119 2105 3145 nam
2120 3107 2207 3141 Tra-

1635 3164 1664 3197 (ss
1678 3172 1695 3196 c
1711 3171 1726 3196 c
1738 3172 1754 3194 c
1786 3172 1807 3196 2
2115 3157 2214 3203 jano·-
