2504 3425
729 155 930 214 INC.
1009 156 1592 216 Suri-ouium.
2150 136 2251 240 99·

156 253 300 307 nium
339 250 522 307 citam.
601 247 723 304 Nos
748 249 889 302 enim
913 247 1256 304 adolescentes
1295 250 1463 324 ipsum
1493 249 1820 305 meminimus
1845 251 2018 307 audire
2045 253 2235 309 Domi„

149 326 286 380 tium
305 365 323 391 ‚
363 345 483 381 cum
509 323 702 378 diceret
726 322 908 376 habere
919 322 966 376 se
981 322 1291 395 peculiarem
1309 325 1468 378 Marii
1486 323 1689 379 Rustici
1704 325 1888 378 librum
1905 364 1922 389 ,
1964 343 2120 396 quem
2136 347 2231 382 cae..

149 400 268 453 teris
296 399 626 474 incognitum
650 396 822 451 secum
843 395 910 449 de
935 396 1108 450 Gallia
1136 396 1401 457 attulisset,
1445 399 1536 468 qui
1562 412 1728 450 tamen
1742 398 1909 452 codex
1929 437 1944 462 ‚
1983 417 2047 451 ne
2059 403 2229 453 extin-

145 473 236 527 ἃο
263 475 479 544 quidem
504 472 628 535 illo,
666 487 930 541 nunquam
955 471 1258 540 comparuit.
1338 471 1513 540 Atque
1534 488 1633 543 ego
1655 471 1867 542 quidem
1897 470 2065 525 studio
2082 474 2228 527 inco-

145 546 281 619 gniti
309 547 443 600 mihi
471 544 731 618 scriptoris
757 539 1012 605 incensus,
1052 542 1207 593 etiam
1235 541 1300 593 ad
1315 541 1466 612 ipsius
1480 542 1704 594 Domitii
1723 544 1941 614 parentis
1955 545 2226 600 Benacila-

142 637 238 673 cus
251 621 479 674 accolam
496 616 687 677 acceffi,
706 632 1020 685 omnemque
1032 616 1137 684 ejus
1150 614 1393 665 librorum
1411 614 1813 684 suppelleffilem
1828 616 2089 679 scrutatuS,
2105 619 2222 672 Ma-

143 693 279 745 rium
309 706 444 747 certe
464 692 603 745 hunc
630 687 906 744 Rusticum
936 687 1109 740 inveni
1126 684 1391 755 nusquam.
1473 688 1652 757 ltaque
1668 706 1833 759 neque
1848 688 2135 744 obfirmabo
2150 707 2224 744 te..

141 783 280 819 mere
299 804 315 830 ,
354 785 471 837 quae
487 765 575 819 ille
588 762 771 817 scribat
783 799 799 824 ,
823 778 991 831 neque
1004 772 1062 811 ut
1077 758 1431 810 commentitia
1446 757 1690 823 refellam,
1706 762 1831 830 quia
1846 775 2072 816 neutram
2089 765 2221 819 mihi

139 838 193 891 in
211 853 404 910 partem
423 838 533 892 satis
549 835 760 890 constat.
841 836 954 888 Vos
968 832 1179 902 quirem
1196 866 1211 891 ‚
1242 830 1335 897 qui
1350 828 1611 882 hominem
1629 832 1802 894 nosti8‚
1818 834 1883 885 de
1897 853 1960 886 eo
1977 855 2072 906 pro
2089 837 2218 890 arbi-

138 912 241 964 trio
247 910 612 981 judicaveritis.
663 902 913 974 Scripsere
927 942 942 965 ,
965 916 1144 973 praeter
1160 918 1292 970 quos
1309 900 1414 971 ipse
1429 902 1640 954 adducit
1655 905 1945 967 SuetoniuS,
1963 909 2216 979 Augusto-

140 1001 253 1036 rum
269 998 565 1054 temporum
579 976 838 1031 historiam
855 1012 872 1037 ,
910 978 1003 1045 qui
1018 973 1232 1043 quidem
1245 973 1442 1026 exstent
1459 1011 1474 1036 ,
1500 974 1677 1026 Graece
1696 976 1858 1040 Dion,
1873 992 2028 1048 atque
2047 982 2215 1035 Hero-

136 1056 316 1108 dianus
331 1092 348 1118 ,
386 1058 530 1126 cujus
555 1053 607 1104 in
623 1047 920 1102 Alexandro
939 1051 992 1099 &
1010 1045 1310 1098 Maximino
1327 1047 1643 1117 improbatur
1659 1045 1785 1100 fides
1802 1087 1816 1110 ‚
1845 1067 2007 1120 pauca
2018 1051 2215 1106 Plutar-

134 1127 263 1181 chus
279 1166 294 1190 ,
316 1126 564 1182 nonnulla
578 1122 883 1194 Procopius.
918 1119 1091 1171 Latini
1110 1118 1387 1171 Cornelius
1400 1119 1619 1172 Tacitus
1639 1120 1871 1174 Suetonii
1884 1123 2109 1194 aequalis,
2124 1144 2213 1178 cu-

124 1204 209 1273 jus
225 1220 286 1254 ne
298 1201 416 1255 libri
429 1201 678 1255 Ιεξὶῖοηιιῃ
696 1194 888 1247 incuria
902 1192 1209 1264 deperirent,
1216 1191 1358 1262 jussit
1375 1191 1657 1264 Imperator
1671 1194 1889 1247 Tacitus
1905 1194 1957 1247 in
1971 1198 2213 1251 omnibus

133 1274 464 1329 bibliothecis
481 1268 729 1327 collocari
749 1305 764 1330 ‚
802 1263 1063 1336 denosque
1079 1267 1219 1317 annis
1233 1263 1438 1337 singulis
1454 1265 1736 1337 publicitus
1750 1266 1961 1321 describi
1987 1289 1998 1321 z
2032 1272 2212 1341 praeter

132 1346 276 1400 hunc
288 1348 462 1402 AElius
477 1344 774 1418 Spartianus
789 1377 805 1403 ,
832 1338 997 1410 Julius
1014 1338 1346 1409 Capitolinus
1360 1376 1375 1400 ‚
1405 1337 1752 1409 Lampridius,
1765 1340 2080 1405 TrebelliuS,
2097 1344 2212 1400 Vo-

132 1420 307 1492 piscus
326 1458 341 1484 ,
369 1418 707 1473 Marcellinus
724 1451 738 1476 ,
752 1410 859 1466 acsi
878 1412 962 1464 cui
977 1412 1132 1463 etiam
1147 1410 1372 1463 addendi
1385 1411 1644 1473 videntur,
1659 1411 1873 1464 Orosius
1879 1453 1894 1477 ,
1908 1413 2213 1486 Eutropius,

134 1492 324 1547 Paulus
339 1530 353 1554 ‚
393 1491 580 1563 reliqui
595 1507 707 1543 aevo
722 1484 1107 1539 interciderunt.
1173 1483 1343 1536 Graeci
1356 1483 1568 1555 quidem
1588 1484 1865 1556 Dexippus
1878 1526 1893 1549 ,
1933 1505 2041 1558 quo
2056 1489 2210 1544 etiam

129 1565 267 1623 duce
280 1565 406 1620 visti
421 1566 484 1619 ab
500 1557 889 1618 Atheniensibus
903 1556 1015 1611 sunt
1028 1556 1233 1617 Gotthi,
1250 1557 1377 1610 item
1393 1556 1716 1619 Callicrate8‚
1731 1558 1892 1612 Linus
1908 1559 2211 1615 Graecorum

133 1637 292 1711 longe
307 1637 626 1693 doffiffimus
641 1633 876 1705 scriptor,
889 1630 981 1683 alii
995 1633 1150 1683 etiam
1164 1630 1414 1690 nonnulli,
1434 1628 1708 1702 quosjuffu
1725 1630 2054 1686 Constantini
2069 1636 2210 1705 prin-

130 1711 266 1783 cipis
295 1711 490 1764 Tacius
504 1708 734 1781 Cyrillus
748 1724 776 1758 e
789 1705 975 1759 Graeco
991 1704 1046 1755 in
1063 1703 1307 1757 Latinum
1322 1703 1591 1756 convertit.
1658 1704 1832 1756 Latini
1849 1704 2049 1759 Plinius
2066 1744 2081 1767 ,
2119 1706 2211 1777 Ju-

132 1783 249 1837 nius
262 1820 279 1846 ‚
300 1780 813 1852 CorduS,loquaci0r
827 1776 983 1849 paulo
995 1819 1008 1837 ,
1036 1781 1088 1830 &
1112 1776 1443 1829 minutiffima
1456 1792 1678 1847 quaeque
1691 1775 2025 1849 scrupulosius
2039 1780 2213 1832 conse-

134 1857 316 1911 status.
356 1854 634 1926 Philippus
648 1854 773 1905 item
790 1850 946 1921 patris
962 1849 1243 1903 Alexandri
1257 1848 1464 1901 libertus
1479 1886 1493 1910 ,
1520 1850 1614 1918 qui
1630 1853 1681 1901 ὃ(
1699 1848 1979 1902 Alexandri
1994 1870 2214 1922 quoquc

135 1927 492 2001 ipsiusitinera
516 1921 811 1996 conscripsit
836 1921 1110 1976 AcholiuS.
1168 1922 1355 1975 Praeter
1370 1921 1462 1974 hos
1482 1921 1680 1973 Marius
1699 1921 1963 1974 Maximus
1980 1961 1994 1985 ‚
2035 1925 2212 1979 AElius

138 2002 386 2064 Sabinus,
426 2000 619 2055 Fabius
637 1995 1004 2058 Marcellinu3‚
1042 1994 1336 2049 Theoclius
1354 1993 2212 2067 AsclepiodotuS,Astyanax,Cor.

136 2075 301 2130 nelius
316 2073 650 2146 Capitolinus
667 2108 684 2134 ‚
719 2068 983 2140 Gargilius
998 2067 1269 2131 MartialiS,
1284 2067 1559 2120 Suetonius
1576 2067 1910 2139 Optatianus‚
1925 2070 2016 2139 qui
2029 2068 2214 2122 Taciti

138 2148 467 2220 Imperatoris
494 2148 653 2200 vitam
678 2141 872 2214 scripsit
885 2183 900 2204 ‚
941 2140 1047 2214 ipse
1059 2158 1277 2213 quoque
1295 2141 1578 2211 Imperator
1590 2139 1800 2192 Severus
1815 2142 1941 2193 vitas
1956 2142 2212 2195 bonorum

138 2221 436 2291 principum
451 2218 669 2273 versibus
685 2212 1093 2288 comprehendit.
1132 2214 1275 2277 Etis,
1289 2214 1382 2284 qui
1395 2213 1532 2266 nulla
1548 2211 1650 2264 fide
1666 2213 1926 2266 historiam
1938 2228 2216 2267 contexue-

143 2293 210 2345 rit
224 2291 403 2343 Gallus
420 2293 700 2362 Antipater.
765 2290 897 2348 Haec
912 2287 1152 2343 hactenus
1177 2310 1186 2343 :
1228 2286 1453 2361 reliqua,
1495 2284 1531 2337 si
1548 2286 1766 2349 videtur,
1780 2287 1932 2339 altera
1948 2303 2209 2339 commen-

140 2364 340 2418 tatione
362 2362 704 2435 transigemus.

1123 3004 1503 3060 Nnnnnnz
1934 2999 2217 3058 LOCA
