2504 3425
736 119 1722 196 D.JuttusCAESAR.
2198 150 2261 201 71

176 213 476 266 numentissuis
488 211 617 260 testati
631 210 745 269 sunt,
780 215 824 259 in
837 212 1363 277 Hispaniaaproconsule,
1399 221 1443 263 δε
1469 236 1490 263 a
1516 217 1636 264 sociis
1655 218 1850 281 pecunias
1862 221 2047 283 accepit,
2081 220 2274 267 emendi-

175 297 279 330 catas
297 282 341 327 in
367 281 564 326 auxilium
584 280 671 324 aeris
696 279 819 323 alieni
852 296 863 323 :
900 283 942 323 &
966 279 1254 325 Lusitanorum
1270 282 1454 343 quaedam
1469 282 1621 345 oppida
1640 319 1652 338 ‚
1687 300 1937 346 quamquam
1962 302 2039 331 nec
2075 286 2273 346 imperata

176 347 473 400 detretffhrent,
507 348 550 388 &
575 342 809 388 advenienti
834 358 968 404 portas
992 342 1293 404 patefacerent,
1328 346 1498 407 diripuit
1518 345 1733 392 hostiliter.
1802 351 1852 391 In
1879 348 2020 392 Gallia
2044 346 2139 393 fana
2158 364 2269 394 tem·-

177 412 326 474 plaque
340 412 485 455 Deum
497 407 617 453 donis
630 405 778 452 referta
791 408 984 467 expilavit
1019 425 1028 450 :
1064 409 1182 452 urbes
1204 408 1350 461 diruit,
1388 409 1529 471 saepius
1541 411 1597 456 ob
1613 411 1787 473 praedam
1813 429 1938 474 quam
1964 411 2020 456 ob
2043 411 2266 460 delifmm:

180 475 292 521 unde
316 472 496 528 factum,
531 486 575 516 ut
597 487 697 516 auro
718 470 968 526 abundaret,
1002 471 1211 534 ternisque
1247 471 1416 516 milibus
1450 492 1625 520 numum
1661 478 1705 520 in
1739 474 1862 519 libras
1885 477 2164 536 promercale,
2198 494 2271 537 per

179 540 341 585 Italiam
354 533 667 600 provinciasque
678 533 893 580 divideret.
953 538 1000 579 In
1024 537 1158 596 primo
1177 534 1386 580 consulatu
1402 540 1476 582 tria
1489 541 1602 583 milia
1615 539 1757 602 pondo
1771 541 1854 584 auri
1871 538 2025 585 futatus
2045 556 2067 584 e
2091 541 2272 601 Capito-

182 604 268 658 lio,
301 600 556 646 tantumdem
579 600 748 644 inaurati
781 600 866 645 aeris
899 597 1089 660 reposuit.
1155 602 1377 644 Societates
1409 617 1454 645 ac
1488 619 1612 665 regna
1646 605 1781 665 pretio
1815 603 1927 649 dedit
1963 622 1972 648 :
2008 617 2053 648 ut
2088 605 2162 666 qui
2195 605 2272 649 uni

184 667 412 712 Ptolemaeo
434 679 559 725 prope
587 660 653 706 sex
679 664 794 707 milia
814 665 1063 707 talentorum
1086 661 1158 707 suo
1193 666 1465 726 Pompejique
1501 669 1673 711 nomine
1709 666 1929 713 abstulerit.
2001 665 2146 713 Postea
2171 684 2272 713 vero

186 727 495 775 evidentiffitnis
508 726 657 784 rapinis
681 742 726 769 ac
752 725 995 786 sacrilegiis,
1030 731 1071 770 δε
1098 743 1224 770 onera
1246 726 1452 772 bellorum
1469 731 1654 774 civilium
1670 766 1681 785 ‚
1717 736 1757 775 ὃς
1782 730 2088 792 triumphorum
2113 747 2156 776 ac
2175 749 2272 776 mu-

109 801 158 851 55
188 810 330 839 nerum
348 789 534 835 sustinuit
548 789 769 850 impendia.
834 790 1088 850 Eloquentia
1103 791 1352 852 militarique
1367 809 1407 837 re
1422 827 1435 848 ‚
1468 808 1535 837 aut
1547 795 1723 856 aequavit
1743 793 2159 855 praestantissimorum
2173 797 2274 859 glo-

187 944 259 968 non
290 929 446 979 pecunias
465 939 600 976 propter
619 926 702 977 ipsas
721 924 881 970 amabat,
911 938 946 963 ut
983 927 1038 976 qui
1066 928 1199 977 proprie

187 977 448 1027 φιλοχξῆμοιτοι
481 977 643 1014 dicuntur.
681 990 802 1011 namur
829 978 925 1026 ponit
951 977 997 1013 ibi
1024 978 1095 1013 Dio
1130 977 1198 1018 ⁶21ssae

188 1029 419 1077 φιλοιξγιφιίις
436 1057 447 1071 ,
482 1040 586 1078 quam
615 1025 679 1063 esse
707 1025 817 1066 πάγης
837 1027 963 1067 κακίαις
996 1026 1202 1076 μκτξόπολιν

188 1080 426 1117 dicebatBion.

513 1181 872 1215 ToRRENT.
1223 1173 1228 1234 ἱ

247 1264 298 1295 54.
328 1244 577 1298 Divkaenderetq
621 1252 730 1301 Magis
757 1250 866 1301 placet
891 1249 1086 1292 divideret,
1116 1259 1152 1284 ut
1168 1249 1201 1284 in

187 1311 334 1350 quatuor
351 1314 430 1337 mss.
463 1313 546 1337 nam
562 1297 628 1352 ipse
647 1313 736 1338 certe
754 1315 826 1337 non
839 1299 1038 1337 divendidit.
1094 1298 1201 1348 Qtod

189 1362 304 1387 autem
315 1352 417 1388 ternis
426 1351 574 1388 millibus
592 1366 778 1388 nummum
791 1351 870 1387 dicit
884 1379 896 1394 ,
921 1350 955 1386 id
968 1352 1014 1386 uti
1034 1363 1113 1386 cum
1132 1350 1204 1385 auri

190 1401 234 1436 ad
251 1414 435 1452 argentum
455 1400 676 1452 proportione
697 1403 899 1445 conveniat,
929 1400 1008 1439 vide
1018 1399 1181 1437 Budaeum
1192 1429 1204 1443 ‚

191 1450 342 1495 filubet,
368 1452 411 1488 de
423 1451 499 1489 Asse
510 1453 566 1489 lib.
583 1468 659 1490 111.

245 1503 418 1538 societates
437 1516 476 1539 ac
495 1502 633 1552 regna]
662 1506 710 1539 Ut
728 1516 853 1553 nempe
871 1502 927 1540 vel
945 1515 1002 1539 rex
1021 1500 1206 1552 appellare-

191 1563 245 1589 tur
255 1551 370 1603 aliquis
379 1565 399 1588 a
409 1566 488 1603 pop.
505 1556 613 1590 Rom.
627 1553 681 1589 vel
693 1552 809 1590 socius.

247 1602 631 1651 FuratuseCapitoli0.]
664 1602 926 1654 Aliquiddehoc
948 1601 1032 1638 Plin.
1055 1600 1111 1638 lib.
1126 1615 1203 1638 x1x.

190 1664 220 1689 C.
237 1666 249 1689 1
262 1667 272 1689 1
285 1664 296 1685 1
305 1682 313 1691 0

249 1716 301 1748 55.
334 1702 533 1752 Eloquentia
547 1703 714 1747 militari,
732 1716 798 1754 qua
807 1701 878 1751 re.]
909 1701 1021 1738 Caesar
1044 1703 1079 1738 in
1106 1702 1205 1739 omni

188 1766 315 1803 genere
341 1753 543 1803 eloquentiae
569 1754 732 1790 excelluit.
790 1758 830 1789 Et
851 1765 929 1789 ante
955 1753 1206 1789 accusationem

190 1803 381 1840 Dolabellae
390 1806 446 1842 vix
455 1801 607 1841 militasse
619 1818 699 1840 eum
710 1803 922 1840 crediderim.
935 1807 1089 1839 Tantum
1099 1804 1205 1846 abest,

192 1866 229 1891 ut
237 1854 429 1904 eloquentia
438 1854 655 1905 militarisipfi
669 1867 748 1890 tunc
762 1854 830 1890 usui
840 1853 948 1890 fuerit.
981 1855 1113 1890 Diutius
1123 1867 1206 1903 quo-

192 1917 258 1956 que
268 1904 438 1942 versatum
448 1906 482 1941 in
490 1904 589 1948 foro,
619 1906 795 1941 Ciceronis
811 1906 920 1941 oratio
940 1917 1001 1953 pro
1014 1905 1152 1954 Ligario
1171 1905 1207 1940 iis

191 1955 304 1993 verbis
315 1955 459 1992 ostendit
488 1970 497 1992 ι
525 1955 674 2003 Causas,
696 1955 824 2003 Casar,
851 1955 1053 2003 egimxltos,
1073 1953 1208 2003 &qul—

191 2006 268 2041 dem
280 2016 388 2041 tecum
397 2035 408 2049 ,
418 2007 502 2042 dnm
512 2015 544 2040 te
553 2006 666 2050 infero
675 2016 727 2041 ten
733 2006 784 2040 ult
793 2016 844 2040 ras
851 2007 880 2039 lo
889 2005 1050 2040 honorum
1061 2015 1206 2041 tuorum.

191 2055 327 2092 Deinde
337 2056 416 2106 quid
427 2057 542 2092 attinet
561 2055 603 2091 de
620 2055 753 2091 militari
767 2067 900 2091 tantum
912 2055 1104 2105 eloquentia
1122 2055 1209 2090 dice-

192 2119 251 2148 re,
278 2105 303 2141 fi
316 2118 477 2156 patronos
489 2108 698 2156 autaequavit
716 2120 859 2148 omnes,
885 2118 941 2141 aut
960 2105 1122 2143 excellit?
1152 2119 1210 2141 ne-

193 2169 259 2206 que
270 2159 362 2192 enim
372 2159 503 2208 patroni
519 2158 552 2192 in
563 2156 689 2203 judiciis
700 2157 869 2194 versantes
879 2155 1036 2192 castrensi
1049 2156 1210 2206 eloquen-

195 2208 240 2241 tia
253 2218 394 2244 utuntur.
425 2208 559 2256 Quibus
568 2208 753 2244 rationibus
765 2207 884 2243 duc'tus
893 2235 903 2249 ,
934 2208 1108 2258 expui-ustis
1118 2207 1187 2243 aliis
1197 2236 1209 2250 ‚

195 2256 380 2307 legendum
398 2271 500 2307 puto:
529 2258 748 2306 Eminentia,
766 2269 833 2306 qua
859 2267 920 2293 aut
936 2259 1081 2306 afflavit
1092 2266 1144 2305 pr.
1161 2257 1206 2305 gl.

198 2317 258 2341 aut
267 2321 333 2344 exc,
339 2309 415 2355 post.
427 2321 492 2345 acc.
507 2308 583 2344 Dol.
596 2312 662 2344 δεῖ.
703 2311 789 2343 Non
800 2310 1001 2357 negaverim
1011 2320 1128 2343 tamen
1140 2311 1210 2353 ejus

199 2355 427 2406 eloquentiam
446 2360 481 2394 in
499 2358 589 2394 bello
606 2387 617 2401 ,
641 2370 680 2394 ac
698 2359 846 2394 militum
859 2358 1119 2394 allocutionibus
1128 2372 1210 2408 pree-

201 2407 295 2455 cipue
311 2406 461 2452 valuisse,
490 2407 658 2457 siquidem
670 2409 796 2445 eodem
806 2410 925 2444 animo
937 2408 1049 2445 dicere
1060 2408 1217 2451 solitum,-

201 2469 271 2504 quo
290 2456 447 2501 bellavit,
473 2464 592 2495 auctor
602 2459 648 2495 est
657 2458 880 2508 Qttinffilian,
900 2459 1012 2510 &ipse
1024 2459 1136 2495 Caefiu·
1153 2459 1210 2495 ad-

200 2505 312 2542 versus
330 2508 502 2548 Ciceronis
511 2509 552 2544 de
562 2511 703 2545 Catonis
713 2509 808 2545 laude
818 2512 1012 2546 orationem
1023 2510 1211 2560 scripturus,

201 2556 383 2593 militarem
392 2569 523 2594 tantum
535 2559 733 2595 sermonem
746 2558 808 2595 sibi
823 2561 939 2597 tribuit
950 2590 959 2602 ‚
993 2561 1210 2611 precatusque

201 2606 268 2649 est,
301 2621 343 2643 ne
356 2607 388 2643 id
400 2619 517 2643 contra
528 2621 699 2645 oratorem
719 2611 1005 2646 exercitatsimum
1023 2611 1085 2647 fibi
1103 2611 1212 2648 fraudi

201 2654 290 2694 effer.
322 2659 451 2693 Austor
468 2657 632 2694 Plutarch.
664 2659 728 2695 Sed
742 2661 942 2709 cuminepta
951 2662 1108 2709 quaedam
1131 2677 1211 2696 ww-

200 2707 348 2749 τολογία,
366 2707 450 2744 inest
466 2709 500 2744 in
518 2720 557 2743 ea
570 2735 580 2750 ,
609 2720 713 2757 quam
736 2709 873 2745 arbitrio
893 2710 1008 2746 nostro
1030 2713 1211 2748 concinna-

201 2770 277 2794 mus
287 2786 298 2800 ,
312 2757 458 2793 lectione
468 2787 479 2801 ,
504 2759 515 2805 (
530 2757 607 2807 quid
619 2760 711 2794 enim
722 2757 809 2794 aliud
819 2759 866 2794 cst
878 2760 950 2808 post
959 2761 1211 2799 accusuionem

200 2807 392 2844 Dolabellae
427 2808 629 2858 principibus
655 2811 802 2857 patronis
829 2821 1091 2848 annumeratum
1119 2811 1182 2849 elle
1198 2842 1209 2856 ,

199 2869 306 2906 quam
341 2857 533 2906 eloquentia
591 2858 939 2906 praestantiflirnorum
975 2861 1122 2912 gloriam
1155 2876 1214 2900 aut
1233 2859 1236 2866 ’

201 2905 363 2957 aequasse,
394 2920 429 2944 ut
445 2907 634 2946 excessisse?
664 2912 709 2944 Ut
729 2910 911 2953 omittam,
942 2925 983 2946 ne
1002 2912 1122 2949 cadere
1142 2916 1211 2964 qui-
1235 2957 1237 2960 Υ

199 2957 325 2994 demin
334 2957 504 2995 Caesttrem
517 2973 597 2996 vere
607 2971 737 2994 tantam
754 2960 954 3009 eloquentia:
969 2962 1127 3007 laudem,
1155 2967 1211 3014 qui
1234 2961 1236 2978 ‘

196 3008 232 3044 in
250 3011 462 3045 Ciceronem
474 3009 541 3060 ipse
559 3010 741 3046 militarem
766 3022 906 3047 tantum·
921 3013 1120 3050 sermonem
1148 3015 1210 3051 fibi

196 3058 355 3098 tribuerit.
382 3059 588 3112 Etprofesto
605 3060 755 3104 dederit,
785 3063 930 3113 opinor,
952 3065 1074 3101 Cicero
1084 3065 1208 3115 aliquid
1231 3073 1237 3109 ὲ,

2135 861 2237 904 riam
2253 903 2266 924 ‚

1253 928 1436 976 potentiae,
1468 932 1503 964 ὃ(
1530 929 1666 966 auribus
1685 930 1823 968 Caesaris
1841 961 1850 974 ‚
1889 946 1968 968 cum
1998 932 2040 967 ad
2067 933 2270 970 Cornelium

1252 980 1431 1028 Nepotem
1442 992 1545 1028 negat
1554 993 1732 1016 oratorum
1740 995 1953 1031 quemquam
1965 995 2085 1018 eorum
2094 1012 2105 1025 ,
2124 985 2179 1032 qui
2190 984 2274 1020 nihil

1252 1028 1341 1064 aliud
1360 1031 1490 1078 egerint
1508 1058 1519 1072 ,
1545 1032 1575 1066 ei
1603 1032 1895 1081 anteponendum.
1954 1037 1994 1068 Et
2013 1044 2131 1077 tamen
2156 1035 2269 1070 minus

1251 1079 1374 1128 aliquid
1401 1081 1563 1117 Suetonio
1610 1081 1731 1129 dicit.)
1764 1094 1839 1118 tum
1872 1083 1999 1118 minori
2028 1084 2272 1121 immutatione

1249 1128 1345 1171 Justo
1371 1128 1487 1179 Lipsio
1514 1131 1659 1168 Elestor.
1687 1147 1713 1169 1.
1742 1145 1814 1183 cap.
1841 1147 1893 1169 xx.
1923 1131 2032 1169 visum
2061 1133 2270 1178 emendare,

1250 1178 1453 1228 Eloquentia
1475 1181 1686 1231 militariqtaee
1704 1196 1738 1217 re
1760 1193 1822 1219 aut
1844 1183 1991 1232 aeqtmvit
2004 1182 2274 1231 prostantlffimo-

1249 1242 1325 1264 rum
1339 1229 1485 1277 gloriam
1502 1260 1513 1274 ,
1539 1241 1601 1267 aut
1620 1231 1755 1280 exceffit.
1813 1233 1885 1280 Post
1914 1234 2020 1281 accus.
2040 1232 2161 1270 Dolab.
2200 1236 2269 1272 δίε.

1250 1281 1356 1328 Quod
1374 1279 1416 1315 de
1437 1281 1568 1318 Caesare
1588 1295 1628 1318 ex
1647 1296 1731 1319 vero
1758 1283 1946 1333 Tranquilli
1971 1283 2207 1320 testimonium
2226 1282 2274 1321 fic

1250 1331 1400 1380 accipio,
1428 1343 1463 1367 ut
1474 1345 1556 1368 eum
1575 1332 1850 1382 praestantislimis
1875 1333 2059 1383 quibusque
2079 1334 2274 1384 eloquentia

1253 1381 1394 1429 juxtahac
1407 1382 1559 1419 militaris
1570 1384 1617 1418 rei
1628 1385 1742 1432 peritia
1753 1383 1906 1434 praeferat
1921 1413 1932 1427 ,
1961 1397 2018 1422 aut
2032 1385 2269 1433 (minimum)

1251 1444 1381 1481 aequet,
1409 1444 1547 1483 utraque
1563 1432 1684 1477 simul,
1715 1448 1787 1471 non
1799 1435 1987 1479 alterutra,
2013 1436 2177 1486 inquam,
2204 1435 2273 1478 lau-

1251 1480 1304 1518 de.

1547 1586 1955 1624 CASAUBON.

1306 1656 1349 1687 In
1365 1652 1528 1700 Hzspam'a
1547 1666 1570 1688 a
1586 1653 1775 1702 proconsule
1800 1653 1852 1697 &
1867 1667 1889 1689 a
1901 1655 1997 1703 fhciis
2008 1657 2169 1705 pecunias
2187 1671 2276 1695 acce-

1245 1700 1336 1749 pit.]
1396 1703 1554 1753 intelligo
1573 1716 1743 1740 extortam
1763 1705 1974 1754 proconsuli,
1999 1709 2050 1744 cui
2071 1707 2276 1746 succedebat

1253 1753 1582 1802 Caelar,pecuniam‚
1612 1756 1741 1799 injesto
1760 1755 2011 1793 calumniarum
2031 1769 2125 1794 metu
2155 1772 2164 1794 ε
2195 1772 2277 1796 cum

1253 1814 1420 1839 metueret
1452 1804 1510 1840 iste
1530 1833 1540 1846 ‚
1576 1805 1719 1855 quisquis
1745 1805 1887 1841 tandem
1922 1805 2041 1851 fuerit,
2072 1807 2274 1857 proconsul,

1254 1865 1296 1888 ne
1313 1856 1471 1889 Romam
1497 1855 1651 1892 reversus
1666 1856 1696 1891 le
1698 1869 1741 1904 ge
1763 1856 2026 1905 repetundarum
2053 1859 2278 1908 interrogare-

1254 1914 1314 1940 tur.
1375 1907 1518 1940 Certum
1539 1906 1632 1940 enim
1650 1903 1828 1942 decessoris
1843 1906 1979 1943 mariun
1998 1920 2017 1942 a
2035 1908 2166 1944 Caesare
2177 1909 2278 1959 pluri-

1255 1967 1355 1990 mum
1379 1955 1435 1991 vel
1464 1957 1574 2004 premi
1603 1956 1659 1992 vel
1686 1956 1880 1999 sublevari,
1918 1970 2017 2007 prout
2041 1959 2071 1993 ei
2100 1957 2187 1994 foret
2207 1961 2279 1996 ani-

1255 2018 1332 2041 mus
1353 2033 1364 2047 ,
1408 2003 1558 2055 potuisse.
1617 2009 1725 2043 Porro
1763 2007 1964 2057 Hispaniam
2000 2007 2200 2046 ulteriorem
2233 2024 2275 2047 ex

1257 2067 1397 2104 praerura
1430 2055 1560 2092 sortitus
1593 2056 1640 2092 est
1662 2057 1774 2093 Caestr
1805 2072 1814 2093 ε
1845 2072 1925 2094 cum
1953 2058 2045 2095 illam
2077 2060 2278 2109 proconsule

1256 2103 1405 2149 rexiffer,
1430 2108 1481 2142 cui
1511 2107 1723 2144 succedebat.
1755 2121 1865 2163 neque
1889 2110 1984 2145 enim
2001 2108 2135 2146 eaedem
2161 2124 2278 2161 perpe-

1256 2168 1316 2192 tuo
1334 2168 1391 2192 aut
1413 2159 1575 2206 praetoriae
1595 2159 1781 2208 provinciae
1800 2160 1953 2202 suerunt,
1985 2172 2042 2196 aut
2061 2161 2279 2210 proconsula-

1258 2220 1309 2242 res
1331 2221 1339 2243 :
1366 2210 1458 2253 cujus
1474 2210 1520 2244 rei
1531 2208 1731 2259 exemplain
1745 2208 1881 2245 histor-ia
1897 2213 2062 2246 Romana
2072 2224 2144 2246 non
2156 2224 2275 2261 pauca.

1259 2256 1313 2292 Est
1323 2258 1426 2294 etiam
1440 2288 1449 2301 ,
1476 2258 1614 2308 qnando
1626 2261 1782 2296 :suffitores
1794 2273 1873 2295 eum
1884 2288 1895 2301 ,
1921 2261 1977 2310 qui
1989 2274 2027 2296 ex
2038 2273 2179 2310 praetura
2199 2275 2278 2312 pro-

1259 2308 1410 2344 vinciam
1432 2308 1529 2345 fuerit
1552 2311 1669 2345 nastris
1688 2309 1920 2353 consulu-em,
1949 2310 2064 2348 rexiss'e
2083 2311 2177 2348 illam
2199 2326 2279 2362 pro-

1260 2358 1394 2394 consule
1415 2388 1425 2401 ,
1469 2360 1522 2396 vel
1557 2359 1832 2408 proconsulamm
1871 2359 2113 2397 administrasse
2151 2362 2275 2400 dicant.

1260 2409 1463 2458 Exemplum
1475 2411 1507 2445 in
1520 2422 1680 2460 promptu
1692 2410 1733 2446 de
1754 2414 1799 2458 Q.
1812 2412 1980 2447 Cicerone
2000 2411 2088 2462 apud
2108 2411 2196 2448 hunc
2214 2427 2278 2450 no-

1261 2458 1366 2495 strum
1385 2459 1442 2497 lib.
1460 2474 1511 2496 11.
1524 2472 1597 2509 cap.
1617 2475 1626 2496 1
1642 2475 1650 2495 1
1666 2475 1692 2496 1.
1734 2460 1773 2496 Id
1785 2460 1809 2497 fi
1819 2462 1882 2497 isto
1894 2461 1971 2497 loco
1980 2462 2211 2506 admittimus,
2229 2464 2277 2500 le-

1259 2522 1341 2559 gam
1361 2510 1498 2552 lubens,
1530 2523 1610 2546 cum
1630 2509 1823 2547 Turonensi
1840 2516 1876 2548 ὅ(
1907 2513 2075 2549 nonnullis
2099 2513 2169 2549 aliis
2202 2529 2211 2550 :
2238 2521 2295 2552 In·

1259 2561 1422 2608 Hispania
1445 2560 1632 2608 pr:co7z{izle
1650 2589 1660 2602 ‚
1697 2560 1749 2602 (ἴ
1780 2575 1803 2596 a
1825 2563 1920 2610 soci&
1943 2563 2120 2610 pecunlam
2140 2565 2273 2612 accepit.

1259 2611 1535 2661 Atqueiiemhic
1549 2608 1753 2661 significabit
1763 2612 1970 2659 proconsitle,
1997 2613 2091 2662 quod
2111 2612 2199 2649 libro
2224 2628 2274 2652 11.

1258 2661 1496 2708 adnzlnsstmre
1505 2660 1785 2709 proconsulatusw.

1311 2717 1488 2760 Tomosque
1502 2711 1648 2746 millibus
1667 2724 1846 2747 nummum
1864 2712 1900 2747 ln
1918 2711 2023 2748 libras
2033 2713 2278 2762 promercale]

1261 2762 1327 2798 hoc
1347 2762 1414 2804 est,
1447 2774 1481 2797 ut
1498 2763 1531 2796 in
1550 2759 1695 2811 singulas
1716 2763 1787 2797 auri
1804 2762 1904 2798 libras
1932 2762 2064 2811 septem
2091 2766 2222 2814 argenti
2238 2768 2276 2800 ὅ(

1234 2841 1235 2851 ,
1259 2812 1377 2848 selibra
1393 2812 1628 2862 penderentur.
1662 2815 1713 2848 Ita
1732 2812 1945 2849 dostixlrmus
1961 2813 2102 2850 Budaeus
2134 2829 2142 2851 e
2172 2828 2278 2865 quem

1262 2865 1296 2899 in
1313 2864 1378 2899 hoc
1401 2874 1609 2912 argumento
1631 2875 1775 2912 regnare
1795 2877 1891 2913 paene
1905 2863 2034 2906 solum,
2066 2865 2278 2903 consentiunt

1262 2927 1397 2950 omnes.
1428 2926 1489 2963 pro
1507 2915 1608 2948 ternis
1626 2914 1741 2951 inveni
1754 2915 1788 2950 in
1798 2914 1969 2951 nonnullis
1980 2918 2162 2963 quaternos.

1318 2965 1400 2999 Tria
1414 2963 1525 2999 millia
1536 2964 1643 3011 pondo
1662 2964 1739 2999 ami
1748 2965 1890 3010 stiram>-
1912 2978 1927 2999 e
1944 2964 2142 3013 Capitolia]
2202 2968 2276 3001 Hu-

1262 3017 1311 3059 jus
1331 3014 1409 3051 furti
1437 3021 1548 3049 nemo'
1567 3026 1743 3057 veterum,
1770 3013 1961 3057 nistsallor,
1989 3017 2155 3052 meminit.
2215 3015 2278 3050 Pli-

1260 3066 1333 3102 nius
1353 3094 1363 3109 ,
1398 3078 1468 3115 quo
1496 3077 1562 3102 nos
1588 3065 1740 3112 rejiciunt
1767 3067 1962 3116 interpretes
1978 3093 1990 3109 ,
2038 3065 2119 3102 nihil
2132 3093 2145 3109 ,
2185 3064 2280 3151 qtktod

2229 3125 2282 3152 iuc
