<?xml version="1.0" encoding="UTF-8"?>
<!DOCTYPE html PUBLIC "-//W3C//DTD XHTML 1.0 Transitional//EN"
    "http://www.w3.org/TR/xhtml1/DTD/xhtml1-transitional.dtd">
<html xmlns="http://www.w3.org/1999/xhtml" xml:lang="en" lang="en">
 <head>
  <title>
</title>
<meta http-equiv="Content-Type" content="text/html;charset=utf-8" />
  <meta name='ocr-system' content='tesseract 3.04.00' />
  <meta name='ocr-capabilities' content='ocr_page ocr_carea ocr_par ocr_line ocrx_word'/>
</head>
<body>
  <div class='ocr_page' id='page_1' title='image "./csuetoniustranqu00suet_0426.png"; bbox 0 0 2504 3425; ppageno 0'>
   <div class='ocr_carea' id='block_1_1' title="bbox 277 166 1314 261">
    <p class='ocr_par' dir='ltr' id='par_1_1' title="bbox 277 166 1314 261">
     <span class='ocr_line' id='line_1_1' title="bbox 277 166 1314 261; baseline -0.033 -14"><span class='ocrx_word' id='word_1_1' title='bbox 277 192 385 261; x_wconf 85' lang='lat'>406</span> <span class='ocrx_word' id='word_1_2' title='bbox 614 166 1314 237; x_wconf 56' lang='lat' dir='ltr'>C.*SUET.TRAN</span> 
     </span>
    </p>
   </div>
   <div class='ocr_carea' id='block_1_2' title="bbox 283 281 897 340">
    <p class='ocr_par' dir='ltr' id='par_1_2' title="bbox 283 281 897 340">
     <span class='ocr_line' id='line_1_2' title="bbox 283 281 897 340; baseline -0.033 -9"><span class='ocrx_word' id='word_1_3' title='bbox 283 286 361 331; x_wconf 84' lang='lat' dir='ltr'>mit</span> <span class='ocrx_word' id='word_1_4' title='bbox 377 300 389 328; x_wconf 72' lang='grc' dir='ltr'><strong>ε</strong></span> <span class='ocrx_word' id='word_1_5' title='bbox 426 281 651 340; x_wconf 84' lang='lat' dir='ltr'>Torquato</span> <span class='ocrx_word' id='word_1_6' title='bbox 676 287 865 335; x_wconf 80' lang='lat' dir='ltr'>torquem</span> <span class='ocrx_word' id='word_1_7' title='bbox 887 286 897 310; x_wconf 90' lang='lat'><strong>:</strong></span> 
     </span>
    </p>
   </div>
   <div class='ocr_carea' id='block_1_3' title="bbox 282 341 901 540">
    <p class='ocr_par' dir='ltr' id='par_1_3' title="bbox 282 341 901 540">
     <span class='ocr_line' id='line_1_3' title="bbox 282 341 901 412; baseline -0.036 -17"><span class='ocrx_word' id='word_1_8' title='bbox 282 361 540 412; x_wconf 83' lang='lat' dir='ltr'>cognomen.</span> <span class='ocrx_word' id='word_1_9' title='bbox 609 341 901 385; x_wconf 84' lang='lat' dir='ltr'>Ptolemaeum‚</span> 
     </span>
     <span class='ocr_line' id='line_1_4' title="bbox 285 401 744 467; baseline -0.039 -7"><span class='ocrx_word' id='word_1_10' title='bbox 285 413 428 467; x_wconf 73' lang='lat' dir='ltr'>rifice,</span> <span class='ocrx_word' id='word_1_11' title='bbox 463 425 553 454; x_wconf 89' lang='lat' dir='ltr'>non</span> <span class='ocrx_word' id='word_1_12' title='bbox 588 406 662 448; x_wconf 86' lang='lat' dir='ltr'>alia</span> <span class='ocrx_word' id='word_1_13' title='bbox 694 401 744 444; x_wconf 92' lang='lat' dir='ltr'>de</span> 
     </span>
     <span class='ocr_line' id='line_1_5' title="bbox 286 475 541 540; baseline -0.031 -17"><span class='ocrx_word' id='word_1_14' title='bbox 286 475 510 540; x_wconf 61' lang='lat' dir='ltr'>speRacula</span> <span class='ocrx_word' id='word_1_15' title='bbox 529 505 541 525; x_wconf 91' lang='lat'>,</span> 
     </span>
    </p>
   </div>
   <div class='ocr_carea' id='block_1_4' title="bbox 286 518 1312 786">
    <p class='ocr_par' dir='ltr' id='par_1_4' title="bbox 286 518 1312 786">
     <span class='ocr_line' id='line_1_6' title="bbox 289 518 1312 587; baseline -0.034 0"><span class='ocrx_word' id='word_1_16' title='bbox 289 557 378 586; x_wconf 84' lang='lat' dir='ltr'>cros</span> <span class='ocrx_word' id='word_1_17' title='bbox 400 544 443 584; x_wconf 86' lang='lat'>&amp;</span> <span class='ocrx_word' id='word_1_18' title='bbox 469 544 652 580; x_wconf 78' lang='lat' dir='ltr'>comatos</span> <span class='ocrx_word' id='word_1_19' title='bbox 671 562 683 582; x_wconf 90' lang='lat'>‚</span> <span class='ocrx_word' id='word_1_20' title='bbox 729 524 896 587; x_wconf 86' lang='lat' dir='ltr'>quoties</span> <span class='ocrx_word' id='word_1_21' title='bbox 918 518 992 564; x_wconf 82' lang='lat' dir='ltr'>sibi</span> <span class='ocrx_word' id='word_1_22' title='bbox 1014 523 1279 561; x_wconf 86' lang='lat' dir='ltr'>occurrerent</span> <span class='ocrx_word' id='word_1_23' title='bbox 1298 543 1312 563; x_wconf 91' lang='lat'>,</span> 
     </span>
     <span class='ocr_line' id='line_1_7' title="bbox 286 589 835 660; baseline -0.036 -10"><span class='ocrx_word' id='word_1_24' title='bbox 286 605 402 650; x_wconf 82' lang='lat' dir='ltr'>culus</span> <span class='ocrx_word' id='word_1_25' title='bbox 434 611 543 660; x_wconf 80' lang='lat' dir='ltr'>patre</span> <span class='ocrx_word' id='word_1_26' title='bbox 570 589 835 655; x_wconf 83' lang='lat' dir='ltr'>primipilari,</span> 
     </span>
     <span class='ocr_line' id='line_1_8' title="bbox 289 668 388 711; baseline -0.04 1"><span class='ocrx_word' id='word_1_27' title='bbox 289 668 388 711; x_wconf 57' lang='lat' dir='ltr'>fiius.</span> 
     </span>
     <span class='ocr_line' id='line_1_9' title="bbox 288 711 1022 786; baseline -0.029 -12"><span class='ocrx_word' id='word_1_28' title='bbox 288 745 386 774; x_wconf 71' lang='lat' dir='ltr'>mox</span> <span class='ocrx_word' id='word_1_29' title='bbox 419 719 701 786; x_wconf 79' lang='lat' dir='ltr'>hoplomacho</span> <span class='ocrx_word' id='word_1_30' title='bbox 735 711 1022 776; x_wconf 86' lang='lat' dir='ltr'>comparavit:</span> 
     </span>
    </p>
   </div>
   <div class='ocr_carea' id='block_1_5' title="bbox 1345 157 2039 228">
    <p class='ocr_par' dir='ltr' id='par_1_5' title="bbox 1345 157 2039 228">
     <span class='ocr_line' id='line_1_10' title="bbox 1345 157 2039 228; baseline -0.004 -13"><span class='ocrx_word' id='word_1_31' title='bbox 1345 175 1679 228; x_wconf 60' lang='grc' dir='ltr'>(ζυιιιῐ</span> <span class='ocrx_word' id='word_1_32' title='bbox 1733 160 1885 214; x_wconf 79' lang='lat' dir='ltr'>L113.</span> <span class='ocrx_word' id='word_1_33' title='bbox 1926 157 2039 214; x_wconf 88' lang='lat' dir='ltr'>IV.</span> 
     </span>
    </p>
   </div>
   <div class='ocr_carea' id='block_1_6' title="bbox 578 250 2369 511">
    <p class='ocr_par' dir='ltr' id='par_1_6' title="bbox 578 250 2369 511">
     <span class='ocr_line' id='line_1_11' title="bbox 933 250 2361 314; baseline -0.008 -5"><span class='ocrx_word' id='word_1_34' title='bbox 933 262 1195 308; x_wconf 84' lang='lat' dir='ltr'>Cincinnato</span> <span class='ocrx_word' id='word_1_35' title='bbox 1218 254 1407 298; x_wconf 88' lang='lat' dir='ltr'>crinem:</span> <span class='ocrx_word' id='word_1_36' title='bbox 1445 252 1531 296; x_wconf 90' lang='lat' dir='ltr'>Cn.</span> <span class='ocrx_word' id='word_1_37' title='bbox 1556 256 1763 312; x_wconf 87' lang='lat' dir='ltr'>Pompejo</span> <span class='ocrx_word' id='word_1_38' title='bbox 1795 250 1929 312; x_wconf 83' lang='lat' dir='ltr'>stirpis</span> <span class='ocrx_word' id='word_1_39' title='bbox 1963 251 2168 314; x_wconf 83' lang='lat' dir='ltr'>antiquae,</span> <span class='ocrx_word' id='word_1_40' title='bbox 2211 251 2361 305; x_wconf 62' lang='lat' dir='ltr'>Maeni</span> 
     </span>
     <span class='ocr_line' id='line_1_12' title="bbox 936 304 2369 386; baseline -0.011 -15"><span class='ocrx_word' id='word_1_41' title='bbox 936 327 985 371; x_wconf 90' lang='lat' dir='ltr'>de</span> <span class='ocrx_word' id='word_1_42' title='bbox 1007 339 1094 386; x_wconf 87' lang='lat' dir='ltr'>quo</span> <span class='ocrx_word' id='word_1_43' title='bbox 1122 318 1269 373; x_wconf 86' lang='lat' dir='ltr'>retuli,</span> <span class='ocrx_word' id='word_1_44' title='bbox 1305 321 1349 361; x_wconf 90' lang='lat'>&amp;</span> <span class='ocrx_word' id='word_1_45' title='bbox 1383 316 1620 361; x_wconf 78' lang='lat' dir='ltr'>accersitum</span> <span class='ocrx_word' id='word_1_46' title='bbox 1654 332 1676 360; x_wconf 89' lang='lat' dir='ltr'>e</span> <span class='ocrx_word' id='word_1_47' title='bbox 1712 331 1866 377; x_wconf 76' lang='lat' dir='ltr'>regne,</span> <span class='ocrx_word' id='word_1_48' title='bbox 1903 319 1945 359; x_wconf 88' lang='lat'><strong>&amp;</strong></span> <span class='ocrx_word' id='word_1_49' title='bbox 1979 328 2196 378; x_wconf 87' lang='lat' dir='ltr'>exceptum</span> <span class='ocrx_word' id='word_1_50' title='bbox 2227 304 2369 361; x_wconf 58' lang='lat' dir='ltr'>hosio-</span> 
     </span>
     <span class='ocr_line' id='line_1_13' title="bbox 779 376 2368 451; baseline -0.011 -11"><span class='ocrx_word' id='word_1_51' title='bbox 779 390 906 440; x_wconf 76' lang='lat' dir='ltr'>cauffa</span> <span class='ocrx_word' id='word_1_52' title='bbox 940 402 1107 451; x_wconf 86' lang='lat' dir='ltr'>repente</span> <span class='ocrx_word' id='word_1_53' title='bbox 1142 378 1361 445; x_wconf 82' lang='lat' dir='ltr'>pcrcuffit,</span> <span class='ocrx_word' id='word_1_54' title='bbox 1394 397 1519 441; x_wconf 85' lang='lat' dir='ltr'>quam</span> <span class='ocrx_word' id='word_1_55' title='bbox 1552 379 1666 441; x_wconf 87' lang='lat' dir='ltr'>quod</span> <span class='ocrx_word' id='word_1_56' title='bbox 1700 378 1847 423; x_wconf 80' lang='lat' dir='ltr'>edente</span> <span class='ocrx_word' id='word_1_57' title='bbox 1873 376 1911 421; x_wconf 89' lang='lat' dir='ltr'>se</span> <span class='ocrx_word' id='word_1_58' title='bbox 1936 395 2109 434; x_wconf 84' lang='lat' dir='ltr'>munus,</span> <span class='ocrx_word' id='word_1_59' title='bbox 2146 379 2368 441; x_wconf 78' lang='lat' dir='ltr'>ingrestum</span> 
     </span>
     <span class='ocr_line' id='line_1_14' title="bbox 578 441 2368 511; baseline -0.016 0"><span class='ocrx_word' id='word_1_60' title='bbox 578 459 817 511; x_wconf 76' lang='lat' dir='ltr'>convertisse</span> <span class='ocrx_word' id='word_1_61' title='bbox 850 456 1071 501; x_wconf 85' lang='lat' dir='ltr'>hominum</span> <span class='ocrx_word' id='word_1_62' title='bbox 1105 447 1252 494; x_wconf 83' lang='lat' dir='ltr'>oculos</span> <span class='ocrx_word' id='word_1_63' title='bbox 1284 441 1448 505; x_wconf 80' lang='lat' dir='ltr'>fulgore</span> <span class='ocrx_word' id='word_1_64' title='bbox 1483 458 1692 504; x_wconf 87' lang='lat' dir='ltr'>purpureae</span> <span class='ocrx_word' id='word_1_65' title='bbox 1725 441 1870 487; x_wconf 83' lang='lat' dir='ltr'>abollae</span> <span class='ocrx_word' id='word_1_66' title='bbox 1905 442 2205 489; x_wconf 83' lang='lat' dir='ltr'>animadvertit.</span> <span class='ocrx_word' id='word_1_67' title='bbox 2268 445 2368 488; x_wconf 84' lang='lat' dir='ltr'>Pul-</span> 
     </span>
    </p>
   </div>
   <div class='ocr_carea' id='block_1_7' title="bbox 1355 504 2372 568">
    <p class='ocr_par' dir='ltr' id='par_1_7' title="bbox 1355 504 2372 568">
     <span class='ocr_line' id='line_1_15' title="bbox 1355 504 2372 568; baseline 0 -18"><span class='ocrx_word' id='word_1_68' title='bbox 1355 508 1556 568; x_wconf 85' lang='lat' dir='ltr'>occipitio</span> <span class='ocrx_word' id='word_1_69' title='bbox 1581 505 1667 551; x_wconf 86' lang='lat' dir='ltr'>raso</span> <span class='ocrx_word' id='word_1_70' title='bbox 1689 504 1942 566; x_wconf 84' lang='lat' dir='ltr'>deturpabat.</span> <span class='ocrx_word' id='word_1_71' title='bbox 2009 506 2109 550; x_wconf 88' lang='lat' dir='ltr'>Erat</span> <span class='ocrx_word' id='word_1_72' title='bbox 2130 504 2248 550; x_wconf 81' lang='lat' dir='ltr'>Efius</span> <span class='ocrx_word' id='word_1_73' title='bbox 2270 509 2372 551; x_wconf 78' lang='lat' dir='ltr'>Pro-</span> 
     </span>
    </p>
   </div>
   <div class='ocr_carea' id='block_1_8' title="bbox 456 568 2377 768">
    <p class='ocr_par' dir='ltr' id='par_1_8' title="bbox 456 568 2377 768">
     <span class='ocr_line' id='line_1_16' title="bbox 871 568 2374 645; baseline -0.009 -16"><span class='ocrx_word' id='word_1_74' title='bbox 871 583 929 629; x_wconf 90' lang='lat' dir='ltr'>ob</span> <span class='ocrx_word' id='word_1_75' title='bbox 962 580 1174 645; x_wconf 83' lang='lat' dir='ltr'>egregiam</span> <span class='ocrx_word' id='word_1_76' title='bbox 1209 572 1395 633; x_wconf 83' lang='lat' dir='ltr'>corporis</span> <span class='ocrx_word' id='word_1_77' title='bbox 1427 570 1749 632; x_wconf 84' lang='lat' dir='ltr'>amplitudinem</span> <span class='ocrx_word' id='word_1_78' title='bbox 1782 573 1825 614; x_wconf 72' lang='grc' dir='ltr'>δε</span> <span class='ocrx_word' id='word_1_79' title='bbox 1863 568 2042 630; x_wconf 88' lang='lat' dir='ltr'>speciem</span> <span class='ocrx_word' id='word_1_80' title='bbox 2077 571 2277 628; x_wconf 66' lang='lat' dir='ltr'>Colffros</span> <span class='ocrx_word' id='word_1_81' title='bbox 2308 570 2374 615; x_wconf 87' lang='lat' dir='ltr'>di-</span> 
     </span>
     <span class='ocr_line' id='line_1_17' title="bbox 456 631 2373 716; baseline -0.016 -10"><span class='ocrx_word' id='word_1_82' title='bbox 456 662 588 706; x_wconf 88' lang='lat' dir='ltr'>Hunc</span> <span class='ocrx_word' id='word_1_83' title='bbox 623 673 644 701; x_wconf 93' lang='lat' dir='ltr'>e</span> <span class='ocrx_word' id='word_1_84' title='bbox 680 649 916 716; x_wconf 55' lang='lat' dir='ltr'>spectaculis</span> <span class='ocrx_word' id='word_1_85' title='bbox 949 645 1199 709; x_wconf 66' lang='lat' dir='ltr'>detra&amp;um,</span> <span class='ocrx_word' id='word_1_86' title='bbox 1240 648 1408 696; x_wconf 85' lang='lat' dir='ltr'>repente</span> <span class='ocrx_word' id='word_1_87' title='bbox 1442 638 1486 678; x_wconf 76' lang='grc' dir='ltr'>δε</span> <span class='ocrx_word' id='word_1_88' title='bbox 1522 635 1566 678; x_wconf 92' lang='lat' dir='ltr'>in</span> <span class='ocrx_word' id='word_1_89' title='bbox 1601 631 1795 677; x_wconf 82' lang='lat' dir='ltr'>harenam</span> <span class='ocrx_word' id='word_1_90' title='bbox 1828 632 2079 688; x_wconf 67' lang='lat' dir='ltr'>deductum,</span> <span class='ocrx_word' id='word_1_91' title='bbox 2114 632 2296 689; x_wconf 85' lang='lat' dir='ltr'>Thraci,</span> <span class='ocrx_word' id='word_1_92' title='bbox 2329 638 2373 680; x_wconf 90' lang='lat'>&amp;</span> 
     </span>
     <span class='ocr_line' id='line_1_18' title="bbox 1067 694 2377 768; baseline -0.006 -18"><span class='ocrx_word' id='word_1_93' title='bbox 1067 707 1215 768; x_wconf 77' lang='lat' dir='ltr'>hiique</span> <span class='ocrx_word' id='word_1_94' title='bbox 1248 700 1451 746; x_wconf 68' lang='lat' dir='ltr'>victorem</span> <span class='ocrx_word' id='word_1_95' title='bbox 1485 695 1715 759; x_wconf 83' lang='lat' dir='ltr'>constringi</span> <span class='ocrx_word' id='word_1_96' title='bbox 1749 695 1834 742; x_wconf 85' lang='lat' dir='ltr'>fine</span> <span class='ocrx_word' id='word_1_97' title='bbox 1867 712 1982 742; x_wconf 87' lang='lat' dir='ltr'>mora</span> <span class='ocrx_word' id='word_1_98' title='bbox 2002 694 2131 754; x_wconf 84' lang='lat' dir='ltr'>juffit,</span> <span class='ocrx_word' id='word_1_99' title='bbox 2167 702 2209 742; x_wconf 90' lang='lat'>&amp;</span> <span class='ocrx_word' id='word_1_100' title='bbox 2232 700 2377 758; x_wconf 80' lang='lat' dir='ltr'>pannis</span> 
     </span>
    </p>
   </div>
   <div class='ocr_carea' id='block_1_9' title="bbox 288 760 2378 838">
    <p class='ocr_par' dir='ltr' id='par_1_9' title="bbox 288 760 2378 838">
     <span class='ocr_line' id='line_1_19' title="bbox 288 760 2378 838; baseline -0.018 0"><span class='ocrx_word' id='word_1_101' title='bbox 288 792 471 838; x_wconf 74' lang='lat' dir='ltr'>obsitum</span> <span class='ocrx_word' id='word_1_102' title='bbox 494 787 660 833; x_wconf 81' lang='lat' dir='ltr'>vicatim</span> <span class='ocrx_word' id='word_1_103' title='bbox 683 777 968 831; x_wconf 88' lang='lat' dir='ltr'>circumduci,</span> <span class='ocrx_word' id='word_1_104' title='bbox 1001 788 1047 818; x_wconf 85' lang='lat' dir='ltr'>ac</span> <span class='ocrx_word' id='word_1_105' title='bbox 1069 763 1313 818; x_wconf 83' lang='lat' dir='ltr'>mulieribus</span> <span class='ocrx_word' id='word_1_106' title='bbox 1334 761 1496 807; x_wconf 84' lang='lat' dir='ltr'>ostendi</span> <span class='ocrx_word' id='word_1_107' title='bbox 1521 795 1533 815; x_wconf 88' lang='lat'>‚</span> <span class='ocrx_word' id='word_1_108' title='bbox 1580 760 1729 805; x_wconf 86' lang='lat' dir='ltr'>deinde</span> <span class='ocrx_word' id='word_1_109' title='bbox 1747 761 1936 824; x_wconf 81' lang='lat' dir='ltr'>jugulari.</span> <span class='ocrx_word' id='word_1_110' title='bbox 2002 761 2160 805; x_wconf 87' lang='lat' dir='ltr'>Nullus</span> <span class='ocrx_word' id='word_1_111' title='bbox 2192 760 2378 823; x_wconf 82' lang='lat' dir='ltr'>denique</span> 
     </span>
    </p>
   </div>
   <div class='ocr_carea' id='block_1_10' title="bbox 289 844 885 913">
    <p class='ocr_par' dir='ltr' id='par_1_10' title="bbox 289 844 885 913">
     <span class='ocr_line' id='line_1_20' title="bbox 289 844 885 913; baseline -0.03 -9"><span class='ocrx_word' id='word_1_112' title='bbox 289 871 374 903; x_wconf 75' lang='lat' dir='ltr'>mm</span> <span class='ocrx_word' id='word_1_113' title='bbox 408 852 574 913; x_wconf 70' lang='lat' dir='ltr'>abje&amp;ae</span> <span class='ocrx_word' id='word_1_114' title='bbox 608 844 885 899; x_wconf 87' lang='lat' dir='ltr'>conditionis,</span> 
     </span>
    </p>
   </div>
   <div class='ocr_carea' id='block_1_11' title="bbox 290 976 1313 1194">
    <p class='ocr_par' dir='ltr' id='par_1_11' title="bbox 290 976 1313 1194">
     <span class='ocr_line' id='line_1_21' title="bbox 785 976 1313 1033; baseline -0.034 -14"><span class='ocrx_word' id='word_1_115' title='bbox 785 977 942 1033; x_wconf 81' lang='lat' dir='ltr'>potestas.</span> <span class='ocrx_word' id='word_1_116' title='bbox 981 976 1171 1026; x_wconf 84' lang='lat' dir='ltr'>Apponam</span> <span class='ocrx_word' id='word_1_117' title='bbox 1193 979 1313 1006; x_wconf 81' lang='lat' dir='ltr'>tamen</span> 
     </span>
     <span class='ocr_line' id='line_1_22' title="bbox 291 1018 1313 1085; baseline -0.026 -6"><span class='ocrx_word' id='word_1_118' title='bbox 291 1043 368 1085; x_wconf 84' lang='lat' dir='ltr'>hic,</span> <span class='ocrx_word' id='word_1_119' title='bbox 395 1039 595 1077; x_wconf 84' lang='lat' dir='ltr'>Samuelem</span> <span class='ocrx_word' id='word_1_120' title='bbox 614 1040 808 1074; x_wconf 77' lang='lat' dir='ltr'>Pentumi.</span> <span class='ocrx_word' id='word_1_121' title='bbox 834 1030 970 1069; x_wconf 77' lang='lat' dir='ltr'>Variar.</span> <span class='ocrx_word' id='word_1_122' title='bbox 996 1026 1154 1063; x_wconf 62' lang='lat' dir='ltr'>Lection.</span> <span class='ocrx_word' id='word_1_123' title='bbox 1181 1034 1235 1056; x_wconf 76' lang='grc' dir='ltr'>ιο.</span> <span class='ocrx_word' id='word_1_124' title='bbox 1267 1018 1313 1053; x_wconf 94' lang='lat' dir='ltr'>le-</span> 
     </span>
     <span class='ocr_line' id='line_1_23' title="bbox 290 1069 1313 1143; baseline -0.026 -13"><span class='ocrx_word' id='word_1_125' title='bbox 290 1091 447 1143; x_wconf 79' lang='lat' dir='ltr'>gendum</span> <span class='ocrx_word' id='word_1_126' title='bbox 465 1087 612 1141; x_wconf 67' lang='lat' dir='ltr'>pumssie,</span> <span class='ocrx_word' id='word_1_127' title='bbox 634 1096 752 1136; x_wconf 69' lang='lat' dir='ltr'>prater</span> <span class='ocrx_word' id='word_1_128' title='bbox 773 1093 920 1132; x_wconf 66' lang='lat' dir='ltr'>equum,</span> <span class='ocrx_word' id='word_1_129' title='bbox 942 1074 1221 1125; x_wconf 79' lang='lat' dir='ltr'>interpretatione</span> <span class='ocrx_word' id='word_1_130' title='bbox 1239 1069 1313 1105; x_wconf 89' lang='lat' dir='ltr'>lon-</span> 
     </span>
     <span class='ocr_line' id='line_1_24' title="bbox 293 1138 608 1194; baseline -0.019 -14"><span class='ocrx_word' id='word_1_131' title='bbox 293 1141 439 1194; x_wconf 80' lang='lat' dir='ltr'>giuscule</span> <span class='ocrx_word' id='word_1_132' title='bbox 459 1138 608 1190; x_wconf 73' lang='lat' dir='ltr'>quaesita.</span> 
     </span>
    </p>
   </div>
   <div class='ocr_carea' id='block_1_12' title="bbox 619 1216 988 1250">
    <p class='ocr_par' dir='ltr' id='par_1_12' title="bbox 619 1216 988 1250">
     <span class='ocr_line' id='line_1_25' title="bbox 619 1216 988 1250; baseline -0.019 0"><span class='ocrx_word' id='word_1_133' title='bbox 619 1216 988 1250; x_wconf 66' lang='lat' dir='ltr'>TonRF-NT.</span> 
     </span>
    </p>
   </div>
   <div class='ocr_carea' id='block_1_13' title="bbox 291 1270 1330 3083">
    <p class='ocr_par' dir='ltr' id='par_1_13' title="bbox 291 1270 1315 1438">
     <span class='ocr_line' id='line_1_26' title="bbox 352 1270 1314 1336; baseline -0.021 -11"><span class='ocrx_word' id='word_1_134' title='bbox 352 1302 405 1333; x_wconf 87' lang='lat'>35.</span> <span class='ocrx_word' id='word_1_135' title='bbox 426 1291 592 1336; x_wconf 81' lang='lat' dir='ltr'>Torquato</span> <span class='ocrx_word' id='word_1_136' title='bbox 607 1294 771 1332; x_wconf 83' lang='lat' dir='ltr'>torquem.</span> <span class='ocrx_word' id='word_1_137' title='bbox 787 1281 801 1327; x_wconf 93' lang='lat'>]</span> <span class='ocrx_word' id='word_1_138' title='bbox 836 1278 941 1329; x_wconf 80' lang='lat' dir='ltr'>Atqui</span> <span class='ocrx_word' id='word_1_139' title='bbox 960 1273 1128 1326; x_wconf 78' lang='lat' dir='ltr'>Augustus</span> <span class='ocrx_word' id='word_1_140' title='bbox 1145 1270 1314 1321; x_wconf 86' lang='lat' dir='ltr'>Torquati</span> 
     </span>
     <span class='ocr_line' id='line_1_27' title="bbox 291 1321 1315 1386; baseline -0.02 -10"><span class='ocrx_word' id='word_1_141' title='bbox 291 1351 425 1376; x_wconf 83' lang='lat' dir='ltr'>nomen</span> <span class='ocrx_word' id='word_1_142' title='bbox 439 1366 451 1381; x_wconf 98' lang='lat'><em>‚</em></span> <span class='ocrx_word' id='word_1_143' title='bbox 481 1335 576 1386; x_wconf 87' lang='lat' dir='ltr'>quod</span> <span class='ocrx_word' id='word_1_144' title='bbox 596 1333 805 1371; x_wconf 81' lang='lat' dir='ltr'>Manliorum</span> <span class='ocrx_word' id='word_1_145' title='bbox 815 1341 905 1372; x_wconf 86' lang='lat' dir='ltr'>erat,</span> <span class='ocrx_word' id='word_1_146' title='bbox 925 1330 967 1365; x_wconf 87' lang='lat' dir='ltr'>C.</span> <span class='ocrx_word' id='word_1_147' title='bbox 980 1327 1139 1363; x_wconf 84' lang='lat' dir='ltr'>Nonium</span> <span class='ocrx_word' id='word_1_148' title='bbox 1150 1321 1315 1373; x_wconf 86' lang='lat' dir='ltr'>Asprena-</span> 
     </span>
     <span class='ocr_line' id='line_1_28' title="bbox 291 1376 1274 1438; baseline -0.02 -10"><span class='ocrx_word' id='word_1_149' title='bbox 291 1401 390 1433; x_wconf 80' lang='lat' dir='ltr'>tem,</span> <span class='ocrx_word' id='word_1_150' title='bbox 421 1385 637 1438; x_wconf 87' lang='lat' dir='ltr'>posterosque</span> <span class='ocrx_word' id='word_1_151' title='bbox 660 1386 732 1428; x_wconf 80' lang='lat' dir='ltr'>ejus</span> <span class='ocrx_word' id='word_1_152' title='bbox 752 1382 841 1418; x_wconf 89' lang='lat' dir='ltr'>ferre</span> <span class='ocrx_word' id='word_1_153' title='bbox 864 1376 1039 1431; x_wconf 84' lang='lat' dir='ltr'>permisit,</span> <span class='ocrx_word' id='word_1_154' title='bbox 1062 1385 1234 1424; x_wconf 78' lang='lat' dir='ltr'>cap.xL11</span> <span class='ocrx_word' id='word_1_155' title='bbox 1248 1387 1274 1408; x_wconf 90' lang='lat'>1.</span> 
     </span>
    </p>

    <p class='ocr_par' dir='ltr' id='par_1_14' title="bbox 293 1425 1315 1591">
     <span class='ocr_line' id='line_1_29' title="bbox 348 1425 1315 1486; baseline -0.019 -11"><span class='ocrx_word' id='word_1_156' title='bbox 348 1440 473 1486; x_wconf 81' lang='lat' dir='ltr'>Magni</span> <span class='ocrx_word' id='word_1_157' title='bbox 491 1433 696 1484; x_wconf 81' lang='lat' dir='ltr'>cognomen.]</span> <span class='ocrx_word' id='word_1_158' title='bbox 724 1432 826 1469; x_wconf 91' lang='lat' dir='ltr'>Liber</span> <span class='ocrx_word' id='word_1_159' title='bbox 844 1441 916 1481; x_wconf 88' lang='lat' dir='ltr'>opt.</span> <span class='ocrx_word' id='word_1_160' title='bbox 932 1440 1062 1465; x_wconf 79' lang='lat' dir='ltr'>nomen.</span> <span class='ocrx_word' id='word_1_161' title='bbox 1090 1425 1181 1462; x_wconf 85' lang='lat' dir='ltr'>Huic</span> <span class='ocrx_word' id='word_1_162' title='bbox 1198 1434 1315 1459; x_wconf 84' lang='lat' dir='ltr'>autem</span> 
     </span>
     <span class='ocr_line' id='line_1_30' title="bbox 293 1472 1314 1537; baseline -0.018 -10"><span class='ocrx_word' id='word_1_163' title='bbox 293 1492 362 1527; x_wconf 89' lang='lat' dir='ltr'>Cn.</span> <span class='ocrx_word' id='word_1_164' title='bbox 392 1489 567 1537; x_wconf 73' lang='lat' dir='ltr'>Pompeio</span> <span class='ocrx_word' id='word_1_165' title='bbox 587 1515 599 1529; x_wconf 95' lang='lat'>,</span> <span class='ocrx_word' id='word_1_166' title='bbox 643 1483 778 1522; x_wconf 88' lang='lat' dir='ltr'>reddito</span> <span class='ocrx_word' id='word_1_167' title='bbox 801 1481 921 1530; x_wconf 75' lang='lat' dir='ltr'>Magni</span> <span class='ocrx_word' id='word_1_168' title='bbox 940 1478 1087 1516; x_wconf 88' lang='lat' dir='ltr'>nomine</span> <span class='ocrx_word' id='word_1_169' title='bbox 1102 1503 1114 1520; x_wconf 93' lang='lat'>,</span> <span class='ocrx_word' id='word_1_170' title='bbox 1151 1472 1314 1510; x_wconf 83' lang='lat' dir='ltr'>Claudius</span> 
     </span>
     <span class='ocr_line' id='line_1_31' title="bbox 295 1534 995 1591; baseline -0.011 -15"><span class='ocrx_word' id='word_1_171' title='bbox 295 1539 414 1591; x_wconf 79' lang='lat' dir='ltr'>postea</span> <span class='ocrx_word' id='word_1_172' title='bbox 433 1535 542 1574; x_wconf 84' lang='lat' dir='ltr'>filiam</span> <span class='ocrx_word' id='word_1_173' title='bbox 560 1534 759 1587; x_wconf 83' lang='lat' dir='ltr'>despondit,</span> <span class='ocrx_word' id='word_1_174' title='bbox 785 1545 858 1583; x_wconf 85' lang='lat' dir='ltr'>cap.</span> <span class='ocrx_word' id='word_1_175' title='bbox 869 1544 954 1568; x_wconf 79' lang='lat' dir='ltr'>xxvi</span> <span class='ocrx_word' id='word_1_176' title='bbox 967 1544 995 1568; x_wconf 90' lang='lat'>1.</span> 
     </span>
    </p>

    <p class='ocr_par' dir='ltr' id='par_1_15' title="bbox 293 1572 1315 1792">
     <span class='ocr_line' id='line_1_32' title="bbox 349 1572 1313 1636; baseline -0.015 -11"><span class='ocrx_word' id='word_1_177' title='bbox 349 1595 521 1636; x_wconf 71' lang='lat' dir='ltr'>Purpurea</span> <span class='ocrx_word' id='word_1_178' title='bbox 537 1586 684 1633; x_wconf 50' lang='lat' dir='ltr'>abolla]</span> <span class='ocrx_word' id='word_1_179' title='bbox 716 1583 880 1621; x_wconf 85' lang='lat' dir='ltr'>Abollam</span> <span class='ocrx_word' id='word_1_180' title='bbox 903 1580 1044 1618; x_wconf 87' lang='lat' dir='ltr'>Nonius</span> <span class='ocrx_word' id='word_1_181' title='bbox 1062 1574 1197 1617; x_wconf 87' lang='lat' dir='ltr'>vestem</span> <span class='ocrx_word' id='word_1_182' title='bbox 1219 1572 1313 1612; x_wconf 82' lang='lat' dir='ltr'>fuiffe</span> 
     </span>
     <span class='ocr_line' id='line_1_33' title="bbox 295 1627 1315 1678; baseline -0.017 -1"><span class='ocrx_word' id='word_1_183' title='bbox 295 1639 483 1678; x_wconf 80' lang='lat' dir='ltr'>militarem</span> <span class='ocrx_word' id='word_1_184' title='bbox 502 1637 612 1675; x_wconf 82' lang='lat' dir='ltr'>tradit.</span> <span class='ocrx_word' id='word_1_185' title='bbox 657 1639 706 1672; x_wconf 83' lang='lat' dir='ltr'>Ut</span> <span class='ocrx_word' id='word_1_186' title='bbox 727 1647 802 1671; x_wconf 85' lang='lat' dir='ltr'>non</span> <span class='ocrx_word' id='word_1_187' title='bbox 816 1632 908 1670; x_wconf 85' lang='lat' dir='ltr'>male</span> <span class='ocrx_word' id='word_1_188' title='bbox 924 1630 1119 1669; x_wconf 84' lang='lat' dir='ltr'>Ptolemaeo</span> <span class='ocrx_word' id='word_1_189' title='bbox 1135 1627 1212 1663; x_wconf 89' lang='lat' dir='ltr'>huic</span> <span class='ocrx_word' id='word_1_190' title='bbox 1232 1639 1315 1662; x_wconf 91' lang='lat' dir='ltr'>con-</span> 
     </span>
     <span class='ocr_line' id='line_1_34' title="bbox 293 1679 1315 1748; baseline -0.015 -20"><span class='ocrx_word' id='word_1_191' title='bbox 293 1690 413 1748; x_wconf 71' lang='lat' dir='ltr'>yeniat</span> <span class='ocrx_word' id='word_1_192' title='bbox 426 1719 439 1735; x_wconf 95' lang='lat'>,</span> <span class='ocrx_word' id='word_1_193' title='bbox 465 1690 536 1739; x_wconf 80' lang='lat' dir='ltr'>regi</span> <span class='ocrx_word' id='word_1_194' title='bbox 557 1699 689 1738; x_wconf 86' lang='lat' dir='ltr'>nempe</span> <span class='ocrx_word' id='word_1_195' title='bbox 709 1685 869 1724; x_wconf 82' lang='lat' dir='ltr'>Barbaro.</span> <span class='ocrx_word' id='word_1_196' title='bbox 910 1679 1068 1727; x_wconf 81' lang='lat' dir='ltr'>Juvenal.</span> <span class='ocrx_word' id='word_1_197' title='bbox 1090 1682 1156 1716; x_wconf 88' lang='lat' dir='ltr'>Sat.</span> <span class='ocrx_word' id='word_1_198' title='bbox 1174 1690 1225 1715; x_wconf 82' lang='lat' dir='ltr'>iv.</span> <span class='ocrx_word' id='word_1_199' title='bbox 1235 1689 1315 1714; x_wconf 91' lang='lat' dir='ltr'>cum</span> 
     </span>
     <span class='ocr_line' id='line_1_35' title="bbox 297 1742 424 1792; baseline -0.016 -13"><span class='ocrx_word' id='word_1_200' title='bbox 297 1742 424 1792; x_wconf 80' lang='lat' dir='ltr'>inquit,</span> 
     </span>
    </p>

    <p class='ocr_par' dir='ltr' id='par_1_16' title="bbox 301 1777 1321 2138">
     <span class='ocr_line' id='line_1_36' title="bbox 683 1777 1236 1835; baseline -0.02 -10"><span class='ocrx_word' id='word_1_201' title='bbox 683 1809 699 1819; x_wconf 92' lang='lat'>-</span> <span class='ocrx_word' id='word_1_202' title='bbox 726 1810 740 1817; x_wconf 90' lang='lat'>-</span> <span class='ocrx_word' id='word_1_203' title='bbox 769 1810 783 1817; x_wconf 94' lang='lat'>-</span> <span class='ocrx_word' id='word_1_204' title='bbox 807 1793 906 1835; x_wconf 70' lang='lat' dir='ltr'>rapta</span> <span class='ocrx_word' id='word_1_205' title='bbox 918 1781 1113 1833; x_wconf 78' lang='lat' dir='ltr'>properabat</span> <span class='ocrx_word' id='word_1_206' title='bbox 1127 1777 1236 1816; x_wconf 85' lang='lat' dir='ltr'>abolla</span> 
     </span>
     <span class='ocr_line' id='line_1_37' title="bbox 415 1841 579 1890; baseline 0 -13"><span class='ocrx_word' id='word_1_207' title='bbox 415 1841 558 1890; x_wconf 72' lang='lat' dir='ltr'>Pegasus&#39;</span> <span class='ocrx_word' id='word_1_208' title='bbox 568 1869 579 1885; x_wconf 93' lang='lat'>‚</span> 
     </span>
     <span class='ocr_line' id='line_1_38' title="bbox 303 1877 1318 1940; baseline -0.015 -12"><span class='ocrx_word' id='word_1_209' title='bbox 303 1889 488 1928; x_wconf 79' lang='lat' dir='ltr'>honestum</span> <span class='ocrx_word' id='word_1_210' title='bbox 506 1889 703 1930; x_wconf 82' lang='lat' dir='ltr'>vestimenti</span> <span class='ocrx_word' id='word_1_211' title='bbox 724 1900 832 1940; x_wconf 82' lang='lat' dir='ltr'>genus</span> <span class='ocrx_word' id='word_1_212' title='bbox 847 1882 940 1922; x_wconf 68' lang='lat' dir='ltr'>fisiffe</span> <span class='ocrx_word' id='word_1_213' title='bbox 958 1881 1123 1924; x_wconf 90' lang='lat' dir='ltr'>ostendit,</span> <span class='ocrx_word' id='word_1_214' title='bbox 1153 1877 1245 1930; x_wconf 89' lang='lat' dir='ltr'>quod</span> <span class='ocrx_word' id='word_1_215' title='bbox 1255 1881 1318 1914; x_wconf 87' lang='lat' dir='ltr'>Pe-</span> 
     </span>
     <span class='ocr_line' id='line_1_39' title="bbox 303 1932 1321 1979; baseline -0.014 0"><span class='ocrx_word' id='word_1_216' title='bbox 303 1941 403 1978; x_wconf 76' lang='lat' dir='ltr'>oasus</span> <span class='ocrx_word' id='word_1_217' title='bbox 416 1942 518 1978; x_wconf 88' lang='lat' dir='ltr'>iturus</span> <span class='ocrx_word' id='word_1_218' title='bbox 537 1940 664 1976; x_wconf 83' lang='lat' dir='ltr'>Albam</span> <span class='ocrx_word' id='word_1_219' title='bbox 686 1939 729 1975; x_wconf 82' lang='lat' dir='ltr'>ad</span> <span class='ocrx_word' id='word_1_220' title='bbox 748 1937 993 1974; x_wconf 72' lang='lat' dir='ltr'>Domitianum</span> <span class='ocrx_word' id='word_1_221' title='bbox 1010 1932 1205 1973; x_wconf 79' lang='lat' dir='ltr'>Caesarem,</span> <span class='ocrx_word' id='word_1_222' title='bbox 1236 1942 1321 1979; x_wconf 83' lang='lat' dir='ltr'>prae-</span> 
     </span>
     <span class='ocr_line' id='line_1_40' title="bbox 301 1973 1316 2042; baseline -0.012 -14"><span class='ocrx_word' id='word_1_223' title='bbox 301 1973 414 2030; x_wconf 54' lang='lat' dir='ltr'>{aas</span> <span class='ocrx_word' id='word_1_224' title='bbox 429 1991 498 2042; x_wconf 88' lang='lat' dir='ltr'>ipse</span> <span class='ocrx_word' id='word_1_225' title='bbox 515 1990 601 2027; x_wconf 90' lang='lat' dir='ltr'>Urbi</span> <span class='ocrx_word' id='word_1_226' title='bbox 619 2019 631 2034; x_wconf 96' lang='lat'><em>‚</em></span> <span class='ocrx_word' id='word_1_227' title='bbox 659 1989 842 2038; x_wconf 85' lang='lat' dir='ltr'>sumpserit.</span> <span class='ocrx_word' id='word_1_228' title='bbox 897 1984 1000 2023; x_wconf 82' lang='lat' dir='ltr'>Idem</span> <span class='ocrx_word' id='word_1_229' title='bbox 1015 1995 1136 2021; x_wconf 86' lang='lat' dir='ltr'>tamen</span> <span class='ocrx_word' id='word_1_230' title='bbox 1153 1984 1220 2018; x_wconf 82' lang='lat' dir='ltr'>Sat.</span> <span class='ocrx_word' id='word_1_231' title='bbox 1239 1994 1316 2017; x_wconf 85' lang='lat'>111.</span> 
     </span>
     <span class='ocr_line' id='line_1_41' title="bbox 306 2041 450 2087; baseline 0 -8"><span class='ocrx_word' id='word_1_232' title='bbox 306 2041 367 2079; x_wconf 87' lang='lat' dir='ltr'>ubi</span> <span class='ocrx_word' id='word_1_233' title='bbox 384 2043 450 2087; x_wconf 89' lang='lat' dir='ltr'>ait,</span> 
     </span>
     <span class='ocr_line' id='line_1_42' title="bbox 608 2081 1289 2138; baseline -0.016 -11"><span class='ocrx_word' id='word_1_234' title='bbox 608 2114 618 2120; x_wconf 96' lang='lat'><em>-</em></span> <span class='ocrx_word' id='word_1_235' title='bbox 646 2100 748 2138; x_wconf 81' lang='lat' dir='ltr'>atque</span> <span class='ocrx_word' id='word_1_236' title='bbox 762 2088 845 2123; x_wconf 77' lang='lat' dir='ltr'>audi</span> <span class='ocrx_word' id='word_1_237' title='bbox 854 2085 991 2131; x_wconf 83' lang='lat' dir='ltr'>facinus</span> <span class='ocrx_word' id='word_1_238' title='bbox 1009 2084 1145 2131; x_wconf 66' lang='lat' dir='ltr'>majoris</span> <span class='ocrx_word' id='word_1_239' title='bbox 1160 2081 1268 2117; x_wconf 69' lang='lat' dir='ltr'>abollae</span> <span class='ocrx_word' id='word_1_240' title='bbox 1279 2109 1289 2123; x_wconf 90' lang='lat'>,</span> 
     </span>
    </p>

    <p class='ocr_par' dir='ltr' id='par_1_17' title="bbox 308 2130 1326 2331">
     <span class='ocr_line' id='line_1_43' title="bbox 308 2130 1325 2188; baseline -0.013 -7"><span class='ocrx_word' id='word_1_241' title='bbox 308 2145 429 2182; x_wconf 84' lang='lat' dir='ltr'>Stoicis</span> <span class='ocrx_word' id='word_1_242' title='bbox 452 2142 598 2179; x_wconf 79' lang='lat' dir='ltr'>abollam</span> <span class='ocrx_word' id='word_1_243' title='bbox 616 2141 729 2177; x_wconf 88' lang='lat' dir='ltr'>tribuit</span> <span class='ocrx_word' id='word_1_244' title='bbox 749 2167 760 2181; x_wconf 94' lang='lat'><em>‚</em></span> <span class='ocrx_word' id='word_1_245' title='bbox 793 2132 1095 2188; x_wconf 81' lang='lat' dir='ltr'>quemadmodum</span> <span class='ocrx_word' id='word_1_246' title='bbox 1122 2134 1159 2167; x_wconf 74' lang='grc' dir='ltr'>ὅ(</span> <span class='ocrx_word' id='word_1_247' title='bbox 1182 2130 1325 2168; x_wconf 86' lang='lat' dir='ltr'>Martial.</span> 
     </span>
     <span class='ocr_line' id='line_1_44' title="bbox 308 2181 1326 2243; baseline -0.015 -12"><span class='ocrx_word' id='word_1_248' title='bbox 308 2207 401 2230; x_wconf 81' lang='lat' dir='ltr'>nunc</span> <span class='ocrx_word' id='word_1_249' title='bbox 433 2192 627 2243; x_wconf 82' lang='lat' dir='ltr'>Crispinum</span> <span class='ocrx_word' id='word_1_250' title='bbox 653 2190 801 2226; x_wconf 82' lang='lat' dir='ltr'>aulicum</span> <span class='ocrx_word' id='word_1_251' title='bbox 821 2215 832 2230; x_wconf 87' lang='lat'>,</span> <span class='ocrx_word' id='word_1_252' title='bbox 864 2198 954 2221; x_wconf 80' lang='lat' dir='ltr'>nunc</span> <span class='ocrx_word' id='word_1_253' title='bbox 974 2184 1126 2232; x_wconf 86' lang='lat' dir='ltr'>Cynicos</span> <span class='ocrx_word' id='word_1_254' title='bbox 1143 2181 1253 2216; x_wconf 71' lang='lat' dir='ltr'>abolla</span> <span class='ocrx_word' id='word_1_255' title='bbox 1267 2194 1326 2218; x_wconf 87' lang='lat' dir='ltr'>ve-</span> 
     </span>
     <span class='ocr_line' id='line_1_45' title="bbox 308 2232 1321 2290; baseline -0.012 -10"><span class='ocrx_word' id='word_1_256' title='bbox 308 2243 362 2280; x_wconf 80' lang='lat' dir='ltr'>stit</span> <span class='ocrx_word' id='word_1_257' title='bbox 381 2272 393 2287; x_wconf 94' lang='lat'>‚</span> <span class='ocrx_word' id='word_1_258' title='bbox 432 2243 490 2280; x_wconf 90' lang='lat' dir='ltr'>lib.</span> <span class='ocrx_word' id='word_1_259' title='bbox 512 2257 618 2280; x_wconf 86' lang='lat' dir='ltr'>v1i1.</span> <span class='ocrx_word' id='word_1_260' title='bbox 669 2241 783 2290; x_wconf 75' lang='lat' dir='ltr'>Epigr.</span> <span class='ocrx_word' id='word_1_261' title='bbox 808 2249 960 2274; x_wconf 76' lang='lat' dir='ltr'>vairl.</span> <span class='ocrx_word' id='word_1_262' title='bbox 1002 2237 1040 2269; x_wconf 86' lang='lat'>&amp;</span> <span class='ocrx_word' id='word_1_263' title='bbox 1069 2232 1126 2268; x_wconf 89' lang='lat' dir='ltr'>lib.</span> <span class='ocrx_word' id='word_1_264' title='bbox 1151 2244 1178 2267; x_wconf 89' lang='lat'>1.</span> <span class='ocrx_word' id='word_1_265' title='bbox 1208 2232 1321 2280; x_wconf 76' lang='lat' dir='ltr'>Epigr.</span> 
     </span>
     <span class='ocr_line' id='line_1_46' title="bbox 310 2306 484 2331; baseline -0.006 -1"><span class='ocrx_word' id='word_1_266' title='bbox 310 2306 418 2331; x_wconf 84' lang='lat' dir='ltr'>cxxxi</span> <span class='ocrx_word' id='word_1_267' title='bbox 433 2309 444 2331; x_wconf 88' lang='lat'>1</span> <span class='ocrx_word' id='word_1_268' title='bbox 459 2308 484 2330; x_wconf 87' lang='lat' dir='ltr'>i.</span> 
     </span>
    </p>

    <p class='ocr_par' dir='ltr' id='par_1_18' title="bbox 309 2332 1330 2583">
     <span class='ocr_line' id='line_1_47' title="bbox 365 2332 1328 2393; baseline -0.016 -13"><span class='ocrx_word' id='word_1_269' title='bbox 365 2343 459 2393; x_wconf 81' lang='lat' dir='ltr'><em>Efius</em></span> <span class='ocrx_word' id='word_1_270' title='bbox 476 2341 646 2379; x_wconf 84' lang='lat' dir='ltr'>Proculus.</span> <span class='ocrx_word' id='word_1_271' title='bbox 661 2341 676 2387; x_wconf 95' lang='lat'>]</span> <span class='ocrx_word' id='word_1_272' title='bbox 721 2336 882 2375; x_wconf 90' lang='lat' dir='ltr'>Proculus</span> <span class='ocrx_word' id='word_1_273' title='bbox 900 2339 936 2372; x_wconf 77' lang='grc' dir='ltr'>ὃ(</span> <span class='ocrx_word' id='word_1_274' title='bbox 957 2333 1166 2371; x_wconf 85' lang='lat' dir='ltr'>Plautiorum</span> <span class='ocrx_word' id='word_1_275' title='bbox 1181 2359 1192 2374; x_wconf 93' lang='lat'>,</span> <span class='ocrx_word' id='word_1_276' title='bbox 1221 2333 1258 2367; x_wconf 71' lang='grc' dir='ltr'>ὃ(</span> <span class='ocrx_word' id='word_1_277' title='bbox 1273 2332 1328 2374; x_wconf 83' lang='lat' dir='ltr'>Ju-</span> 
     </span>
     <span class='ocr_line' id='line_1_48' title="bbox 311 2381 1330 2437; baseline -0.017 -5"><span class='ocrx_word' id='word_1_278' title='bbox 311 2394 461 2437; x_wconf 80' lang='lat' dir='ltr'>liorum,</span> <span class='ocrx_word' id='word_1_279' title='bbox 490 2398 528 2431; x_wconf 65' lang='grc' dir='ltr'>ὃς</span> <span class='ocrx_word' id='word_1_280' title='bbox 550 2394 806 2436; x_wconf 69' lang='lat' dir='ltr'>Coccejm-um,</span> <span class='ocrx_word' id='word_1_281' title='bbox 837 2391 874 2424; x_wconf 68' lang='grc' dir='ltr'>δε</span> <span class='ocrx_word' id='word_1_282' title='bbox 892 2386 1123 2424; x_wconf 86' lang='lat' dir='ltr'>Liciniorum‚</span> <span class='ocrx_word' id='word_1_283' title='bbox 1149 2381 1330 2418; x_wconf 77' lang='lat' dir='ltr'>&amp;Baebio-</span> 
     </span>
     <span class='ocr_line' id='line_1_49' title="bbox 313 2429 1325 2493; baseline -0.015 -12"><span class='ocrx_word' id='word_1_284' title='bbox 313 2458 392 2481; x_wconf 84' lang='lat' dir='ltr'>rum</span> <span class='ocrx_word' id='word_1_285' title='bbox 413 2456 617 2493; x_wconf 63' lang='lat' dir='ltr'>cognomen</span> <span class='ocrx_word' id='word_1_286' title='bbox 635 2439 700 2478; x_wconf 77' lang='lat' dir='ltr'>efl&#39;e</span> <span class='ocrx_word' id='word_1_287' title='bbox 719 2439 845 2477; x_wconf 85' lang='lat' dir='ltr'>notavi.</span> <span class='ocrx_word' id='word_1_288' title='bbox 904 2435 1003 2473; x_wconf 76' lang='lat' dir='ltr'>Adde</span> <span class='ocrx_word' id='word_1_289' title='bbox 1020 2435 1127 2470; x_wconf 73' lang='lat' dir='ltr'>etiam</span> <span class='ocrx_word' id='word_1_290' title='bbox 1145 2429 1302 2467; x_wconf 78' lang='lat' dir='ltr'>Eliorum</span> <span class='ocrx_word' id='word_1_291' title='bbox 1314 2459 1325 2475; x_wconf 87' lang='lat'><em>‚</em></span> 
     </span>
     <span class='ocr_line' id='line_1_50' title="bbox 313 2480 1330 2545; baseline -0.017 -12"><span class='ocrx_word' id='word_1_292' title='bbox 313 2509 392 2545; x_wconf 76' lang='lat' dir='ltr'>quae</span> <span class='ocrx_word' id='word_1_293' title='bbox 409 2490 495 2544; x_wconf 84' lang='lat' dir='ltr'>gens</span> <span class='ocrx_word' id='word_1_294' title='bbox 513 2505 632 2530; x_wconf 83' lang='lat' dir='ltr'>tamen</span> <span class='ocrx_word' id='word_1_295' title='bbox 648 2492 735 2530; x_wconf 85' lang='lat' dir='ltr'>mihi</span> <span class='ocrx_word' id='word_1_296' title='bbox 751 2491 870 2540; x_wconf 79' lang='lat' dir='ltr'>ignota</span> <span class='ocrx_word' id='word_1_297' title='bbox 891 2486 949 2524; x_wconf 87' lang='lat' dir='ltr'>est.</span> <span class='ocrx_word' id='word_1_298' title='bbox 996 2485 1098 2523; x_wconf 87' lang='lat' dir='ltr'>Libb.</span> <span class='ocrx_word' id='word_1_299' title='bbox 1126 2482 1196 2519; x_wconf 87' lang='lat' dir='ltr'>duo</span> <span class='ocrx_word' id='word_1_300' title='bbox 1214 2480 1330 2530; x_wconf 72' lang='lat' dir='ltr'>Hefim</span> 
     </span>
     <span class='ocr_line' id='line_1_51' title="bbox 309 2545 470 2583; baseline 0 0"><span class='ocrx_word' id='word_1_301' title='bbox 309 2545 470 2583; x_wconf 68' lang='lat' dir='ltr'>{ci-ibunt.</span> 
     </span>
    </p>

    <p class='ocr_par' dir='ltr' id='par_1_19' title="bbox 315 2583 1330 3083">
     <span class='ocr_line' id='line_1_52' title="bbox 355 2583 1327 2644; baseline -0.014 -12"><span class='ocrx_word' id='word_1_302' title='bbox 355 2593 579 2644; x_wconf 63' lang='lat' dir='ltr'>⁴Colofferoiz]</span> <span class='ocrx_word' id='word_1_303' title='bbox 637 2594 690 2631; x_wconf 86' lang='lat' dir='ltr'>Sic</span> <span class='ocrx_word' id='word_1_304' title='bbox 715 2589 817 2627; x_wconf 81' lang='lat' dir='ltr'>nostri</span> <span class='ocrx_word' id='word_1_305' title='bbox 843 2600 925 2629; x_wconf 68' lang='lat' dir='ltr'>uss.</span> <span class='ocrx_word' id='word_1_306' title='bbox 955 2598 1093 2624; x_wconf 86' lang='lat' dir='ltr'>omnes.</span> <span class='ocrx_word' id='word_1_307' title='bbox 1150 2583 1327 2620; x_wconf 88' lang='lat' dir='ltr'>Invenitur</span> 
     </span>
     <span class='ocr_line' id='line_1_53' title="bbox 315 2633 1323 2692; baseline -0.016 -9"><span class='ocrx_word' id='word_1_308' title='bbox 315 2658 437 2684; x_wconf 78' lang='lat' dir='ltr'>tamen</span> <span class='ocrx_word' id='word_1_309' title='bbox 464 2648 567 2682; x_wconf 87' lang='lat' dir='ltr'>etiam</span> <span class='ocrx_word' id='word_1_310' title='bbox 594 2644 745 2692; x_wconf 79' lang='lat' dir='ltr'>Coloffeos</span> <span class='ocrx_word' id='word_1_311' title='bbox 762 2669 775 2684; x_wconf 91' lang='lat'>,</span> <span class='ocrx_word' id='word_1_312' title='bbox 827 2642 863 2675; x_wconf 74' lang='grc' dir='ltr'>ὅ(</span> <span class='ocrx_word' id='word_1_313' title='bbox 893 2639 951 2685; x_wconf 82' lang='lat' dir='ltr'>(ur</span> <span class='ocrx_word' id='word_1_314' title='bbox 975 2633 1130 2672; x_wconf 69' lang='lat' dir='ltr'>Tur-neb.</span> <span class='ocrx_word' id='word_1_315' title='bbox 1159 2633 1323 2680; x_wconf 78' lang='lat' dir='ltr'>testatur)</span> 
     </span>
     <span class='ocr_line' id='line_1_54' title="bbox 315 2685 1326 2745; baseline -0.014 -13"><span class='ocrx_word' id='word_1_316' title='bbox 315 2699 496 2737; x_wconf 77' lang='grc' dir='ltr'>κολοπεῖος</span> <span class='ocrx_word' id='word_1_317' title='bbox 515 2724 528 2739; x_wconf 82' lang='lat'>,</span> <span class='ocrx_word' id='word_1_318' title='bbox 556 2709 626 2745; x_wconf 86' lang='lat' dir='ltr'>quo</span> <span class='ocrx_word' id='word_1_319' title='bbox 641 2692 735 2730; x_wconf 88' lang='lat' dir='ltr'>sensu</span> <span class='ocrx_word' id='word_1_320' title='bbox 753 2719 764 2734; x_wconf 91' lang='lat'>,</span> <span class='ocrx_word' id='word_1_321' title='bbox 786 2691 922 2739; x_wconf 81' lang='lat' dir='ltr'>ignoro.</span> <span class='ocrx_word' id='word_1_322' title='bbox 981 2685 1125 2722; x_wconf 85' lang='lat' dir='ltr'>Mallem</span> <span class='ocrx_word' id='word_1_323' title='bbox 1149 2685 1249 2734; x_wconf 80' lang='lat' dir='ltr'>igitur</span> <span class='ocrx_word' id='word_1_324' title='bbox 1266 2687 1326 2718; x_wconf 91' lang='lat' dir='ltr'>Co-</span> 
     </span>
     <span class='ocr_line' id='line_1_55' title="bbox 315 2739 1325 2795; baseline -0.014 -13"><span class='ocrx_word' id='word_1_325' title='bbox 315 2748 436 2795; x_wconf 82' lang='lat' dir='ltr'>loffeus.</span> <span class='ocrx_word' id='word_1_326' title='bbox 482 2745 530 2782; x_wconf 80' lang='lat' dir='ltr'>fic</span> <span class='ocrx_word' id='word_1_327' title='bbox 548 2747 642 2782; x_wconf 87' lang='lat' dir='ltr'>enirn</span> <span class='ocrx_word' id='word_1_328' title='bbox 667 2748 705 2781; x_wconf 74' lang='grc' dir='ltr'>ὅ(</span> <span class='ocrx_word' id='word_1_329' title='bbox 721 2741 805 2778; x_wconf 86' lang='lat' dir='ltr'>Plin.</span> <span class='ocrx_word' id='word_1_330' title='bbox 825 2739 882 2775; x_wconf 89' lang='lat' dir='ltr'>lib.</span> <span class='ocrx_word' id='word_1_331' title='bbox 899 2750 999 2776; x_wconf 86' lang='lat' dir='ltr'>xxxv.</span> <span class='ocrx_word' id='word_1_332' title='bbox 1019 2749 1092 2786; x_wconf 89' lang='lat' dir='ltr'>cap.</span> <span class='ocrx_word' id='word_1_333' title='bbox 1111 2749 1151 2771; x_wconf 81' lang='lat' dir='ltr'>vr</span> <span class='ocrx_word' id='word_1_334' title='bbox 1165 2749 1194 2771; x_wconf 85' lang='lat'>1.</span> <span class='ocrx_word' id='word_1_335' title='bbox 1237 2739 1325 2769; x_wconf 77' lang='lat' dir='ltr'>Nero</span> 
     </span>
     <span class='ocr_line' id='line_1_56' title="bbox 317 2784 1324 2844; baseline -0.012 -11"><span class='ocrx_word' id='word_1_336' title='bbox 317 2800 468 2843; x_wconf 76' lang='lat' dir='ltr'>Princeps</span> <span class='ocrx_word' id='word_1_337' title='bbox 486 2797 528 2844; x_wconf 87' lang='lat' dir='ltr'>ju</span> <span class='ocrx_word' id='word_1_338' title='bbox 553 2806 626 2831; x_wconf 84' lang='lat' dir='ltr'>erat</span> <span class='ocrx_word' id='word_1_339' title='bbox 650 2792 812 2841; x_wconf 72' lang='lat' dir='ltr'>colosseum</span> <span class='ocrx_word' id='word_1_340' title='bbox 837 2789 874 2837; x_wconf 84' lang='lat' dir='ltr'>se</span> <span class='ocrx_word' id='word_1_341' title='bbox 897 2790 1020 2836; x_wconf 80' lang='lat' dir='ltr'>pingi,</span> <span class='ocrx_word' id='word_1_342' title='bbox 1063 2790 1100 2822; x_wconf 87' lang='lat'>&amp;</span> <span class='ocrx_word' id='word_1_343' title='bbox 1119 2784 1177 2821; x_wconf 89' lang='lat' dir='ltr'>lib.</span> <span class='ocrx_word' id='word_1_344' title='bbox 1197 2797 1324 2821; x_wconf 71' lang='lat' dir='ltr'>xxxiv.</span> 
     </span>
     <span class='ocr_line' id='line_1_57' title="bbox 318 2835 1326 2896; baseline -0.015 -13"><span class='ocrx_word' id='word_1_345' title='bbox 318 2859 392 2896; x_wconf 82' lang='lat' dir='ltr'>cap.</span> <span class='ocrx_word' id='word_1_346' title='bbox 404 2859 485 2883; x_wconf 88' lang='lat' dir='ltr'>v11.</span> <span class='ocrx_word' id='word_1_347' title='bbox 519 2845 723 2881; x_wconf 73' lang='lat' dir='ltr'>traulacrum</span> <span class='ocrx_word' id='word_1_348' title='bbox 742 2839 925 2888; x_wconf 68' lang='lat' dir='ltr'>coloffeum,</span> <span class='ocrx_word' id='word_1_349' title='bbox 954 2837 1145 2884; x_wconf 80' lang='lat' dir='ltr'>utstatuam</span> <span class='ocrx_word' id='word_1_350' title='bbox 1164 2835 1326 2881; x_wconf 78' lang='lat' dir='ltr'>coloffeam</span> 
     </span>
     <span class='ocr_line' id='line_1_58' title="bbox 318 2883 1324 2946; baseline -0.013 -14"><span class='ocrx_word' id='word_1_351' title='bbox 318 2897 386 2946; x_wconf 77' lang='lat' dir='ltr'>ipse</span> <span class='ocrx_word' id='word_1_352' title='bbox 406 2898 544 2931; x_wconf 86' lang='lat' dir='ltr'>Sueton.</span> <span class='ocrx_word' id='word_1_353' title='bbox 579 2893 679 2943; x_wconf 84' lang='lat' dir='ltr'>Vesp.</span> <span class='ocrx_word' id='word_1_354' title='bbox 699 2905 772 2941; x_wconf 77' lang='lat' dir='ltr'>cap.</span> <span class='ocrx_word' id='word_1_355' title='bbox 785 2903 913 2926; x_wconf 77' lang='lat' dir='ltr'>xxiii.</span> <span class='ocrx_word' id='word_1_356' title='bbox 932 2891 969 2924; x_wconf 74' lang='grc' dir='ltr'>ὅ(</span> <span class='ocrx_word' id='word_1_357' title='bbox 988 2889 1150 2938; x_wconf 83' lang='lat' dir='ltr'>Spartian.</span> <span class='ocrx_word' id='word_1_358' title='bbox 1169 2887 1210 2922; x_wconf 94' lang='lat' dir='ltr'>L.</span> <span class='ocrx_word' id='word_1_359' title='bbox 1225 2883 1324 2921; x_wconf 80' lang='lat' dir='ltr'>AElio.</span> 
     </span>
     <span class='ocr_line' id='line_1_59' title="bbox 317 2938 1326 2992; baseline -0.014 -8"><span class='ocrx_word' id='word_1_360' title='bbox 317 2945 386 2984; x_wconf 81' lang='lat' dir='ltr'>sed</span> <span class='ocrx_word' id='word_1_361' title='bbox 413 2948 450 2981; x_wconf 71' lang='grc' dir='ltr'>ὅ(</span> <span class='ocrx_word' id='word_1_362' title='bbox 472 2942 607 2992; x_wconf 86' lang='lat' dir='ltr'>fignum</span> <span class='ocrx_word' id='word_1_363' title='bbox 630 2942 783 2989; x_wconf 68' lang='lat' dir='ltr'>colofficon</span> <span class='ocrx_word' id='word_1_364' title='bbox 810 2939 894 2976; x_wconf 88' lang='lat' dir='ltr'>Plin.</span> <span class='ocrx_word' id='word_1_365' title='bbox 911 2938 969 2975; x_wconf 89' lang='lat' dir='ltr'>lib.</span> <span class='ocrx_word' id='word_1_366' title='bbox 987 2951 1091 2975; x_wconf 75' lang='lat' dir='ltr'>xxiv.</span> <span class='ocrx_word' id='word_1_367' title='bbox 1126 2947 1200 2984; x_wconf 84' lang='lat' dir='ltr'>cap.</span> <span class='ocrx_word' id='word_1_368' title='bbox 1219 2948 1326 2972; x_wconf 83' lang='lat' dir='ltr'>viii.</span> 
     </span>
     <span class='ocr_line' id='line_1_60' title="bbox 315 2987 1330 3080; baseline -0.013 -47"><span class='ocrx_word' id='word_1_369' title='bbox 315 3008 355 3034; x_wconf 82' lang='lat' dir='ltr'>ut</span> <span class='ocrx_word' id='word_1_370' title='bbox 370 3004 465 3080; x_wconf 45' lang='lat' dir='ltr'>ope?</span> <span class='ocrx_word' id='word_1_371' title='bbox 490 2991 693 3038; x_wconf 71' lang='lat' dir='ltr'>colossicotera</span> <span class='ocrx_word' id='word_1_372' title='bbox 715 2991 773 3028; x_wconf 86' lang='lat' dir='ltr'>lib.</span> <span class='ocrx_word' id='word_1_373' title='bbox 790 3001 823 3025; x_wconf 73' lang='lat' dir='ltr'>x,</span> <span class='ocrx_word' id='word_1_374' title='bbox 870 2988 1043 3025; x_wconf 83' lang='lat' dir='ltr'>Vitruvius</span> <span class='ocrx_word' id='word_1_375' title='bbox 1062 3017 1073 3031; x_wconf 94' lang='lat'>,</span> <span class='ocrx_word' id='word_1_376' title='bbox 1109 2998 1184 3036; x_wconf 83' lang='lat' dir='ltr'>quae</span> <span class='ocrx_word' id='word_1_377' title='bbox 1213 2987 1330 3035; x_wconf 77' lang='lat' dir='ltr'>ingen-</span> 
     </span>
     <span class='ocr_line' id='line_1_61' title="bbox 319 3055 501 3083; baseline -0.022 0"><span class='ocrx_word' id='word_1_378' title='bbox 319 3059 406 3083; x_wconf 75' lang='lat' dir='ltr'>tiora</span> <span class='ocrx_word' id='word_1_379' title='bbox 440 3055 501 3080; x_wconf 81' lang='lat' dir='ltr'>int.</span> 
     </span>
    </p>
   </div>
   <div class='ocr_carea' id='block_1_14' title="bbox 323 3098 487 3143">
    <p class='ocr_par' dir='ltr' id='par_1_20' title="bbox 323 3098 487 3143">
     <span class='ocr_line' id='line_1_62' title="bbox 323 3098 487 3143; baseline -0.024 -8"><span class='ocrx_word' id='word_1_380' title='bbox 323 3098 487 3143; x_wconf 54' lang='grc' dir='ltr'>μέγεθος.</span> 
     </span>
    </p>
   </div>
   <div class='ocr_carea' id='block_1_15' title="bbox 558 3038 1341 3091">
    <p class='ocr_par' dir='ltr' id='par_1_21' title="bbox 558 3038 1341 3091">
     <span class='ocr_line' id='line_1_63' title="bbox 558 3038 1341 3091; baseline -0.014 -11"><span class='ocrx_word' id='word_1_381' title='bbox 558 3045 648 3080; x_wconf 84' lang='lat' dir='ltr'>Hinc</span> <span class='ocrx_word' id='word_1_382' title='bbox 662 3042 760 3091; x_wconf 77' lang='lat' dir='ltr'>igitur</span> <span class='ocrx_word' id='word_1_383' title='bbox 778 3038 1025 3090; x_wconf 77' lang='lat' dir='ltr'>proverbium,</span> <span class='ocrx_word' id='word_1_384' title='bbox 1059 3039 1261 3076; x_wconf 56' lang='lat' dir='ltr'>mnae-ratae</span> <span class='ocrx_word' id='word_1_385' title='bbox 1293 3041 1341 3070; x_wconf 51' lang='lat' dir='ltr'>vo&lt;</span> 
     </span>
    </p>
   </div>
   <div class='ocr_carea' id='block_1_16' title="bbox 918 823 2379 900">
    <p class='ocr_par' dir='ltr' id='par_1_22' title="bbox 918 823 2379 900">
     <span class='ocr_line' id='line_1_64' title="bbox 918 823 2379 900; baseline -0.01 -16"><span class='ocrx_word' id='word_1_386' title='bbox 918 853 1086 900; x_wconf 86' lang='lat' dir='ltr'>tamque</span> <span class='ocrx_word' id='word_1_387' title='bbox 1122 845 1311 879; x_wconf 82' lang='lat' dir='ltr'>extremae</span> <span class='ocrx_word' id='word_1_388' title='bbox 1342 825 1461 874; x_wconf 85' lang='lat' dir='ltr'>sortis</span> <span class='ocrx_word' id='word_1_389' title='bbox 1493 823 1604 882; x_wconf 86' lang='lat' dir='ltr'>fuit,</span> <span class='ocrx_word' id='word_1_390' title='bbox 1638 829 1753 884; x_wconf 83' lang='lat' dir='ltr'>cujus</span> <span class='ocrx_word' id='word_1_391' title='bbox 1785 841 1874 870; x_wconf 91' lang='lat' dir='ltr'>non</span> <span class='ocrx_word' id='word_1_392' title='bbox 1907 824 2140 870; x_wconf 89' lang='lat' dir='ltr'>commodis</span> <span class='ocrx_word' id='word_1_393' title='bbox 2171 824 2379 870; x_wconf 73' lang='lat' dir='ltr'>obtrecta-</span> 
     </span>
    </p>
   </div>
   <div class='ocr_carea' id='block_1_17' title="bbox 2299 902 2375 934">
    <p class='ocr_par' dir='ltr' id='par_1_23' title="bbox 2299 902 2375 934">
     <span class='ocr_line' id='line_1_65' title="bbox 2299 902 2375 934; baseline 0 0"><span class='ocrx_word' id='word_1_394' title='bbox 2299 902 2375 934; x_wconf 75' lang='lat' dir='ltr'><strong>ret·</strong></span> 
     </span>
    </p>
   </div>
   <div class='ocr_carea' id='block_1_18' title="bbox 1354 960 2387 1871">
    <p class='ocr_par' dir='ltr' id='par_1_24' title="bbox 1354 960 2387 1871">
     <span class='ocr_line' id='line_1_66' title="bbox 1419 960 2379 1010; baseline -0.001 -11"><span class='ocrx_word' id='word_1_395' title='bbox 1419 963 1545 999; x_wconf 75' lang='lat' dir='ltr'>Thraci</span> <span class='ocrx_word' id='word_1_396' title='bbox 1561 960 1613 1006; x_wconf 54' lang='grc' dir='ltr'>Εἴ</span> <span class='ocrx_word' id='word_1_397' title='bbox 1624 974 1703 999; x_wconf 78' lang='lat' dir='ltr'>mox</span> <span class='ocrx_word' id='word_1_398' title='bbox 1713 961 1922 1010; x_wconf 77' lang='lat' dir='ltr'>hoplomacho</span> <span class='ocrx_word' id='word_1_399' title='bbox 1930 964 2151 1009; x_wconf 76' lang='lat' dir='ltr'>comparavit.</span> <span class='ocrx_word' id='word_1_400' title='bbox 2163 962 2179 1009; x_wconf 91' lang='lat'>]</span> <span class='ocrx_word' id='word_1_401' title='bbox 2193 964 2261 998; x_wconf 88' lang='lat' dir='ltr'>Pro</span> <span class='ocrx_word' id='word_1_402' title='bbox 2272 961 2379 998; x_wconf 64' lang='lat' dir='ltr'>Thra-</span> 
     </span>
     <span class='ocr_line' id='line_1_67' title="bbox 1365 1011 2377 1062; baseline 0.001 -14"><span class='ocrx_word' id='word_1_403' title='bbox 1365 1016 1393 1048; x_wconf 87' lang='lat' dir='ltr'>ci</span> <span class='ocrx_word' id='word_1_404' title='bbox 1411 1012 1630 1050; x_wconf 75' lang='lat' dir='ltr'>vetustissima</span> <span class='ocrx_word' id='word_1_405' title='bbox 1655 1012 1860 1062; x_wconf 75' lang='lat' dir='ltr'>exemplaria</span> <span class='ocrx_word' id='word_1_406' title='bbox 1879 1012 2019 1054; x_wconf 84' lang='lat' dir='ltr'>Threci,</span> <span class='ocrx_word' id='word_1_407' title='bbox 2059 1015 2096 1048; x_wconf 74' lang='grc' dir='ltr'>ὃ(</span> <span class='ocrx_word' id='word_1_408' title='bbox 2114 1015 2208 1048; x_wconf 84' lang='lat' dir='ltr'>Treci</span> <span class='ocrx_word' id='word_1_409' title='bbox 2226 1011 2377 1057; x_wconf 84' lang='lat' dir='ltr'>habent,</span> 
     </span>
     <span class='ocr_line' id='line_1_68' title="bbox 1364 1061 2379 1112; baseline -0.001 -13"><span class='ocrx_word' id='word_1_410' title='bbox 1364 1075 1399 1099; x_wconf 88' lang='lat' dir='ltr'>ut</span> <span class='ocrx_word' id='word_1_411' title='bbox 1416 1065 1524 1099; x_wconf 81' lang='lat' dir='ltr'>etiam</span> <span class='ocrx_word' id='word_1_412' title='bbox 1544 1063 1633 1112; x_wconf 82' lang='lat' dir='ltr'>apud</span> <span class='ocrx_word' id='word_1_413' title='bbox 1653 1066 1775 1099; x_wconf 83' lang='lat' dir='ltr'>Horat.</span> <span class='ocrx_word' id='word_1_414' title='bbox 1798 1063 1909 1099; x_wconf 81' lang='lat' dir='ltr'>Threx</span> <span class='ocrx_word' id='word_1_415' title='bbox 1936 1061 2016 1110; x_wconf 89' lang='lat' dir='ltr'>(vel</span> <span class='ocrx_word' id='word_1_416' title='bbox 2037 1065 2148 1109; x_wconf 78' lang='lat' dir='ltr'>Trex)</span> <span class='ocrx_word' id='word_1_417' title='bbox 2177 1062 2218 1108; x_wconf 87' lang='lat' dir='ltr'>est</span> <span class='ocrx_word' id='word_1_418' title='bbox 2237 1063 2379 1098; x_wconf 77' lang='lat' dir='ltr'>Gallina</span> 
     </span>
     <span class='ocr_line' id='line_1_69' title="bbox 1364 1112 2381 1162; baseline 0.002 -15"><span class='ocrx_word' id='word_1_419' title='bbox 1364 1118 1441 1160; x_wconf 74' lang='lat' dir='ltr'>Syro</span> <span class='ocrx_word' id='word_1_420' title='bbox 1459 1123 1526 1162; x_wconf 86' lang='lat' dir='ltr'>par</span> <span class='ocrx_word' id='word_1_421' title='bbox 1544 1123 1559 1150; x_wconf 82' lang='lat'><em>?</em></span> <span class='ocrx_word' id='word_1_422' title='bbox 1600 1113 1816 1159; x_wconf 69' lang='lat' dir='ltr'>Hoplomachi</span> <span class='ocrx_word' id='word_1_423' title='bbox 1845 1124 1963 1149; x_wconf 84' lang='lat' dir='ltr'>autem</span> <span class='ocrx_word' id='word_1_424' title='bbox 1990 1113 2113 1147; x_wconf 82' lang='lat' dir='ltr'>armati</span> <span class='ocrx_word' id='word_1_425' title='bbox 2144 1112 2381 1156; x_wconf 85' lang='lat' dir='ltr'>vocabantur,</span> 
     </span>
     <span class='ocr_line' id='line_1_70' title="bbox 1363 1159 2381 1214; baseline 0.002 -16"><span class='ocrx_word' id='word_1_426' title='bbox 1363 1164 1406 1199; x_wconf 87' lang='lat' dir='ltr'>ad</span> <span class='ocrx_word' id='word_1_427' title='bbox 1427 1177 1551 1200; x_wconf 87' lang='lat' dir='ltr'>eorum</span> <span class='ocrx_word' id='word_1_428' title='bbox 1573 1161 1827 1206; x_wconf 84' lang='lat' dir='ltr'>differentiam,</span> <span class='ocrx_word' id='word_1_429' title='bbox 1854 1164 1910 1214; x_wconf 90' lang='lat' dir='ltr'>qui</span> <span class='ocrx_word' id='word_1_430' title='bbox 1931 1164 2080 1198; x_wconf 89' lang='lat' dir='ltr'>inermes</span> <span class='ocrx_word' id='word_1_431' title='bbox 2089 1159 2219 1206; x_wconf 88' lang='lat' dir='ltr'>ferme,</span> <span class='ocrx_word' id='word_1_432' title='bbox 2245 1163 2381 1213; x_wconf 85' lang='lat' dir='ltr'>&amp;saepe</span> 
     </span>
     <span class='ocr_line' id='line_1_71' title="bbox 1363 1213 2383 1264; baseline 0 -14"><span class='ocrx_word' id='word_1_433' title='bbox 1363 1215 1561 1253; x_wconf 82' lang='lat' dir='ltr'>catervatim</span> <span class='ocrx_word' id='word_1_434' title='bbox 1572 1241 1584 1256; x_wconf 91' lang='lat'>,</span> <span class='ocrx_word' id='word_1_435' title='bbox 1617 1214 1809 1250; x_wconf 79' lang='lat' dir='ltr'>meridiano</span> <span class='ocrx_word' id='word_1_436' title='bbox 1826 1215 1980 1250; x_wconf 81' lang='lat' dir='ltr'>maxime</span> <span class='ocrx_word' id='word_1_437' title='bbox 1998 1223 2177 1262; x_wconf 88' lang='lat' dir='ltr'>tempore,</span> <span class='ocrx_word' id='word_1_438' title='bbox 2205 1213 2383 1264; x_wconf 77' lang='lat' dir='ltr'>depugna-</span> 
     </span>
     <span class='ocr_line' id='line_1_72' title="bbox 1366 1263 2382 1314; baseline -0.001 -13"><span class='ocrx_word' id='word_1_439' title='bbox 1366 1265 1458 1303; x_wconf 83' lang='lat' dir='ltr'>bant.</span> <span class='ocrx_word' id='word_1_440' title='bbox 1516 1268 1645 1301; x_wconf 78' lang='lat' dir='ltr'>Seneca</span> <span class='ocrx_word' id='word_1_441' title='bbox 1662 1263 1718 1302; x_wconf 88' lang='lat' dir='ltr'>lib.</span> <span class='ocrx_word' id='word_1_442' title='bbox 1738 1279 1764 1301; x_wconf 91' lang='lat'>1.</span> <span class='ocrx_word' id='word_1_443' title='bbox 1796 1265 1897 1314; x_wconf 86' lang='lat' dir='ltr'>Epist.</span> <span class='ocrx_word' id='word_1_444' title='bbox 1918 1277 1958 1302; x_wconf 82' lang='lat' dir='ltr'>vr</span> <span class='ocrx_word' id='word_1_445' title='bbox 1973 1278 1999 1300; x_wconf 93' lang='lat'>1.</span> <span class='ocrx_word' id='word_1_446' title='bbox 2057 1263 2148 1310; x_wconf 85' lang='lat' dir='ltr'>Casu</span> <span class='ocrx_word' id='word_1_447' title='bbox 2163 1266 2201 1299; x_wconf 85' lang='lat' dir='ltr'>in</span> <span class='ocrx_word' id='word_1_448' title='bbox 2218 1265 2382 1300; x_wconf 84' lang='lat' dir='ltr'>meridia-</span> 
     </span>
     <span class='ocr_line' id='line_1_73' title="bbox 1363 1314 2387 1364; baseline 0.001 -14"><span class='ocrx_word' id='word_1_449' title='bbox 1363 1328 1446 1351; x_wconf 87' lang='lat' dir='ltr'>num</span> <span class='ocrx_word' id='word_1_450' title='bbox 1466 1314 1692 1364; x_wconf 67' lang='lat' dir='ltr'>speHaculum</span> <span class='ocrx_word' id='word_1_451' title='bbox 1711 1314 1827 1350; x_wconf 78' lang='lat' dir='ltr'>incidi.</span> <span class='ocrx_word' id='word_1_452' title='bbox 1873 1318 1910 1351; x_wconf 76' lang='grc' dir='ltr'>δ(</span> <span class='ocrx_word' id='word_1_453' title='bbox 1945 1325 2030 1350; x_wconf 90' lang='lat' dir='ltr'>mox</span> <span class='ocrx_word' id='word_1_454' title='bbox 2051 1326 2063 1349; x_wconf 70' lang='grc' dir='ltr'><strong><em>ε</em></strong></span> <span class='ocrx_word' id='word_1_455' title='bbox 2104 1316 2276 1363; x_wconf 73' lang='lat' dir='ltr'>Qicquid</span> <span class='ocrx_word' id='word_1_456' title='bbox 2301 1325 2387 1352; x_wconf 84' lang='lat' dir='ltr'>ante</span> 
     </span>
     <span class='ocr_line' id='line_1_74' title="bbox 1356 1363 2384 1414; baseline 0 -13"><span class='ocrx_word' id='word_1_457' title='bbox 1356 1373 1547 1414; x_wconf 81' lang='lat' dir='ltr'>pugnatum</span> <span class='ocrx_word' id='word_1_458' title='bbox 1564 1365 1627 1411; x_wconf 88' lang='lat' dir='ltr'>est,</span> <span class='ocrx_word' id='word_1_459' title='bbox 1648 1363 1874 1411; x_wconf 79' lang='lat' dir='ltr'>misericordia</span> <span class='ocrx_word' id='word_1_460' title='bbox 1874 1365 1968 1410; x_wconf 70' lang='lat' dir='ltr'>fuit,</span> <span class='ocrx_word' id='word_1_461' title='bbox 1996 1376 2084 1399; x_wconf 82' lang='lat' dir='ltr'>nunc</span> <span class='ocrx_word' id='word_1_462' title='bbox 2095 1377 2191 1400; x_wconf 87' lang='lat' dir='ltr'>mera</span> <span class='ocrx_word' id='word_1_463' title='bbox 2198 1364 2384 1401; x_wconf 80' lang='lat' dir='ltr'>homicidia</span> 
     </span>
     <span class='ocr_line' id='line_1_75' title="bbox 1354 1413 2381 1463; baseline -0.001 -11"><span class='ocrx_word' id='word_1_464' title='bbox 1354 1415 1457 1462; x_wconf 85' lang='lat' dir='ltr'>fiunt.</span> <span class='ocrx_word' id='word_1_465' title='bbox 1515 1414 1617 1451; x_wconf 73' lang='lat' dir='ltr'>Nihil</span> <span class='ocrx_word' id='word_1_466' title='bbox 1636 1413 1763 1449; x_wconf 82' lang='lat' dir='ltr'>habent</span> <span class='ocrx_word' id='word_1_467' title='bbox 1783 1427 1847 1463; x_wconf 85' lang='lat' dir='ltr'>quo</span> <span class='ocrx_word' id='word_1_468' title='bbox 1867 1424 2025 1463; x_wconf 80' lang='lat' dir='ltr'>tegantur</span> <span class='ocrx_word' id='word_1_469' title='bbox 2041 1443 2054 1457; x_wconf 95' lang='lat'>,</span> <span class='ocrx_word' id='word_1_470' title='bbox 2098 1415 2145 1449; x_wconf 84' lang='lat' dir='ltr'>ad</span> <span class='ocrx_word' id='word_1_471' title='bbox 2173 1415 2278 1450; x_wconf 62' lang='lat' dir='ltr'>ictum</span> <span class='ocrx_word' id='word_1_472' title='bbox 2301 1417 2381 1451; x_wconf 70' lang='lat' dir='ltr'>totis</span> 
     </span>
     <span class='ocr_line' id='line_1_76' title="bbox 1363 1461 2382 1514; baseline 0 -13"><span class='ocrx_word' id='word_1_473' title='bbox 1363 1463 1547 1514; x_wconf 79' lang='lat' dir='ltr'>corporibus</span> <span class='ocrx_word' id='word_1_474' title='bbox 1556 1461 1692 1511; x_wconf 71' lang='lat' dir='ltr'>expcfiti</span> <span class='ocrx_word' id='word_1_475' title='bbox 1703 1492 1716 1506; x_wconf 90' lang='lat'>,</span> <span class='ocrx_word' id='word_1_476' title='bbox 1734 1477 1911 1513; x_wconf 80' lang='lat' dir='ltr'>nunquam</span> <span class='ocrx_word' id='word_1_477' title='bbox 1913 1463 2048 1510; x_wconf 85' lang='lat' dir='ltr'>frustra</span> <span class='ocrx_word' id='word_1_478' title='bbox 2065 1477 2207 1500; x_wconf 79' lang='lat' dir='ltr'>manum</span> <span class='ocrx_word' id='word_1_479' title='bbox 2224 1466 2382 1503; x_wconf 82' lang='lat' dir='ltr'>mittunt.</span> 
     </span>
     <span class='ocr_line' id='line_1_77' title="bbox 1363 1512 2381 1564; baseline -0.001 -12"><span class='ocrx_word' id='word_1_480' title='bbox 1363 1522 1431 1552; x_wconf 83' lang='lat' dir='ltr'>Hoc</span> <span class='ocrx_word' id='word_1_481' title='bbox 1440 1514 1592 1564; x_wconf 81' lang='lat' dir='ltr'>plerique</span> <span class='ocrx_word' id='word_1_482' title='bbox 1609 1514 1796 1549; x_wconf 81' lang='lat' dir='ltr'>ordinariis</span> <span class='ocrx_word' id='word_1_483' title='bbox 1808 1514 1951 1561; x_wconf 68' lang='lat' dir='ltr'>paribus</span> <span class='ocrx_word' id='word_1_484' title='bbox 1966 1541 1978 1556; x_wconf 91' lang='lat'><em>‚</em></span> <span class='ocrx_word' id='word_1_485' title='bbox 2007 1512 2059 1556; x_wconf 55' lang='grc' dir='ltr'>Εἴ</span> <span class='ocrx_word' id='word_1_486' title='bbox 2074 1513 2311 1561; x_wconf 82' lang='lat' dir='ltr'>postulatitiis,</span> <span class='ocrx_word' id='word_1_487' title='bbox 2341 1526 2381 1551; x_wconf 77' lang='lat' dir='ltr'>ut</span> 
     </span>
     <span class='ocr_line' id='line_1_78' title="bbox 1362 1564 2384 1614; baseline 0.001 -12"><span class='ocrx_word' id='word_1_488' title='bbox 1362 1568 1399 1602; x_wconf 89' lang='lat' dir='ltr'>in</span> <span class='ocrx_word' id='word_1_489' title='bbox 1416 1566 1640 1614; x_wconf 79' lang='lat' dir='ltr'>expeditione,</span> <span class='ocrx_word' id='word_1_490' title='bbox 1659 1565 1848 1611; x_wconf 70' lang='lat' dir='ltr'>praefhrunt.</span> <span class='ocrx_word' id='word_1_491' title='bbox 1906 1565 2004 1611; x_wconf 75' lang='lat' dir='ltr'>Qid</span> <span class='ocrx_word' id='word_1_492' title='bbox 2028 1565 2065 1600; x_wconf 82' lang='lat' dir='ltr'>ni</span> <span class='ocrx_word' id='word_1_493' title='bbox 2073 1564 2276 1612; x_wconf 69' lang='lat' dir='ltr'>preferant?</span> <span class='ocrx_word' id='word_1_494' title='bbox 2305 1571 2384 1603; x_wconf 82' lang='lat' dir='ltr'>Non</span> 
     </span>
     <span class='ocr_line' id='line_1_79' title="bbox 1358 1613 2383 1665; baseline -0.001 -13"><span class='ocrx_word' id='word_1_495' title='bbox 1358 1617 1479 1665; x_wconf 88' lang='lat' dir='ltr'>galea,</span> <span class='ocrx_word' id='word_1_496' title='bbox 1504 1629 1569 1652; x_wconf 90' lang='lat' dir='ltr'>non</span> <span class='ocrx_word' id='word_1_497' title='bbox 1576 1615 1677 1662; x_wconf 82' lang='lat' dir='ltr'>scuta</span> <span class='ocrx_word' id='word_1_498' title='bbox 1696 1613 2021 1662; x_wconf 78' lang='lat' dir='ltr'>repellitur-ferrum.</span> <span class='ocrx_word' id='word_1_499' title='bbox 2082 1615 2174 1651; x_wconf 89' lang='lat' dir='ltr'>Hinc</span> <span class='ocrx_word' id='word_1_500' title='bbox 2191 1615 2266 1651; x_wconf 87' lang='lat' dir='ltr'>satis</span> <span class='ocrx_word' id='word_1_501' title='bbox 2286 1627 2383 1665; x_wconf 72' lang='lat' dir='ltr'>aper·</span> 
     </span>
     <span class='ocr_line' id='line_1_80' title="bbox 1363 1663 2384 1716; baseline -0.002 -12"><span class='ocrx_word' id='word_1_502' title='bbox 1363 1678 1396 1703; x_wconf 88' lang='lat' dir='ltr'>te</span> <span class='ocrx_word' id='word_1_503' title='bbox 1412 1666 1634 1716; x_wconf 83' lang='lat' dir='ltr'>intelligitur,</span> <span class='ocrx_word' id='word_1_504' title='bbox 1674 1665 1731 1714; x_wconf 90' lang='lat' dir='ltr'>qui</span> <span class='ocrx_word' id='word_1_505' title='bbox 1758 1663 1962 1712; x_wconf 83' lang='lat' dir='ltr'>hoplomachi</span> <span class='ocrx_word' id='word_1_506' title='bbox 1990 1664 2122 1702; x_wconf 75' lang='lat' dir='ltr'>fuerint.</span> <span class='ocrx_word' id='word_1_507' title='bbox 2179 1669 2384 1714; x_wconf 82' lang='lat' dir='ltr'>Comparare</span> 
     </span>
     <span class='ocr_line' id='line_1_81' title="bbox 1363 1716 2384 1760; baseline -0.003 -5"><span class='ocrx_word' id='word_1_508' title='bbox 1363 1730 1449 1756; x_wconf 87' lang='lat' dir='ltr'>vero</span> <span class='ocrx_word' id='word_1_509' title='bbox 1469 1718 1593 1753; x_wconf 79' lang='lat' dir='ltr'>Thraci</span> <span class='ocrx_word' id='word_1_510' title='bbox 1612 1716 1692 1751; x_wconf 85' lang='lat' dir='ltr'>dixit</span> <span class='ocrx_word' id='word_1_511' title='bbox 1713 1718 1851 1751; x_wconf 84' lang='lat' dir='ltr'>sueton.</span> <span class='ocrx_word' id='word_1_512' title='bbox 1887 1726 1922 1751; x_wconf 87' lang='lat' dir='ltr'>ut</span> <span class='ocrx_word' id='word_1_513' title='bbox 1939 1718 2145 1751; x_wconf 83' lang='lat' dir='ltr'>committere</span> <span class='ocrx_word' id='word_1_514' title='bbox 2161 1744 2173 1760; x_wconf 94' lang='lat'>,</span> <span class='ocrx_word' id='word_1_515' title='bbox 2211 1717 2384 1752; x_wconf 78' lang='lat' dir='ltr'>contende-</span> 
     </span>
     <span class='ocr_line' id='line_1_82' title="bbox 1365 1765 2385 1819; baseline 0.001 -16"><span class='ocrx_word' id='word_1_516' title='bbox 1365 1781 1422 1812; x_wconf 88' lang='lat' dir='ltr'>re,</span> <span class='ocrx_word' id='word_1_517' title='bbox 1447 1772 1485 1805; x_wconf 83' lang='lat'>&amp;</span> <span class='ocrx_word' id='word_1_518' title='bbox 1505 1775 1686 1814; x_wconf 85' lang='lat' dir='ltr'>componere</span> <span class='ocrx_word' id='word_1_519' title='bbox 1702 1793 1714 1807; x_wconf 96' lang='lat'>,</span> <span class='ocrx_word' id='word_1_520' title='bbox 1743 1768 1779 1801; x_wconf 78' lang='grc' dir='ltr'>δ(</span> <span class='ocrx_word' id='word_1_521' title='bbox 1797 1765 1938 1817; x_wconf 88' lang='lat' dir='ltr'>quidem</span> <span class='ocrx_word' id='word_1_522' title='bbox 1949 1766 2102 1803; x_wconf 79' lang='lat' dir='ltr'>maxime</span> <span class='ocrx_word' id='word_1_523' title='bbox 2122 1767 2258 1819; x_wconf 76' lang='lat' dir='ltr'>proprie:</span> <span class='ocrx_word' id='word_1_524' title='bbox 2268 1793 2281 1810; x_wconf 92' lang='lat'>,</span> <span class='ocrx_word' id='word_1_525' title='bbox 2301 1779 2385 1806; x_wconf 88' lang='lat' dir='ltr'>cum</span> 
     </span>
     <span class='ocr_line' id='line_1_83' title="bbox 1370 1816 1766 1871; baseline -0.013 -15"><span class='ocrx_word' id='word_1_526' title='bbox 1370 1831 1429 1869; x_wconf 84' lang='lat' dir='ltr'>par</span> <span class='ocrx_word' id='word_1_527' title='bbox 1444 1819 1517 1871; x_wconf 83' lang='lat' dir='ltr'>pari</span> <span class='ocrx_word' id='word_1_528' title='bbox 1535 1816 1766 1866; x_wconf 77' lang='lat' dir='ltr'>congreditur.</span> 
     </span>
    </p>
   </div>
   <div class='ocr_carea' id='block_1_19' title="bbox 1686 1920 2078 1956">
    <p class='ocr_par' dir='ltr' id='par_1_25' title="bbox 1686 1920 2078 1956">
     <span class='ocr_line' id='line_1_84' title="bbox 1686 1920 2078 1956; baseline 0.003 -1"><span class='ocrx_word' id='word_1_529' title='bbox 1686 1920 2078 1956; x_wconf 70' lang='lat' dir='ltr'>CASAUBON.</span> 
     </span>
    </p>
   </div>
   <div class='ocr_carea' id='block_1_20' title="bbox 1376 2017 2395 3083">
    <p class='ocr_par' dir='ltr' id='par_1_26' title="bbox 1379 2017 2394 2524">
     <span class='ocr_line' id='line_1_85' title="bbox 1434 2017 2383 2070; baseline -0.003 -12"><span class='ocrx_word' id='word_1_530' title='bbox 1434 2035 1449 2065; x_wconf 86' lang='lat'>3</span> <span class='ocrx_word' id='word_1_531' title='bbox 1461 2035 1488 2066; x_wconf 84' lang='lat'>5.</span> <span class='ocrx_word' id='word_1_532' title='bbox 1499 2025 1564 2061; x_wconf 83' lang='lat' dir='ltr'>Cn.</span> <span class='ocrx_word' id='word_1_533' title='bbox 1577 2022 1724 2070; x_wconf 83' lang='lat' dir='ltr'>Pompejo</span> <span class='ocrx_word' id='word_1_534' title='bbox 1733 2021 1844 2068; x_wconf 78' lang='lat' dir='ltr'>stirpis</span> <span class='ocrx_word' id='word_1_535' title='bbox 1865 2023 2007 2069; x_wconf 68' lang='lat' dir='ltr'>antique</span> <span class='ocrx_word' id='word_1_536' title='bbox 2030 2019 2153 2068; x_wconf 81' lang='lat' dir='ltr'>Magni</span> <span class='ocrx_word' id='word_1_537' title='bbox 2170 2030 2350 2066; x_wconf 83' lang='lat' dir='ltr'>cognomen.</span> <span class='ocrx_word' id='word_1_538' title='bbox 2368 2017 2383 2069; x_wconf 92' lang='lat'>]</span> 
     </span>
     <span class='ocr_line' id='line_1_86' title="bbox 1379 2069 2388 2114; baseline -0.002 -6"><span class='ocrx_word' id='word_1_539' title='bbox 1379 2072 1524 2108; x_wconf 81' lang='lat' dir='ltr'>Nullam</span> <span class='ocrx_word' id='word_1_540' title='bbox 1554 2075 1588 2108; x_wconf 87' lang='lat' dir='ltr'>in</span> <span class='ocrx_word' id='word_1_541' title='bbox 1617 2073 1690 2109; x_wconf 83' lang='lat' dir='ltr'>ullis</span> <span class='ocrx_word' id='word_1_542' title='bbox 1714 2071 1815 2108; x_wconf 90' lang='lat' dir='ltr'>codd.</span> <span class='ocrx_word' id='word_1_543' title='bbox 1843 2071 2046 2107; x_wconf 83' lang='lat' dir='ltr'>varietatem</span> <span class='ocrx_word' id='word_1_544' title='bbox 2074 2069 2127 2105; x_wconf 88' lang='lat' dir='ltr'>hic</span> <span class='ocrx_word' id='word_1_545' title='bbox 2157 2081 2388 2114; x_wconf 85' lang='lat' dir='ltr'>annotamus,</span> 
     </span>
     <span class='ocr_line' id='line_1_87' title="bbox 1380 2118 2388 2170; baseline -0.001 -12"><span class='ocrx_word' id='word_1_546' title='bbox 1380 2134 1443 2158; x_wconf 87' lang='lat' dir='ltr'>nec</span> <span class='ocrx_word' id='word_1_547' title='bbox 1462 2122 1537 2158; x_wconf 87' lang='lat' dir='ltr'>satis</span> <span class='ocrx_word' id='word_1_548' title='bbox 1559 2122 1627 2159; x_wconf 89' lang='lat' dir='ltr'>scio</span> <span class='ocrx_word' id='word_1_549' title='bbox 1643 2135 1749 2170; x_wconf 88' lang='lat' dir='ltr'>quam</span> <span class='ocrx_word' id='word_1_550' title='bbox 1764 2123 1856 2157; x_wconf 67' lang='lat' dir='ltr'>reste</span> <span class='ocrx_word' id='word_1_551' title='bbox 1874 2119 2084 2156; x_wconf 70' lang='lat' dir='ltr'>doetiffimus</span> <span class='ocrx_word' id='word_1_552' title='bbox 2111 2118 2251 2157; x_wconf 82' lang='lat' dir='ltr'>Ursinus</span> <span class='ocrx_word' id='word_1_553' title='bbox 2279 2121 2388 2157; x_wconf 72' lang='lat' dir='ltr'>luxata</span> 
     </span>
     <span class='ocr_line' id='line_1_88' title="bbox 1380 2170 2394 2218; baseline -0.004 -9"><span class='ocrx_word' id='word_1_554' title='bbox 1380 2173 1455 2209; x_wconf 86' lang='lat' dir='ltr'>haec</span> <span class='ocrx_word' id='word_1_555' title='bbox 1472 2171 1556 2215; x_wconf 83' lang='lat' dir='ltr'>effe,</span> <span class='ocrx_word' id='word_1_556' title='bbox 1585 2175 1622 2208; x_wconf 76' lang='grc' dir='ltr'>ὅ(</span> <span class='ocrx_word' id='word_1_557' title='bbox 1645 2172 1725 2208; x_wconf 91' lang='lat' dir='ltr'>loco</span> <span class='ocrx_word' id='word_1_558' title='bbox 1744 2171 1803 2207; x_wconf 90' lang='lat' dir='ltr'>suo</span> <span class='ocrx_word' id='word_1_559' title='bbox 1822 2184 1917 2206; x_wconf 82' lang='lat' dir='ltr'>mota</span> <span class='ocrx_word' id='word_1_560' title='bbox 1934 2170 1988 2205; x_wconf 85' lang='lat' dir='ltr'>illa</span> <span class='ocrx_word' id='word_1_561' title='bbox 2005 2170 2111 2209; x_wconf 80' lang='lat' dir='ltr'>verba</span> <span class='ocrx_word' id='word_1_562' title='bbox 2112 2170 2222 2217; x_wconf 64' lang='lat' dir='ltr'>stirpos</span> <span class='ocrx_word' id='word_1_563' title='bbox 2232 2170 2394 2218; x_wconf 60' lang='lat' dir='ltr'>antique,</span> 
     </span>
     <span class='ocr_line' id='line_1_89' title="bbox 1384 2219 2391 2273; baseline 0 -15"><span class='ocrx_word' id='word_1_564' title='bbox 1384 2224 1617 2273; x_wconf 83' lang='lat' dir='ltr'>pronuntiarit.</span> <span class='ocrx_word' id='word_1_565' title='bbox 1647 2220 1706 2258; x_wconf 86' lang='lat' dir='ltr'>etsi</span> <span class='ocrx_word' id='word_1_566' title='bbox 1725 2234 1794 2257; x_wconf 88' lang='lat' dir='ltr'>non</span> <span class='ocrx_word' id='word_1_567' title='bbox 1813 2220 1966 2256; x_wconf 82' lang='lat' dir='ltr'>diffiteor</span> <span class='ocrx_word' id='word_1_568' title='bbox 1986 2219 2201 2270; x_wconf 81' lang='lat' dir='ltr'>probabilem</span> <span class='ocrx_word' id='word_1_569' title='bbox 2223 2219 2286 2256; x_wconf 81' lang='lat' dir='ltr'>effe</span> <span class='ocrx_word' id='word_1_570' title='bbox 2305 2221 2391 2258; x_wconf 83' lang='lat' dir='ltr'>illius</span> 
     </span>
     <span class='ocr_line' id='line_1_90' title="bbox 1384 2269 2390 2320; baseline -0.004 -10"><span class='ocrx_word' id='word_1_571' title='bbox 1384 2273 1690 2314; x_wconf 83' lang='lat' dir='ltr'>emendationem,</span> <span class='ocrx_word' id='word_1_572' title='bbox 1725 2271 1897 2308; x_wconf 84' lang='lat' dir='ltr'>scribentis</span> <span class='ocrx_word' id='word_1_573' title='bbox 1925 2271 2035 2320; x_wconf 81' lang='lat' dir='ltr'>paullo</span> <span class='ocrx_word' id='word_1_574' title='bbox 2061 2282 2139 2307; x_wconf 87' lang='lat' dir='ltr'>ante</span> <span class='ocrx_word' id='word_1_575' title='bbox 2157 2299 2168 2313; x_wconf 95' lang='lat'>‚</span> <span class='ocrx_word' id='word_1_576' title='bbox 2203 2269 2390 2318; x_wconf 67' lang='lat' dir='ltr'>nobtllffimo</span> 
     </span>
     <span class='ocr_line' id='line_1_91' title="bbox 1383 2321 2389 2372; baseline -0.001 -13"><span class='ocrx_word' id='word_1_577' title='bbox 1383 2327 1499 2372; x_wconf 83' lang='lat' dir='ltr'>cuique</span> <span class='ocrx_word' id='word_1_578' title='bbox 1508 2324 1618 2371; x_wconf 72' lang='lat' dir='ltr'>stirpis</span> <span class='ocrx_word' id='word_1_579' title='bbox 1637 2324 1779 2371; x_wconf 65' lang='lat' dir='ltr'>antique</span> <span class='ocrx_word' id='word_1_580' title='bbox 1796 2322 1937 2357; x_wconf 79' lang='lat' dir='ltr'>ademit.</span> <span class='ocrx_word' id='word_1_581' title='bbox 1997 2323 2064 2358; x_wconf 88' lang='lat' dir='ltr'>Hic</span> <span class='ocrx_word' id='word_1_582' title='bbox 2082 2334 2199 2357; x_wconf 77' lang='lat' dir='ltr'>amem</span> <span class='ocrx_word' id='word_1_583' title='bbox 2237 2321 2284 2357; x_wconf 90' lang='lat' dir='ltr'>est</span> <span class='ocrx_word' id='word_1_584' title='bbox 2322 2324 2389 2358; x_wconf 89' lang='lat' dir='ltr'>Cn.</span> 
     </span>
     <span class='ocr_line' id='line_1_92' title="bbox 1383 2371 2392 2424; baseline -0.003 -13"><span class='ocrx_word' id='word_1_585' title='bbox 1383 2376 1569 2424; x_wconf 74' lang='lat' dir='ltr'>Pompeius</span> <span class='ocrx_word' id='word_1_586' title='bbox 1583 2375 1749 2422; x_wconf 75' lang='lat' dir='ltr'>Magnus,</span> <span class='ocrx_word' id='word_1_587' title='bbox 1773 2373 1829 2422; x_wconf 85' lang='lat' dir='ltr'>qui</span> <span class='ocrx_word' id='word_1_588' title='bbox 1850 2371 1965 2422; x_wconf 83' lang='lat' dir='ltr'>postea</span> <span class='ocrx_word' id='word_1_589' title='bbox 1982 2385 2089 2422; x_wconf 78' lang='lat' dir='ltr'>gener</span> <span class='ocrx_word' id='word_1_590' title='bbox 2105 2371 2164 2408; x_wconf 85' lang='lat' dir='ltr'>fuit</span> <span class='ocrx_word' id='word_1_591' title='bbox 2184 2371 2338 2415; x_wconf 83' lang='lat' dir='ltr'>Claudii,</span> <span class='ocrx_word' id='word_1_592' title='bbox 2356 2382 2392 2408; x_wconf 91' lang='lat' dir='ltr'>ut</span> 
     </span>
     <span class='ocr_line' id='line_1_93' title="bbox 1384 2418 2393 2474; baseline -0.003 -13"><span class='ocrx_word' id='word_1_593' title='bbox 1384 2425 1473 2462; x_wconf 91' lang='lat' dir='ltr'>libro</span> <span class='ocrx_word' id='word_1_594' title='bbox 1491 2425 1649 2474; x_wconf 84' lang='lat' dir='ltr'>sequente</span> <span class='ocrx_word' id='word_1_595' title='bbox 1667 2435 1839 2466; x_wconf 75' lang='lat' dir='ltr'>narratur,</span> <span class='ocrx_word' id='word_1_596' title='bbox 1871 2425 1907 2458; x_wconf 68' lang='grc' dir='ltr'>ὅ(</span> <span class='ocrx_word' id='word_1_597' title='bbox 1932 2434 2028 2458; x_wconf 78' lang='lat' dir='ltr'>notat</span> <span class='ocrx_word' id='word_1_598' title='bbox 2047 2425 2118 2459; x_wconf 92' lang='lat' dir='ltr'>Dio</span> <span class='ocrx_word' id='word_1_599' title='bbox 2128 2424 2162 2459; x_wconf 85' lang='lat' dir='ltr'>in</span> <span class='ocrx_word' id='word_1_600' title='bbox 2181 2422 2283 2459; x_wconf 85' lang='lat' dir='ltr'>rebus</span> <span class='ocrx_word' id='word_1_601' title='bbox 2292 2418 2393 2458; x_wconf 83' lang='lat' dir='ltr'>Clau-</span> 
     </span>
     <span class='ocr_line' id='line_1_94' title="bbox 1383 2475 2059 2524; baseline -0.003 -12"><span class='ocrx_word' id='word_1_602' title='bbox 1383 2476 1448 2519; x_wconf 85' lang='lat' dir='ltr'>dii,</span> <span class='ocrx_word' id='word_1_603' title='bbox 1475 2475 1533 2512; x_wconf 89' lang='lat' dir='ltr'>ubi</span> <span class='ocrx_word' id='word_1_604' title='bbox 1554 2476 1619 2512; x_wconf 81' lang='lat' dir='ltr'>hoc</span> <span class='ocrx_word' id='word_1_605' title='bbox 1635 2487 1773 2524; x_wconf 85' lang='lat' dir='ltr'>quoque</span> <span class='ocrx_word' id='word_1_606' title='bbox 1789 2485 2059 2510; x_wconf 85' lang='lat' dir='ltr'>commemorat.</span> 
     </span>
    </p>

    <p class='ocr_par' dir='ltr' id='par_1_27' title="bbox 1376 2522 2394 2969">
     <span class='ocr_line' id='line_1_95' title="bbox 1436 2522 2391 2574; baseline -0.004 -12"><span class='ocrx_word' id='word_1_607' title='bbox 1436 2527 1487 2562; x_wconf 80' lang='lat' dir='ltr'>Ob</span> <span class='ocrx_word' id='word_1_608' title='bbox 1504 2526 1664 2574; x_wconf 75' lang='lat' dir='ltr'>egregiam</span> <span class='ocrx_word' id='word_1_609' title='bbox 1684 2525 1818 2571; x_wconf 82' lang='lat' dir='ltr'>corporis</span> <span class='ocrx_word' id='word_1_610' title='bbox 1841 2524 2101 2572; x_wconf 62' lang='lat' dir='ltr'>anaplitudinem</span> <span class='ocrx_word' id='word_1_611' title='bbox 2120 2522 2172 2566; x_wconf 53' lang='grc' dir='ltr'>Εἴ</span> <span class='ocrx_word' id='word_1_612' title='bbox 2181 2522 2318 2570; x_wconf 83' lang='lat' dir='ltr'>speciem</span> <span class='ocrx_word' id='word_1_613' title='bbox 2328 2525 2391 2558; x_wconf 86' lang='lat' dir='ltr'>Co-</span> 
     </span>
     <span class='ocr_line' id='line_1_96' title="bbox 1382 2571 2392 2624; baseline -0.007 -11"><span class='ocrx_word' id='word_1_614' title='bbox 1382 2577 1504 2624; x_wconf 74' lang='lat' dir='ltr'>lt²ffi=r05</span> <span class='ocrx_word' id='word_1_615' title='bbox 1516 2576 1635 2613; x_wconf 68' lang='lat' dir='ltr'>dicius.</span> <span class='ocrx_word' id='word_1_616' title='bbox 1649 2574 1662 2623; x_wconf 91' lang='lat'><em>]</em></span> <span class='ocrx_word' id='word_1_617' title='bbox 1694 2577 1779 2611; x_wconf 89' lang='lat' dir='ltr'>Non</span> <span class='ocrx_word' id='word_1_618' title='bbox 1795 2574 1887 2611; x_wconf 82' lang='lat' dir='ltr'>male</span> <span class='ocrx_word' id='word_1_619' title='bbox 1904 2571 2038 2611; x_wconf 77' lang='lat' dir='ltr'>fortalle</span> <span class='ocrx_word' id='word_1_620' title='bbox 2058 2573 2239 2624; x_wconf 85' lang='lat' dir='ltr'>scripseris,</span> <span class='ocrx_word' id='word_1_621' title='bbox 2267 2571 2304 2607; x_wconf 89' lang='lat' dir='ltr'>ob</span> <span class='ocrx_word' id='word_1_622' title='bbox 2321 2584 2392 2607; x_wconf 67' lang='lat' dir='ltr'>cor&lt;</span> 
     </span>
     <span class='ocr_line' id='line_1_97' title="bbox 1376 2623 2392 2676; baseline -0.005 -13"><span class='ocrx_word' id='word_1_623' title='bbox 1376 2630 1465 2676; x_wconf 58' lang='lat' dir='ltr'>poris</span> <span class='ocrx_word' id='word_1_624' title='bbox 1493 2626 1752 2674; x_wconf 75' lang='lat' dir='ltr'>amplitudinem</span> <span class='ocrx_word' id='word_1_625' title='bbox 1773 2624 1826 2668; x_wconf 57' lang='grc' dir='ltr'>Εἴ</span> <span class='ocrx_word' id='word_1_626' title='bbox 1851 2627 2011 2673; x_wconf 76' lang='lat' dir='ltr'>egregiam</span> <span class='ocrx_word' id='word_1_627' title='bbox 2022 2623 2172 2672; x_wconf 75' lang='lat' dir='ltr'>spectem.</span> <span class='ocrx_word' id='word_1_628' title='bbox 2211 2635 2392 2671; x_wconf 78' lang='lat' dir='ltr'>utrumque</span> 
     </span>
     <span class='ocr_line' id='line_1_98' title="bbox 1383 2670 2392 2727; baseline -0.006 -14"><span class='ocrx_word' id='word_1_629' title='bbox 1383 2691 1469 2717; x_wconf 89' lang='lat' dir='ltr'>voce</span> <span class='ocrx_word' id='word_1_630' title='bbox 1486 2677 1657 2725; x_wconf 74' lang='lat' dir='ltr'>Colosseros</span> <span class='ocrx_word' id='word_1_631' title='bbox 1677 2676 1850 2727; x_wconf 81' lang='lat' dir='ltr'>eleganter</span> <span class='ocrx_word' id='word_1_632' title='bbox 1865 2688 1904 2711; x_wconf 89' lang='lat' dir='ltr'>ex</span> <span class='ocrx_word' id='word_1_633' title='bbox 1933 2675 2064 2711; x_wconf 83' lang='lat' dir='ltr'>riniitur</span> <span class='ocrx_word' id='word_1_634' title='bbox 2080 2688 2092 2710; x_wconf 70' lang='grc' dir='ltr'>ι</span> <span class='ocrx_word' id='word_1_635' title='bbox 2119 2670 2306 2721; x_wconf 79' lang='lat' dir='ltr'>ampli-tudo</span> <span class='ocrx_word' id='word_1_636' title='bbox 2317 2685 2392 2708; x_wconf 89' lang='lat' dir='ltr'>cor-</span> 
     </span>
     <span class='ocr_line' id='line_1_99' title="bbox 1383 2720 2394 2778; baseline -0.007 -13"><span class='ocrx_word' id='word_1_637' title='bbox 1383 2729 1496 2778; x_wconf 83' lang='lat' dir='ltr'>poris,</span> <span class='ocrx_word' id='word_1_638' title='bbox 1517 2728 1628 2778; x_wconf 84' lang='lat' dir='ltr'>priore</span> <span class='ocrx_word' id='word_1_639' title='bbox 1647 2737 1741 2776; x_wconf 82' lang='lat' dir='ltr'>parte</span> <span class='ocrx_word' id='word_1_640' title='bbox 1757 2739 1888 2776; x_wconf 87' lang='lat' dir='ltr'>compo</span> <span class='ocrx_word' id='word_1_641' title='bbox 1906 2736 1959 2760; x_wconf 83' lang='lat' dir='ltr'>itae</span> <span class='ocrx_word' id='word_1_642' title='bbox 1978 2724 2074 2769; x_wconf 82' lang='lat' dir='ltr'>hujus</span> <span class='ocrx_word' id='word_1_643' title='bbox 2084 2722 2259 2758; x_wconf 68' lang='lat' dir='ltr'>dictionis:</span> <span class='ocrx_word' id='word_1_644' title='bbox 2275 2720 2394 2758; x_wconf 77' lang='lat' dir='ltr'>forma</span> 
     </span>
     <span class='ocr_line' id='line_1_100' title="bbox 1383 2773 2394 2827; baseline -0.007 -11"><span class='ocrx_word' id='word_1_645' title='bbox 1383 2779 1523 2816; x_wconf 85' lang='lat' dir='ltr'>venusta</span> <span class='ocrx_word' id='word_1_646' title='bbox 1542 2781 1578 2814; x_wconf 75' lang='grc' dir='ltr'>ὃ(</span> <span class='ocrx_word' id='word_1_647' title='bbox 1591 2777 1770 2821; x_wconf 82' lang='lat' dir='ltr'>amabilis,</span> <span class='ocrx_word' id='word_1_648' title='bbox 1796 2776 1993 2827; x_wconf 83' lang='lat' dir='ltr'>posteriore.</span> <span class='ocrx_word' id='word_1_649' title='bbox 2023 2773 2189 2809; x_wconf 82' lang='lat' dir='ltr'>Miramur</span> <span class='ocrx_word' id='word_1_650' title='bbox 2203 2773 2301 2820; x_wconf 71' lang='lat' dir='ltr'>igitur</span> <span class='ocrx_word' id='word_1_651' title='bbox 2318 2785 2394 2809; x_wconf 86' lang='lat' dir='ltr'>non</span> 
     </span>
     <span class='ocr_line' id='line_1_101' title="bbox 1381 2822 2391 2881; baseline -0.009 -14"><span class='ocrx_word' id='word_1_652' title='bbox 1381 2843 1502 2881; x_wconf 79' lang='lat' dir='ltr'>parum</span> <span class='ocrx_word' id='word_1_653' title='bbox 1523 2857 1535 2870; x_wconf 89' lang='lat'><em>‚</em></span> <span class='ocrx_word' id='word_1_654' title='bbox 1574 2827 1654 2877; x_wconf 87' lang='lat' dir='ltr'>quid</span> <span class='ocrx_word' id='word_1_655' title='bbox 1671 2829 1822 2865; x_wconf 88' lang='lat' dir='ltr'>moverit</span> <span class='ocrx_word' id='word_1_656' title='bbox 1838 2827 1929 2863; x_wconf 85' lang='lat' dir='ltr'>viros</span> <span class='ocrx_word' id='word_1_657' title='bbox 1946 2822 2184 2859; x_wconf 68' lang='lat' dir='ltr'>eruditissimos</span> <span class='ocrx_word' id='word_1_658' title='bbox 2200 2851 2212 2866; x_wconf 90' lang='lat'><em>‚</em></span> <span class='ocrx_word' id='word_1_659' title='bbox 2241 2834 2277 2859; x_wconf 92' lang='lat' dir='ltr'>ut</span> <span class='ocrx_word' id='word_1_660' title='bbox 2304 2822 2391 2859; x_wconf 86' lang='lat' dir='ltr'>hanc</span> 
     </span>
     <span class='ocr_line' id='line_1_102' title="bbox 1382 2872 2390 2918; baseline -0.01 0"><span class='ocrx_word' id='word_1_661' title='bbox 1382 2881 1570 2918; x_wconf 65' lang='lat' dir='ltr'>lectionem</span> <span class='ocrx_word' id='word_1_662' title='bbox 1588 2878 1678 2916; x_wconf 85' lang='lat' dir='ltr'>adeo</span> <span class='ocrx_word' id='word_1_663' title='bbox 1697 2875 1882 2914; x_wconf 84' lang='lat' dir='ltr'>manifesto</span> <span class='ocrx_word' id='word_1_664' title='bbox 1904 2884 2024 2910; x_wconf 80' lang='lat' dir='ltr'>veram</span> <span class='ocrx_word' id='word_1_665' title='bbox 2053 2876 2090 2909; x_wconf 72' lang='grc' dir='ltr'>ὃ(</span> <span class='ocrx_word' id='word_1_666' title='bbox 2119 2880 2276 2911; x_wconf 68' lang='lat' dir='ltr'>veterum</span> <span class='ocrx_word' id='word_1_667' title='bbox 2306 2872 2390 2910; x_wconf 87' lang='lat' dir='ltr'>libb.</span> 
     </span>
     <span class='ocr_line' id='line_1_103' title="bbox 1382 2923 2085 2969; baseline -0.013 0"><span class='ocrx_word' id='word_1_668' title='bbox 1382 2931 1582 2969; x_wconf 64' lang='lat' dir='ltr'>auctoritate</span> <span class='ocrx_word' id='word_1_669' title='bbox 1600 2926 1844 2965; x_wconf 75' lang='lat' dir='ltr'>confirmatam</span> <span class='ocrx_word' id='word_1_670' title='bbox 1863 2923 2085 2960; x_wconf 73' lang='lat' dir='ltr'>sollicitarent.</span> 
     </span>
    </p>

    <p class='ocr_par' dir='ltr' id='par_1_28' title="bbox 1382 2971 2395 3083">
     <span class='ocr_line' id='line_1_104' title="bbox 1438 2971 2395 3026; baseline -0.007 -9"><span class='ocrx_word' id='word_1_671' title='bbox 1438 2981 1563 3017; x_wconf 82' lang='lat' dir='ltr'>Thraci</span> <span class='ocrx_word' id='word_1_672' title='bbox 1588 2977 1640 3021; x_wconf 55' lang='grc' dir='ltr'>Εἴ</span> <span class='ocrx_word' id='word_1_673' title='bbox 1660 2989 1738 3012; x_wconf 88' lang='lat' dir='ltr'>mox</span> <span class='ocrx_word' id='word_1_674' title='bbox 1754 2973 1866 3024; x_wconf 84' lang='lat' dir='ltr'>hopl.]</span> <span class='ocrx_word' id='word_1_675' title='bbox 1893 2973 2014 3011; x_wconf 86' lang='lat' dir='ltr'>Melius</span> <span class='ocrx_word' id='word_1_676' title='bbox 2033 2972 2195 3026; x_wconf 84' lang='lat' dir='ltr'>scripseris</span> <span class='ocrx_word' id='word_1_677' title='bbox 2205 2971 2342 3017; x_wconf 83' lang='lat' dir='ltr'>Threci,</span> <span class='ocrx_word' id='word_1_678' title='bbox 2355 2975 2395 3010; x_wconf 64' lang='grc' dir='ltr'>ὅ(</span> 
     </span>
     <span class='ocr_line' id='line_1_105' title="bbox 1382 3026 1744 3083; baseline -0.022 -13"><span class='ocrx_word' id='word_1_679' title='bbox 1382 3034 1428 3070; x_wconf 79' lang='lat' dir='ltr'>ita</span> <span class='ocrx_word' id='word_1_680' title='bbox 1446 3033 1482 3069; x_wconf 84' lang='lat' dir='ltr'>in</span> <span class='ocrx_word' id='word_1_681' title='bbox 1499 3029 1579 3069; x_wconf 83' lang='lat' dir='ltr'>cod.</span> <span class='ocrx_word' id='word_1_682' title='bbox 1604 3026 1744 3083; x_wconf 83' lang='lat' dir='ltr'>Pithoei.</span> 
     </span>
    </p>
   </div>
   <div class='ocr_carea' id='block_1_21' title="bbox 2251 3127 2403 3170">
    <p class='ocr_par' dir='ltr' id='par_1_29' title="bbox 2251 3127 2403 3170">
     <span class='ocr_line' id='line_1_106' title="bbox 2251 3127 2403 3170; baseline -0.007 -9"><span class='ocrx_word' id='word_1_683' title='bbox 2251 3127 2403 3170; x_wconf 54' lang='grc' dir='ltr'>ΤΟΕΤ</span> 
     </span>
    </p>
   </div>
  </div>
 </body>
</html>
