2504 3425
87 560 144 593 21
172 539 391 603 ediamque
415 538 539 583 unius
557 535 641 581 diei
662 551 734 596 per
756 533 939 595 singulos
961 547 1027 575 me

445 128 519 184 T.
596 125 1077 181 FLAV1us
1151 119 1945 177 VESPASIANUS.

94 238 154 271 ιο
166 223 246 289 fibi
263 221 436 286 fistertia
466 219 633 274 darent,
665 235 713 263 ac
736 218 781 278 fh
811 218 879 262 vel
910 219 953 261 in
985 212 1162 261 Tiberim
1189 227 1239 279 pr

171 284 383 349 firmisque
417 282 616 329 membris
635 314 650 336 ,
695 280 812 326 vultu
846 279 974 325 veluti
1008 277 1193 323 nitentiS.

1240 212 1432 273 ojicerent.

1499 208 1657 252 Statura
1689 200 1769 248 fuit
1793 198 2006 263 quadrata,
2040 201 2263 260 compaffls

1259 273 1391 319 Unde
1437 269 1605 333 quidam
1648 263 1898 312 urbanorum
1933 277 2021 304 non
2056 259 2256 314 infacete,

170 349 375 413 liquidem
407 346 598 408 petenti,
632 357 672 389 ut
708 353 770 389 (φ’
803 349 846 388 in
868 344 912 404 [ὲ
943 341 1097 404 aliquid
1131 340 1308 385 diceret:
1355 338 1530 389 Dicam,
1563 331 1725 393 inquit,
1754 343 1843 373 cum
1858 338 2034 370 ventrem
2056 341 2264 368 exonerare

173 414 343 476 desieris.
410 408 667 456 Valetudine
700 406 970 470 prosperrima
1002 402 1094 449 usus
1127 401 1185 448 est

175 492 302 539 quam
334 472 478 521 fauces
504 487 731 535 vceteraque
765 468 951 515 membra
984 465 1151 513 sibimet
1182 482 1203 509 a

168 608 222 650 In
258 604 495 664 Principatu
517 600 717 645 maturius
742 595 901 658 semper
918 627 934 650 ,
966 610 1011 639 ac

169 668 421 729 ciorumque
455 663 650 710 omnium
681 660 919 714 breviatim
950 658 1108 702 amicos
1138 650 1412 700 admittebat:

174 799 392 853 vespasiani.
448 801 570 850 Qam
598 797 642 834 ad
668 807 744 833 rem
771 805 843 830 non
871 789 919 827 est
947 800 1033 839 opus
1061 786 1199 824 summa

171 863 288 902 parva.
345 850 490 888 Nullum
511 849 558 886 est
578 847 698 884 certius
715 851 961 893 argumentum
989 837 1141 875 sordium
1158 835 1195 871 in

166 913 300 945 avaro,
325 912 434 951 quam
454 898 548 949 quod
570 897 602 933 ei
624 895 718 932 deest
733 904 806 929 tam
823 890 918 940 quod
939 886 1068 929 habet,
1085 896 1195 935 quam

198 951 268 988 uod
296 950 499 988 nonhabet.
557 945 659 982 Adeo
676 941 870 980 naturalem
887 941 925 974 ὅ(
947 935 1086 973 insitam
1103 931 1197 971 fuisse

170 964 344 1050 iignificat
374 999 422 1036 illi
452 995 602 1043 Principi
634 993 788 1043 pecuniae
813 987 1033 1037 cupiditatem
1051 1013 1063 1028 ‚
1100 995 1137 1020 ut
1170 981 1195 1019 si

174 1052 281 1088 etiam
300 1058 458 1086 mortuus
480 1045 701 1086 intellicreret‚
726 1052 863 1078 tantum
882 1035 1049 1088 impendii
1063 1032 1197 1070 factum

170 1101 206 1136 in
224 1098 326 1136 funus
343 1097 440 1134 suum
459 1124 470 1138 ,
497 1094 531 1132 id
547 1074 628 1131 εΠῖε
646 1092 828 1134 doliturus,
852 1088 1038 1137 malletque
1057 1084 1092 1120 in
1126 1082 1199 1120 the-

167 1148 272 1186 fimi-is
303 1158 486 1197 argentum
518 1142 670 1182 condere
690 1171 703 1186 ,
741 1141 820 1177 licet
849 1149 1026 1188 nunquam
1057 1132 1197 1176 usurus,

167 1208 277 1249 quam
299 1199 446 1236 extremi
461 1194 615 1233 muneris
635 1189 1004 1238 honoremireciperet
1031 1184 1112 1234 quin
1121 1183 1196 1219 imo

195 1260 307 1287 utaret
335 1258 434 1287 tanto
465 1246 562 1283 dono
596 1243 760 1294 quamvis
785 1238 1016 1291 ignominiam
1045 1231 1200 1272 cadaveri

167 1262 231 1337 'guo
251 1298 410 1336 oblatam
429 1296 572 1334 abunde
590 1290 817 1341 compensari.
875 1290 968 1324 Hinc
993 1284 1068 1321 satis
1095 1294 1201 1334 appa-

171 1362 242 1393 ret,
272 1348 432 1398 amplam
447 1345 543 1384 fuisse
568 1344 746 1381 summam
770 1356 781 1378 ς
808 1338 997 1379 videlicet,
1037 1333 1201 1371 ducento-

170 1413 251 1438 rum
280 1398 527 1448 qulnquaginta
554 1392 703 1431 millium
729 1386 946 1440 Philippeum
978 1384 1203 1421 nostrorumz

170 1463 246 1488 non
272 1459 417 1485 centum
434 1445 584 1483 millium
606 1440 816 1483 nummum,
834 1450 911 1489 quae
932 1446 1066 1473 tantum
1076 1432 1204 1469 faciunt

173 1499 245 1538 duo
269 1497 376 1535 millia
393 1498 613 1547 quingentos.
668 1496 785 1530 IDEM.

231 1563 291 1586 20.
307 1552 451 1583 Statura
457 1546 537 1593 fuit
553 1541 770 1593 quadratas]
793 1536 1067 1576 observavimus
1077 1531 1206 1571 curiose

180 1598 276 1649 apud
304 1595 445 1634 Celsum
471 1599 509 1633 δ(
532 1591 768 1632 Columellam
782 1618 795 1634 ,
825 1588 986 1625 staturam
1003 1584 1207 1636 quadratam

181 1649 249 1686 dici
268 1677 281 1692 ‚
310 1659 388 1697 quae
404 1659 516 1697 neque
532 1644 661 1693 longa,
687 1653 798 1691 neque
816 1637 927 1676 brevis
945 1634 986 1672 fit
1002 1664 1014 1679 ‚
1043 1634 1099 1672 sed
1121 1635 1208 1670 inter

178 1710 368 1748 utrumque
401 1705 606 1747 temperata.
664 1693 716 1729 Sic
743 1691 839 1727 enim
862 1688 910 1724 ait
941 1684 1137 1723 Columella
1163 1683 1207 1720 de

180 1747 325 1786 canibus
340 1746 491 1784 scribens
509 1761 523 1783 ε
548 1741 716 1780 Probatur
734 1739 925 1789 quadratus
935 1744 1047 1783 potrus
1059 1763 1071 1778 ,
1101 1745 1213 1784 quam

180 1800 297 1847 longus
312 1825 327 1840 ‚
355 1805 419 1832 aut
433 1794 559 1832 brevis,
618 1790 737 1828 Celsus
754 1791 800 1825 ait
815 1789 851 1824 in
867 1785 1018 1823 secundo
1037 1799 1048 1821 ι
1082 1787 1206 1830 Corpus

175 1846 419 1895 habiltffimum
447 1845 660 1893 quadratum
678 1840 736 1889 effe
747 1866 761 1882 ,
802 1848 906 1885 neque
919 1833 1047 1883 gracile
1062 1861 1074 1877 ,
1102 1844 1208 1880 neque

177 1897 321 1945 obesam.
373 1901 470 1932 Nam
487 1893 585 1942 longa
595 1891 732 1938 statura
748 1916 762 1932 ‚
801 1895 840 1924 ut
857 1885 894 1921 in
910 1887 1062 1933 Juventa
1090 1883 1208 1918 decora

176 1947 222 1996 eft
240 1976 253 1992 ,
280 1944 332 1995 fic
357 1953 501 1983 matura
515 1943 686 1992 senestute
713 1936 884 1983 conficitur
900 1949 911 1970 .·
945 1931 1070 1984 gracile
1098 1939 1207 1979 corpus

176 1997 373 2045 infirmum,
405 1993 536 2041 obesam
556 1990 652 2029 hebes
670 1988 724 2036 est.
758 1990 775 2024 1
801 1987 864 2023 itur
882 1979 1209 2032 Tranquillusfigni-

176 2045 285 2085 ficare
302 2045 425 2086 volens
445 2073 458 2088 ,
494 2039 755 2092 Vespasiapumf
771 2000 865 2073 tguiffe
893 2045 1004 2082 neque
1032 2042 1178 2081 procera
1192 2058 1206 2073 ,

178 2109 294 2150 neque
311 2096 408 2137 brevi
423 2094 568 2137 statura,
602 2089 660 2128 sed
677 2085 909 2130 intermedia,
936 2084 1108 2134 eleganter
1123 2080 1206 2119 dixit

179 2148 357 2198 quadrata.
412 2148 609 2184 BEROALD.

494 2217 869 2251 'ronne-NT.

236 2287 294 2311 20.
307 2273 412 2310 Vultu
426 2272 539 2310 veluti
555 2267 729 2317 nitentis.]
751 2268 881 2317 Aperte
892 2263 1032 2316 quidem
1043 2292 1054 2307 ‚
1071 2261 1127 2299 sed
1137 2263 1206 2299 mi-

179 2336 243 2361 nus
258 2323 452 2364 verecunde
470 2320 617 2359 Martial.
645 2319 704 2356 lib.
732 2332 810 2356 111.
839 2317 954 2366 Epigr.
972 2326 1141 2353 Lxxxvn.

291 2378 388 2411 Utere
406 2372 565 2414 zameis,
591 2367 645 2412 ἰῇ*
665 2368 816 2406 mollibus
833 2376 925 2403 utere
938 2363 1077 2401 malvis.

354 2428 451 2458 Nam
457 2420 588 2467 faciem
603 2419 729 2455 duram
739 2445 751 2462 ,
771 2416 912 2459 Phoebe,
930 2416 1077 2451 cacantis
1093 2411 1208 2450 habes.

186 2471 281 2513 Vide
293 2470 431 2509 Festum
452 2471 488 2507 in
505 2471 656 2506 Nu‘lare.

244 2529 324 2560 Non
342 2522 495 2568 infacete.
514 2518 688 2570 fiqus'dem
712 2514 808 2565 pet.]

188 2572 270 2616 bat,
302 2584 368 2607 non
388 2570 533 2617 infacete
550 2581 578 2606 25
597 2566 747 2617 quidem.
779 2577 856 2615 quae
875 2563 977 2600 lestis
991 2554 1068 2599 sane
1078 2562 1217 2597 concin-
1267 2555 1483 2606 Lampridius
1503 2551 1757 2603 sphaeristerium
1782 2558 1904 2596 capere
1926 2544 2059 2582 videtur

191 2625 269 2661 nior
288 2619 346 2658 est.

245 2672 502 2711 ,adnumerum
524 2669 562 2705 in
573 2666 689 2716 sphaer.
707 2663 824 2711 defric.
841 2662 857 2711 ]

189 2722 418 2772 summopere
436 2715 689 2758 commendant
714 2713 866 2757 medici,
895 2711 950 2748 sed
961 2709 1149 2748 audiendos
1161 2723 1219 2746 ne.

192 2785 301 2825 gant,
322 2786 379 2822 qui
395 2783 544 2808 numero
561 2768 697 2804 faciant,
729 2764 762 2801 id
783 2766 877 2800 enim
889 2775 929 2798 cx
938 2760 1065 2799 viribus
1074 2760 1223 2796 hominis

196 2823 438 2874 colligendum
459 2820 519 2858 est.
577 2823 617 2856 Et
638 2815 663 2852 si
685 2813 904 2866 perinfirmus
923 2810 993 2854 est,
1023 2809 1130 2861 potest
1148 2808 1224 2847 satis

189 2874 263 2913 esse
286 2872 513 2924 quinquagies
532 2889 542 2912 ς
569 2867 595 2905 fi
615 2864 809 2908 robustior,
837 2861 945 2915 potest
963 2861 1137 2897 ducenties
1160 2858 1225 2896 ess'e

198 2923 414 2962 faciendum.
461 2917 690 2970 Vespafianus
705 2928 811 2960 vero,
841 2915 897 2965 qui
916 2911 1004 2948 nulla
1025 2908 1226 2947 necessitate

199 2973 418 3013 frictionibus
437 2971 595 3011 utebatur
613 2997 625 3013 ,
661 2979 847 3004 numerum
865 2963 972 3003 voluit
989 2959 1053 2998 effe
1071 2959 1228 3011 aequabi-

200 3022 299 3071 lem,
325 3022 421 3078 quod
438 3017 682 3063 conservandae
700 3016 882 3059 valetudini
892 3013 1004 3064 magis
1013 3023 1186 3052 convena,

1031 530 1122 575 nses
1143 530 1436 587 interponeret.

1033 593 1084 638 de
1107 592 1230 638 noe'te
1258 586 1502 649 evigilabat:
1535 583 1685 629 deinde
1712 580 1902 644 perletffis
1922 575 2128 638 epistolis,
2163 573 2264 621 offi-

1211 1512 1219 1515 s
1257 1520 1365 1555 eidem
1383 1518 1438 1554 hic
1443 1518 1531 1563 suit.

1280 398 1470 463 quamvis
1502 395 1552 441 ad
1584 393 1780 439 tuendam
1814 405 1904 433 eam
1951 386 2055 432 nihil
2087 388 2264 447 amplius

1205 463 1231 509 cl
1265 477 1488 508 numerum
1521 460 1565 503 in
1598 453 1864 520 spbaeristerio
1899 448 2117 507 defricaret
2137 484 2149 504 ,
2197 452 2266 495 in·-

1504 520 1715 566 Ordinem
1749 519 1840 562 vitae
1864 513 1949 559 fere
1975 506 2088 558 bunc
2113 515 2260 558 tenuit.

1456 664 1501 693 ac
1535 647 1637 694 dum
1669 642 1910 691 salutabatur
1930 675 1944 698 ‚
1979 643 2023 686 δε
2060 639 2267 686 calceabat

2173 701 2259 765 ipse

1305 789 1345 819 In
1352 780 1601 831 sphaerislerio.]
1633 782 1753 816 Graeca
1771 791 1861 816 voce
1880 778 1955 815 usus
1976 775 2022 813 est
2038 790 2098 826 pro
2116 788 2156 812 ea
2173 776 2264 813 ther-

1251 845 1413 875 marum,
1440 832 1497 869 seu
1513 829 1624 867 balnei
1642 840 1753 879 parte,
1782 830 1816 864 in
1832 839 1897 876 qua
1918 826 1991 876 post
2010 827 2119 863 varias
2137 828 2265 862 exerci-

1249 884 1396 920 tationes
1415 910 1426 925 ,
1457 879 1531 931 pilae
1551 878 1733 929 praesertim
1754 904 1765 918 ,
1805 877 1818 921 (
1831 876 1919 911 unde
1942 879 1979 911 δε
2001 887 2133 911 nomen
2162 876 2266 914 habet

1250 945 1270 969 a
1304 931 1479 980 σφωιρίζω
1501 958 1512 973 ,
1550 927 1646 978 quod
1673 926 1721 963 est
1749 925 1815 975 pila
1851 923 1955 968 ludo)
1999 924 2265 961 defi-icabantur.

1250 985 1366 1020 Locus
1384 982 1482 1030 igitur
1501 977 1685 1017 valetudini
1704 986 1803 1023 aptus
1819 1003 1831 1017 ,
1870 974 1978 1020 inquit
1997 972 2134 1020 Ulpian.
2150 974 2170 1010 l.
2184 988 2265 1013 xvr.

1249 1032 1413 1070 Mandati.
1469 1028 1540 1066 Ubi
1563 1027 1656 1078 plura
1676 1024 1840 1066 Budaeus,
1859 1026 1896 1060 δε
1917 1020 2074 1059 Be-roald.
2095 1021 2158 1059 hic.

1553 1098 1950 1133 Gasauzou..

1307 1183 1362 1207 21.
1381 1168 1547 1204 Ordinem
1563 1165 1640 1200 vita
1647 1163 1723 1208 fere
1742 1160 1831 1197 hunc
1851 1156 1999 1206 tenuit.]
2031 1156 2157 1195 Similis
2173 1152 2270 1194 locus

1252 1219 1341 1270 apud
1367 1216 1606 1268 Xiphilinum:
1633 1212 1681 1250 ibi
1697 1206 1892 1247 καταςοὲσει
1916 1207 1953 1243 δὲ
1979 1208 2027 1244 ‘tis‘
2051 1207 2119 1250 βιέ
2148 1206 2268 1254 τοιᾷδε

1256 1270 1299 1315 ἐχ
1303 1272 1390 1317 ρῖτο.
1405 1269 1462 1305 ubi
1472 1278 1592 1303 tamen
1604 1262 1763 1312 pleraque
1772 1257 1900 1296 diversa
1910 1258 2146 1294 observantur.
2160 1256 2272 1292 multo

1256 1321 1334 1357 sane
1354 1318 1495 1356 similior
1507 1314 1680 1353 ordovitae
1694 1310 1809 1349 Severi
1819 1308 2001 1358 descriptus
2012 1305 2128 1343 eidem
2146 1306 2180 1342 in
2200 1307 2273 1350 ejus

1255 1372 1346 1412 νίκας
1375 1368 1433 1405 illo
1451 1367 1555 1404 loco:
1583 1364 1704 1411 ἐχρῖτο
1723 1359 1760 1395 ἓὲ
1783 1357 1928 1405 Σεζῆρος
1948 1355 2271 1399 κοιτοιςοὶσ-ειτὲβιέ

1257 1419 1374 1466 εἰρήνης
1398 1417 1482 1457 ἐίσης
1506 1416 1638 1463 τοιᾷδε.
1669 1410 1746 1449 vide
1766 1412 1803 1446 &
1824 1406 1953 1445 confer.
1996 1405 2095 1444 Adde
2114 1406 2275 1454 Lampri-

1259 1469 1355 1506 dium
1375 1470 1409 1505 in
1426 1469 1497 1507 vita
1527 1461 1707 1502 Alexandri
1732 1459 1860 1497 Severi.
1907 1457 1980 1501 ibi,
2022 1455 2100 1504 Ufiaes
2127 1455 2275 1490 vivendi

1588 1509 1784 1550 Martialem
1803 1510 2055 1559 epigrammate
2062 1505 2190 1542 oaavo
2200 1503 2276 1542 libri

1285 1568 1389 1611 uani,
1412 1571 1451 1604 δ(
1467 1563 1695 1609 xc.ejusdem.
1738 1558 1875 1596 Exstant
1894 1561 1931 1594 ὅ(
1954 1557 2049 1594 Plinii
2067 1553 2194 1604 aliquot
2207 1555 2277 1604 epi-

1257 1582 1351 1656 golae
1371 1617 1524 1664 ejusdem
1542 1612 1757 1663 argumenti,
1774 1610 1929 1657 itemque
1940 1606 2047 1643 fimiae
2059 1607 2131 1651 ejus
2148 1604 2278 1641 Sidonii

1259 1668 1464 1720 Apollinaris
1487 1681 1497 1704 ι
1532 1668 1569 1701 &
1597 1665 1730 1709 integro
1758 1658 1895 1696 Ausonii
1924 1667 2087 1707 poemate
2112 1653 2275 1702 descripta

1256 1719 1469 1769 Ephemeris.
1526 1718 1574 1751 Ex
1595 1713 1645 1750 his
1671 1712 1753 1749 locis
1780 1707 1883 1745 discet
1910 1706 2073 1743 studiosus
2099 1705 2277 1754 antiquita-

1257 1770 1317 1812 tis,
1348 1765 1532 1818 quomodo
1552 1763 1637 1800 soliti
1654 1773 1787 1800 veteres
1801 1758 1895 1794 diem
1914 1756 2103 1806 disponere.

1312 1824 1369 1855 Ac
1394 1818 1480 1854 dum
1499 1813 1725 1864 salutabatur
1745 1808 1797 1852 Εἴ
1817 1806 1984 1844 calciabat
2011 1806 2073 1853 ipſs
2085 1803 2156 1852 sese
2172 1831 2184 1846 ,
2221 1801 2276 1846 ξς

1257 1866 1482 1913 amiciebat.]
1511 1862 1751 1915 Eginhardus:
1779 1862 1869 1894 Cum
1899 1851 2170 1895 calciaretur&
2189 1854 2277 1888 ami-

1259 1920 1381 1955 ciretur
1399 1944 1413 1959 ,
1450 1929 1515 1952 non
1548 1923 1687 1949 tantum
1718 1912 1840 1946 amicos
1867 1903 2073 1941 admittebat
2095 1930 2105 1945 ,
2154 1915 2277 1938 verum

1256 1968 1363 2004 etiam
1390 1980 1402 2002 ι
1419 1978 1520 2004 comes
1531 1962 1660 2013 palatii
1669 1960 1763 1997 litem
1782 1958 1936 2006 aliquam
1953 1953 2010 2003 effe
2025 1953 2159 1989 diceret.
2185 1951 2277 1991 Vide

1256 2028 1378 2056 cetera.

1606 2085 1644 2122 V
1672 2093 1695 2119 Α
1723 2093 1749 2119 a
1778 2093 1794 2118 ι
1820 2093 1844 2117 0
1873 2091 1913 2116 a.

1311 2155 1564 2206 Unde-qnidam
1583 2147 1833 2197 urbanorum]
1861 2145 1985 2185 Codex
2000 2142 2106 2182 Salm.
2127 2139 2269 2179 &Robt

1221 2190 1223 2192 >
1261 2208 1377 2260 Steph.
1406 2212 1461 2242 De
1479 2218 1543 2255 quo
1562 2203 1706 2253 quidam
1726 2200 1946 2236 urbanorum.

1316 2265 1357 2295 In
1366 2253 1617 2305 sphaerzsterim]
1647 2249 1936 2300 Sphaeristerium,
1966 2244 2062 2282 locus
2079 2253 2150 2279 erat
2160 2250 2275 2278 rotun-

1258 2307 1325 2345 dus
1344 2336 1357 2352 ,
1386 2306 1486 2345 variis
1512 2299 1811 2341 exercitationibus
1831 2293 2119 2334 accommodatus
2140 2307 2149 2329 z
2183 2288 2278 2341 quod

1263 2358 1390 2395 indicat
1406 2355 1533 2393 Plinius
1549 2355 1584 2390 in
1602 2367 1635 2392 v.
1672 2347 1898 2399 Epistolarum
1914 2375 1928 2390 ‚
1955 2347 2050 2390 cujus
2072 2342 2181 2381 verba
2202 2339 2278 2377 sunt

1264 2409 1337 2446 haec
1363 2423 1373 2446 ε
1403 2405 1605 2455 Apodyterio
1618 2398 1821 2450 fhpposttum
1845 2396 1887 2443 est
1896 2394 2169 2444 sphaeristerium,
2193 2390 2279 2440 quod

1256 2458 1359 2507 plura
1380 2468 1503 2505 genera
1520 2450 1789 2491 exercitationis,
1817 2445 1990 2495 pluresque
2016 2442 2151 2480 circulos
2177 2441 2278 2487 capit.

842 2516 923 2550 Car.
951 2513 1106 2560 Langius
1123 2510 1216 2560 lege·
1264 2509 1343 2544 Dici
1358 2517 1476 2544 autem
1497 2504 1627 2542 videtur
1646 2513 1665 2536 a
1684 2499 1841 2548 sphaerica
1853 2524 1865 2539 ,
1899 2493 2118 2542 circularique
2145 2489 2255 2540 figura
2267 2515 2277 2526 .

2086 2553 2149 2592 pro
2165 2540 2278 2581 loco,

1266 2608 1302 2643 in
1321 2620 1391 2656 quo
1410 2604 1584 2654 speciatim
1604 2601 1713 2651 pilaris
1736 2595 1821 2634 lusio
1849 2606 2021 2631 exercetur
2040 2607 2052 2629 t
2256 2589 2265 2597 ‘

882 2661 1066 2698 frictiones
1076 2659 1220 2708 quidem
1269 2657 1352 2693 dam
1373 2656 1502 2691 diClurn
1523 2651 1588 2689 effe
1606 2658 1785 2687 autumant
1801 2659 1821 2683 a
1834 2645 1904 2682 lusu
1919 2645 2018 2694 pilae,
2043 2653 2149 2691 quam
2170 2637 2281 2677 Graeci

1272 2708 1419 2754 σφαῖραν
1440 2713 1579 2742 vocant..
1637 2703 1734 2736 Nam
1759 2701 1796 2734 ὅ(
1818 2695 1990 2744 σ-φοιιρέζω
2013 2695 2180 2730 Graecum
2206 2701 2285 2728 ver·

1271 2757 1357 2794 bum
1376 2755 1443 2797 est,
1468 2753 1562 2803 quod
1574 2747 1741 2802 fignificat
1758 2746 1824 2798 pila
1840 2745 1966 2782 ludere.
2006 2746 2200 2780 Berotai).

1328 2817 1385 2844 21.
1429 2803 1620 2852 officiorum
1645 2802 1796 2836 omnium
1828 2792 2048 2841 breviana]
2100 2795 2180 2830 Hoc
2212 2789 2281 2832 est,

1275 2854 1533 2894 commentariis
1549 2851 1670 2903 quibus
1688 2847 1806 2886 officia
1830 2843 2092 2883 continebantur
2111 2871 2123 2886 ,
2155 2844 2194 2877 δε
2216 2839 2284 2877 tale

1274 2907 1482 2944 breviarium
1495 2933 1505 2947 ‚
1532 2904 1662 2944 brevis,
1688 2913 1767 2936 cum
1784 2896 1940 2935 videlicet
1958 2890 2282 2944 intelligitur-tribula.

1277 2960 1436 2995 Ln‘sxus.
1472 2953 1597 2990 Obiter
1618 2948 1857 2989 annotandum
1878 2975 1890 2991 ,
1926 2945 2060 2981 brevem
2079 2972 2090 2987 ‚
2123 2946 2160 2980 δε
2189 2942 2290 2978 breve

1280 3006 1466 3048 masculino
1493 3008 1529 3043 δε
1546 3015 1668 3044 neutro
1685 3012 1810 3052 genere
1827 2997 1997 3047 eleganter
2024 2998 2060 3033 δι
2086 2994 2209 3034 Latine
2224 2988 2291 3028 dici

1716 3053 1899 3089 Min-mm
2139 3069 2144 3074 .
2259 3041 2298 3076 in
