2504 3425
191 161 295 217 512
508 106 1979 198 ¹C.SuET.Titanqult.1.1L11³.V'1.

184 249 261 296 pro
298 230 495 279 subselliis
532 232 689 277 nullam
722 231 899 275 omnino
932 223 1098 274 darent,
1134 217 1341 281 praebente
1375 218 1516 263 aerario
1547 216 1738 278 gratuita:
1775 233 1903 281 utque
1938 233 2071 263 rerum
2106 215 2195 261 ειᾶυ
2218 215 2292 263 ab·

184 298 324 344 aerario
356 293 491 343 caum—2
516 295 563 341 ad
588 293 724 340 forum
739 328 750 349 ‚
786 309 830 338 ac
854 298 1157 348 recuperatores
1177 277 1515 327 transferrentur:
1549 283 1592 323 &
1619 292 1664 323 ut
1685 296 1832 324 omnes
1850 282 2144 343 appellationes
2167 297 2187 325 a
2208 287 2276 340 ju-

188 359 351 407 dicibus
383 359 431 405 ad
464 357 646 405 senatum
681 355 839 401 fierent.
907 347 1147 410 Augendi,
1193 342 1533 407 propagandique
1568 343 1740 402 Imperii
1773 359 1912 405 neque
1947 345 2158 390 voluntate
2194 347 2275 391 ulla
2297 340 2350 386 18
2407 343 2410 347 ’

189 415 196 421 '
874 415 1000 458 etiam
1022 427 1069 455 ex
1094 409 1307 455 Britannia
1331 406 1532 452 deducere
1553 406 1782 450 exercitum
1805 408 2005 468 cogitavit
2029 426 2040 453 t
2085 425 2162 454 nec
2194 410 2275 456 nisi

189 441 325 487 neque
351 421 417 485 spe
442 437 577 468 motus
597 434 794 478 umquam
816 450 829 470 ‚

190 486 463 539 verecundia,
500 500 550 529 nc
575 481 802 525 obtrectare
821 479 996 539 parentis
1015 476 1156 537 gloriae
1179 471 1409 526 videretur,
1444 468 1611 516 destitit.
1674 470 1801 514 Pon-ti
1827 469 1953 514 modo
1971 487 2146 533 regnum
2171 488 2276 518 con..

190 551 361 597 cedente
397 549 627 592 Polemone
653 579 665 598 ‚
701 545 801 587 item
837 542 1015 601 Alpium
1040 574 1051 592 ,
1093 536 1295 582 defuneto
1330 534 1511 590 Cottio,
1555 535 1600 579 in
1633 533 1856 595 provinciae
1891 531 2071 578 formam
2094 536 2275 598 redegit.

193 612 550 675 Peregrinationes
574 607 671 652 duas
690 608 872 652 omnino
894 603 1093 666 suscepit,
1131 597 1513 646 Alexandrinam&
1529 596 1780 644 Achaicam:
1817 594 1886 643 sed
1896 597 2179 644 Alexandrina
2190 599 2278 660 ipso
2300 609 2356 651 19

193 747 373 797 pecuniam
409 756 429 781 a
469 741 691 793 litigatoribus
729 751 932 791 repeterent.
991 738 1212 777 simillimum

193 798 240 833 est
260 826 270 839 ‚
313 793 407 845 quod
428 794 513 830 olim
531 794 674 830 Athenis
693 795 728 828 ὅ(
747 795 876 829 Romae
898 792 1003 828 etiam
1034 789 1109 826 fieri
1137 789 1213 826 soli-

193 859 266 882 tum
302 848 390 882 circa
416 843 546 880 theatra
564 873 575 886 ,
621 843 815 892 priusquam
853 853 1023 893 perpetuae
1059 840 1213 890 volupta-

192 908 267 932 tum
288 897 382 933 sedes
400 893 534 931 fuissent
551 893 751 930 aedificatae:
776 905 872 929 erant
896 894 991 928 enim
1010 892 1215 938 θεατροπῶ-

191 955 253 982 λιιι
266 947 526 994 δε.9εωτρῶνοιι,
545 957 581 981 ut
600 943 801 981 dicebamus
812 943 856 980 ad
867 941 1097 994 Theophrasti
1115 951 1214 991 caput

192 997 271 1048 ’περὶ
291 996 546 1044 ἀναισχυντίας.

520 1097 887 1133 Tonnlu'r.

258 1201 322 1233 Pro
338 1194 535 1244 subselliis]
581 1194 675 1243 Quid
702 1206 766 1246 pro
791 1191 1001 1239 judiciorum
1019 1189 1179 1228 subselliis
1196 1202 1216 1226 a

195 1244 419 1297 litigatoribus
438 1246 540 1297 pendi
558 1245 684 1288 soleat,
709 1242 876 1292 nusquam
888 1242 1036 1277 memini
1052 1241 1217 1290 melegis-

195 1296 240 1333 se.
269 1300 325 1333 De
343 1298 558 1334 recitantium
577 1308 664 1333 vero
681 1293 839 1332 subselliis
854 1304 954 1329 notus
972 1290 1026 1328 ille
1043 1291 1216 1336 juvenalis

195 1347 309 1385 versus
327 1360 346 1383 e
365 1350 482 1385 sarm
496 1362 524 1385 1.

309 1403 417 1434 Nemo
434 1397 532 1433 dabit
550 1411 664 1446 regum
680 1398 804 1446 quanti
811 1395 970 1445 subsellia
988 1392 1141 1440 constent.

250 1452 376 1483 Rerum
392 1450 472 1484 ablu
490 1448 532 1485 ab
546 1450 655 1484 orario
669 1446 800 1495 causta]
832 1446 994 1495 Hoffest,
1007 1455 1062 1487 ut,
1076 1443 1216 1493 quando

198 1496 317 1543 judicia
335 1496 443 1541 fiunt,
477 1498 582 1535 causae
603 1511 679 1548 quae
698 1509 778 1534 ante
798 1497 893 1547 apud
914 1495 1095 1548 pra-sectos
1110 1495 1217 1530 :erm-ii

196 1548 429 1585 tractabantur
449 1577 461 1592 ‚
502 1550 537 1586 in
554 1547 633 1585 foro
651 1548 813 1599 deinceps
830 1560 951 1584 coram
974 1546 1218 1595 recuperatori-

198 1596 259 1634 bus
278 1599 494 1642 aaitarentur.
553 1600 726 1636 Omittere
764 1610 882 1635 autem
911 1596 1022 1635 nolim
1056 1598 1091 1633 in
1138 1595 1218 1633 cod.

198 1661 269 1684 uno
285 1642 326 1685 ex
343 1649 464 1687 nostris
485 1649 551 1700 legi
570 1651 617 1685 ad
633 1649 789 1686 ararium
810 1649 906 1694 cauſsa
926 1662 989 1700 pro
1019 1647 1061 1683 ab
1083 1645 1218 1690 mario,

198 1698 303 1748 longe
334 1699 413 1736 sane
439 1700 626 1751 elegantius
645 1727 657 1742 ,
700 1713 763 1750 pro
801 1698 908 1736 causis
934 1697 1025 1749 apud
1059 1698 1219 1734 aerarium

199 1749 440 1799 pendentibus.
500 1750 588 1787 Vide
607 1762 682 1800 quae
709 1750 827 1787 notavi
858 1748 979 1787 Claud.
997 1760 1075 1796 cap.
1103 1761 1152 1784 tx.
1181 1751 1219 1783 ὃ(

200 1812 301 1837 xxiv.
333 1800 376 1837 de
394 1801 500 1838 aerarii
523 1813 602 1838 cura
619 1800 662 1836 ad
684 1812 830 1849 praetura
857 1798 994 1837 functos
1023 1812 1043 1836 a
1072 1800 1220 1835 Nerone

201 1850 371 1888 transsata.
944 1866 946 1869 ·

256 1897 544 1948 Recuperatores.]
602 1899 699 1937 Libri
732 1899 944 1937 vetustissimi
980 1899 1220 1947 Reciperatores

204 1960 358 1992 vocant,
386 1963 450 1986 nec
467 1950 568 1986 male.
598 1951 815 2000 Theophilus
826 1952 940 1993 enim,
970 1952 1028 2000 qui
1045 1948 1221 1993 Justlniani

206 1999 440 2036 Institutiones
458 2002 577 2036 Graece
596 2001 682 2035 inter
707 2012 831 2039 retatus
849 2000 915 2043 est,
938 2001 986 2036 tit.
1026 1999 1162 2048 Qubus
1180 2012 1222 2035 ex

207 2049 315 2087 causis
334 2051 579 2087 manumittere
600 2062 673 2085 non
686 2014 767 2086 iicet
781 2078 792 2092 ,
824 2049 904 2085 inde
924 2050 1112 2099 appellatos
1129 2049 1221 2092 vult,

235 2100 303 2136 uod
324 2114 383 2151 per
398 2114 459 2138 eos
482 2099 704 2150 unusquisque
720 2099 816 2136 suum
835 2100 1030 2148 recipiebat.
1068 2102 1146 2135 Nec
1165 2099 1227 2135 dis-

208 2113 308 2187 sentit
341 2151 453 2187 Festus
470 2179 480 2193 ,
528 2151 586 2200 qui
609 2150 850 2196 Reciperatores
882 2147 928 2185 fic
963 2149 1074 2185 dictos
1106 2148 1206 2185 tradit
1221 2176 1233 2192 ‚

210 2201 305 2250 quod
334 2203 420 2237 inter
446 2202 609 2251 populum
644 2203 753 2238 Rom.
786 2202 825 2236 &
860 2199 1010 2236 civitates
1037 2200 1230 2248 peregrinas

212 2252 257 2287 de
276 2251 378 2288 rebus
399 2251 534 2301 privatis
552 2249 736 2287 reddendis
755 2249 1025 2299 recipiendisque
1043 2250 1232 2297 cognosce-

215 2301 309 2338 bant.
336 2300 406 2338 Usu
427 2313 546 2337 tamen
558 2300 742 2337 obtentum
756 2329 764 2343 ‚
788 2311 824 2336 ut
841 2305 1088 2348 Recuperutores
1107 2310 1234 2335 vocen-

215 2363 280 2389 tur.
334 2352 461 2388 Cicero
482 2365 543 2388 eos
567 2350 770 2401 plerumque
798 2364 879 2387 cum
900 2348 1067 2395 judicibus
1091 2350 1234 2394 conjun-

215 2403 265 2452 git
284 2431 295 2445 ‚
332 2413 369 2438 ut
391 2414 455 2452 pro
476 2402 635 2443 Caecina,
667 2402 702 2436 Si
720 2403 795 2449 quis
808 2401 915 2449 judex
932 2428 944 2443 ,
977 2405 1238 2448 Recuperatorve

2185 677 2262 723 pro
2272 690 2288 703 .

1265 735 1393 774 cabulo
1418 736 1523 774 etiarn
1548 740 1798 785 Recuperatores
1816 736 2073 773 continerentur
2091 765 2103 780 ‚
2141 736 2282 786 proprie

1265 798 1384 824 tamen
1402 792 1651 835 Recuperatores
1668 786 1750 824 diffl
1768 786 1926 824 videntur
1937 815 1947 830 ‚
1975 800 2058 823 cum
2072 787 2169 837 super
2186 786 2282 823 facto

1264 836 1338 883 ipso
1356 837 1471 874 incidit
1492 836 1655 888 quaes'tiO,
1684 848 1718 874 ut
1738 849 1816 887 puta
1836 848 1909 873 utet·
1937 838 2030 886 prior
2043 851 2190 874 murum
2220 836 2284 874 ho·

1267 886 1369 925 stium
1384 886 1626 926 conscendisset
1643 916 1654 929 ,
1684 901 1730 925 an
1749 887 1841 924 faeta
1860 888 1978 934 injuria
1994 916 2007 931 ,
2035 900 2080 925 an
2096 901 2203 938 captae
2225 900 2285 939 pe-

1268 938 1389 977 cuniae.
1446 942 1488 975 Et
1513 939 1681 988 quoniam
1709 937 1787 974 talia
1803 936 1874 974 fere
1897 949 1993 975 erant
2012 938 2134 983 judicia
2160 940 2285 989 quibus

1268 987 1365 1037 super
1382 987 1468 1025 statu
1486 988 1626 1035 alicujus
1642 987 1891 1037 disceptabatur
1908 1018 1919 1032 ,
1957 988 2113 1026 servusne
2135 1002 2180 1025 an
2199 989 2285 1027 libet·

1266 1038 1350 1075 esset
1365 1068 1378 1082 ,
1420 1039 1594 1076 libertinus
1613 1051 1659 1075 an
1674 1041 1842 1087 ingenuus
1862 1068 1872 1082 ,
1892 1055 1895 1059 ¹
1918 1041 1954 1076 in
1980 1038 2031 1075 his
2055 1045 2193 1089 quoque
2216 1041 2287 1077 fre-

1269 1100 1378 1136 quens
1395 1093 1672 1138 Recuperatorum
1684 1089 1737 1125 <est
1753 1090 1900 1126 mentio,
1955 1093 1991 1127 V
1995 1088 2096 1139 espas.
2115 1102 2188 1141 cap.
2206 1105 2217 1127 ι
2230 1105 2241 1128 1
2254 1105 2284 1128 ι.

1265 1141 1306 1174 ὅ(
1325 1139 1464 1176 Domit.
1488 1151 1565 1189 cap.
1578 1153 1619 1176 v1
1633 1153 1644 1175 ι
1657 1153 1685 1175 1.
1742 1139 1926 1176 Dabantur
1944 1151 2062 1177 autem
2082 1139 2154 1176 fere
2176 1153 2217 1177 ex
2235 1141 2288 1178 his

1269 1201 1357 1237 quos
1377 1189 1464 1226 inter
1481 1190 1626 1227 comites
1650 1189 1728 1226 suos
1742 1218 1753 1233 ,
1798 1200 1856 1225 aut
1880 1191 1916 1225 in
1944 1188 2088 1226 consilio
2111 1190 2289 1229 habebant

1268 1238 1482 1290 magistratus
1496 1267 1510 1284 ,
1551 1251 1610 1277 aut
1637 1240 1742 1276 etiam
1767 1252 1808 1277 ex
1837 1239 1919 1276 albo
1948 1240 2099 1285 judicum
2123 1240 2194 1277 sine
2220 1241 2289 1279 ulla

1268 1288 1453 1328 sortitione.
1483 1291 1576 1327 Hinc
1591 1288 1678 1327 Plin.
1695 1289 1754 1328 lib.
1772 1304 1783 1326 ι
1797 1305 1808 1327 ι
1822 1304 1849 1327 1.
1884 1290 1983 1340 Epist.
2014 1291 2143 1340 penult.
2190 1297 2288 1329 Nam

1268 1350 1307 1375 ut
1325 1340 1363 1376 in
1383 1340 1645 1389 Recupermoriis
1650 1340 1790 1388 judiciis
1806 1369 1819 1384 ‚
1849 1339 1899 1388 fic
1914 1354 1972 1376 nos
1989 1342 2025 1376 in
2050 1343 2117 1377 illis
2143 1342 2287 1379 comitiis

1268 1390 1362 1439 quusi
1376 1399 1505 1439 repente
1521 1388 1708 1439 apprehenfi
1717 1418 1730 1433 ‚
1753 1389 2012 1440 fincerijudices
2020 1391 2166 1437 fuimus.
2222 1391 2290 1429 Sed

1270 1440 1342 1476 haec
1360 1441 1518 1491 quamvis
1535 1452 1599 1490 pro
1622 1452 1658 1476 re
1682 1451 1789 1492 pauca
1808 1469 1821 1485 ,
1855 1440 1924 1478 hoc
1946 1441 2026 1480 loco
2049 1453 2173 1479 tamen
2195 1441 2288 1480 dista

1265 1489 1446 1529 sufficiant.
1778 1509 1781 1511 ’

1326 1548 1362 1579 A
1365 1542 1539 1590 judicibus
1547 1542 1596 1578 ad
1600 1540 1804 1590 senatum]
1830 1539 1988 1593 Apertius
2004 1543 2116 1580 Tacit.
2133 1542 2286 1582 libatur.

1272 1595 1455 1642 Auxitque
1484 1602 1627 1641 patrum
1651 1591 1808 1628 honorem
1824 1619 1837 1635 ‚
1877 1593 2060 1640 statuendo
2078 1621 2090 1638 ,
2125 1604 2165 1630 ut
2184 1595 2245 1644 qui
2263 1608 2288 1631 a

1266 1643 1418 1689 privatis
1425 1643 1597 1693 judicibus
1611 1643 1659 1678 ad
1667 1641 1830 1690 senatum
1842 1645 2071 1691 provocaffent
2087 1673 2100 1688 ,
2143 1645 2290 1694 ejusdem

1267 1697 1408 1739 pecunie
1417 1694 1605 1742 periculum
1611 1693 1790 1739 facerent,
1821 1692 1912 1742 cujus
1929 1694 1967 1729 hi
1983 1696 2045 1742 qus·
2055 1700 2290 1743 Imperatorem

1274 1745 1491 1791 appellavere.
1526 1757 1609 1780 nam
1636 1753 1716 1779 ante
1740 1756 1890 1780 vacuum
1910 1744 1949 1780 id
1961 1743 2174 1794 solutumque
2183 1753 2289 1794 poenae

1264 1795 1397 1839 ficerat.
1426 1794 1603 1832 Nonnulla
1626 1794 1743 1830 notavi
1761 1794 1848 1843 Aug.
1868 1806 1945 1844 cap.
1955 1807 2038 1831 xxxi
2052 1808 2063 1831 ι
2077 1808 2104 1833 1.

1335 1851 1386 1881 18.
1414 1846 1621 1881 Cmcedeme
1648 1843 1831 1881 Polemone.
1854 1845 1868 1891 ]
1918 1844 2030 1881 Plures
2052 1845 2118 1882 hoc
2141 1846 2289 1883 nomine

1273 1908 1372 1943 reges
1392 1897 1492 1932 Ponti
1509 1895 1613 1933 fuere.
1668 1896 1725 1931 De
1742 1894 1936 1932 Polemone
1949 1896 2008 1945 qui
2024 1894 2131 1932 socius
2146 1909 2229 1946 pop.
2242 1899 2288 1940 R.

1276 1945 1461 1995 appellatus
1480 1946 1528 1983 est
1545 1945 1683 1995 Augusti
1699 1945 1914 1994 temporibus
1933 1974 1945 1989 ,
1988 1946 2084 1983 Dion
2101 1945 2159 1983 lib.
2181 1953 2290 1984 111'1.

1279 1998 1390 2040 Huius
1410 1996 1536 2033 deinde
1562 1994 1635 2033 filio
1655 1995 1838 2032 Polemoni
1860 2009 2009 2045 regnum
2039 2008 2221 2046 paternum
2250 2008 2292 2033 ex

1278 2049 1309 2082 S.
1328 2050 1371 2084 C.
1390 2045 1642 2084 confirmatum
1659 2045 1719 2082 suit
1736 2074 1746 2088 ,
1794 2045 1849 2082 sed
1874 2060 1954 2083 cum
1976 2057 2070 2095 pater
2097 2045 2293 2095 Bosporum

1279 2110 1416 2146 quoque
1437 2098 1596 2147 Agrippae
1612 2095 1784 2133 beneficio
1797 2094 2011 2145 occupasset,
2039 2094 2201 2133 Claudius
2219 2094 2295 2133 filio

1281 2147 1424 2194 quidem
1442 2146 1634 2196 Bosporum
1652 2145 1802 2186 ademit,
1832 2145 1888 2182 sed
1916 2158 1978 2195 pro
2000 2159 2045 2182 eo
2070 2145 2198 2182 Ciliciae
2219 2158 2296 2196 par-

1282 2206 1356 2232 tem
1385 2197 1415 2232 ei
1441 2196 1563 2233 tribuit.
1624 2199 1710 2232 Haec
1725 2206 1864 2244 quoque
1880 2208 1922 2232 ex
1941 2198 2070 2234 Dione.
2128 2198 2296 2235 Tandem

1283 2247 1381 2296 igitur
1411 2259 1456 2282 eo
1489 2245 1701 2282 concedente
1723 2246 1825 2282 Ponti
1845 2259 1993 2295 regnum
2018 2248 2054 2284 in
2080 2246 2296 2296 provineiam

1283 2296 1461 2332 redaetum
1480 2296 1527 2332 est
1546 2308 1566 2332 a
1580 2299 1736 2333 Nerone.
1793 2298 1872 2344 Qia
1900 2297 1942 2333 <le
1968 2310 2005 2333 re
2026 2326 2036 2340 ‚
2081 2308 2199 2347 praeter
2219 2303 2296 2338 Sex.

1285 2347 1459 2383 Aurelium
1478 2375 1490 2390 ‚
1519 2348 1720 2397 Eutropium
1739 2374 1751 2389 ,
1790 2359 1890 2395 atque
1907 2348 2091 2385 Eusebium
2109 2347 2198 2391 „sic
2224 2353 2300 2386 Vo-

1285 2396 1362 2447 pisc.
1393 2397 1578 2434 Aureliano
1592 2426 1604 2440 ,
1634 2397 1789 2433 Addida
1808 2396 1859 2439 δ’
1877 2403 1967 2433 Nero
1980 2427 1991 2442 ,
2012 2398 2076 2445 fieb
2093 2411 2156 2446 quo
2173 2403 2301 2436 Pontus

218 2453 323 2489 dicat.
351 2456 482 2489 Iterum
496 2479 508 2494 ‚
537 2457 615 2487 Non
635 2452 754 2499 reperis
765 2462 972 2501 quemquam
983 2450 1152 2499 judicem,
1176 2458 1238 2484 aut
1288 2447 1534 2484 Polemoniacus
1545 2475 1557 2490 ‚
1583 2446 1635 2489 &²
1647 2447 1749 2494 Alpes
1759 2447 1874 2483 Cottia
1886 2454 2032 2484 Romano
2050 2450 2179 2485 nomini
2193 2449 2302 2486 tribu-

220 2513 491 2551 recuperatorem.
538 2505 580 2538 Et
610 2504 709 2538 verr.
728 2514 760 2538 v.
803 2502 946 2537 Nullum
971 2512 1124 2549 unquam
1149 2499 1240 2544 judi-
1288 2508 1335 2534 ια.

222 2566 292 2589 cem
304 2582 315 2596 ,
339 2563 402 2589 aut
421 2560 682 2600 recuperatorem
701 2551 807 2588 dedit.
838 2549 980 2587 Accedit
999 2549 1126 2586 Valerii
1137 2549 1242 2585 Probi
1292 2548 1420 2598 Alpinis
1435 2548 1594 2597 gentibus
1612 2548 1765 2586 deviffis.

1396 2498 1515 2535 Cottio
1535 2498 1614 2534 sane
1637 2498 1709 2546 regi
1729 2510 1924 2547 pepercerat
1946 2498 2113 2548 Augustus
2129 2527 2141 2542 ,
2181 2501 2302 2536 ceteris

1792 2548 1900 2596 Qud
1912 2561 1993 2587 cum
2009 2550 2200 2586 Ammiano
2209 2552 2305 2596 Mang

225 2604 260 2640 in
276 2602 394 2640 libello
417 2605 475 2638 De
499 2603 589 2639 notis
612 2603 755 2651 antiquis
783 2602 855 2638 haec
882 2613 924 2637 ex
950 2600 1064 2645 edi-sto
1092 2599 1246 2650 praetoris
1294 2599 1416 2635 cellino
1434 2598 1571 2635 testatur
1590 2600 1674 2636 Plin.
1691 2598 1747 2634 lib.
1766 2610 1926 2649 111.cap.
1938 2611 2017 2637 xxx.

226 2653 376 2690 formula
396 2681 408 2697 ,
453 2665 598 2697 QJANTX
627 2663 672 2687 EA
697 2663 764 2688 Res
793 2663 887 2688 fitur
907 2679 920 2694 ,
969 2662 1108 2687 TANTAE
1138 2661 1248 2686 pecu-

1357 2663 1410 2694 ·9.
1424 2649 1670 2685 Alexandrina
1686 2649 1749 2696 ipso
1761 2649 1897 2695 profefi‘.
1914 2648 2136 2696 diedestitit.]
2159 2649 2211 2685 Sic
2222 2661 2304 2687 MSS.

229 2716 306 2740 ⁸1AE
341 2714 522 2747 Jumcrum
562 2714 913 2739 RecuPEnAToRmM
947 2713 1079 2744 DABo,
1127 2711 1253 2737 uzsn-
1298 2701 1389 2743 duo,
1419 2699 1549 2736 &edin
1568 2699 1738 2736 Frobenii.
1764 2698 1905 2748 Gryphii
1922 2712 2006 2737 vero
2024 2699 2305 2736 Alexandrinam

235 2765 372 2796 nusQffi
413 2765 620 2789 nuM'mxAT
665 2764 796 2789 DECEM
835 2763 1108 2789 nfiuuucmnm
1137 2762 1254 2787 POTE-

236 2813 389 2840 STATEM
416 2814 573 2842 nciam.
602 2802 674 2840 sunt
692 2804 787 2840 enim
803 2803 960 2840 Praetoris
975 2801 1095 2840 verba.

1300 2751 1460 2798 destituit.
1516 2749 1583 2786 Alii
1599 2749 1881 2786 Alexandrinam
1895 2749 2040 2796 destitit,
2070 2759 2106 2784 ut
2119 2758 2230 2784 artem
2250 2750 2308 2785 de-

1150 2800 1253 2836 Unde
1294 2801 1416 2850 situros
1442 2804 1581 2837 Sueton.
1610 2799 1692 2838 Tib.
1719 2811 1791 2847 cap..
1811 2810 1939 2835 xxxvr.
1967 2801 2005 2834 ὅ(
2028 2796 2171 2845 definere
2196 2810 2308 2836 artem

237 2854 346 2891 Plaut.
371 2851 527 2889 Bacchid.
581 2853 758 2901 Postquam
779 2853 915 2902 quidem
934 2858 1055 2889 prator
1074 2857 1255 2898 Recupera-
1303 2850 1464 2901 mustcam
1480 2850 1568 2889 Gell.
1589 2850 1646 2888 lib.
1666 2864 1718 2888 11.
1734 2861 1876 2898 capam.
1896 2851 1933 2884 ὃ(
1952 2846 2085 2886 similia.

239 2915 324 2941 toret
341 2902 436 2937 dedit
454 2929 466 2944 ,
505 2907 700 2937 Damnatus
720 2904 857 2939 demum
883 2903 922 2938 vi
948 2904 1076 2939 coastus
1101 2900 1254 2937 reddidit

239 2959 409 2992 Ducentos
433 2949 485 2992 Εἴ
503 2951 592 2986 mille
617 2950 818 2999 Philippum.
876 2953 1010 2990 Eadem
1035 2964 1152 2989 autem
1177 2964 1252 3000 qua:

245 3002 399 3056 praetoris
416 3003 544 3037 Roma:
559 3027 570 3041 ‚
610 3001 712 3036 etiam
733 3002 879 3050 praesidis
895 3002 1041 3052 potestas
1059 3012 1132 3039 erat
1147 3012 1186 3037 ac
1205 3003 1253 3046 ju·

243 3053 394 3093 risdiCtio
414 3051 664 3109 impr-evinci&
722 3055 763 3088 Et
798 3064 996 3102 quanquam
1009 3053 1167 3102 judicum
1195 3064 1257 3091 vo·
1299 3055 1541 3101 reciperatores.¹

1583 2929 1955 2966 ·V.¹tntot‹.

1356 2997 1644 3050 Recuperatores.]
1703 2994 1825 3034 Codex
1854 2994 1995 3035 Salmas.
2041 3007 2086 3046 utv
2110 2996 2210 3035 multi
2235 2997 2311 3050 alii:

2247 3103 2315 3134 De-
