2504 3425
213 157 320 209 410
538 133 1925 199 C.Sue-1-.TRANQ01LL1L13.1V.

208 233 340 287 rium,
375 231 448 293 qui
470 230 521 276 ab
549 233 669 276 initio
696 230 945 291 principatus
967 226 1137 271 Tiberii
1161 260 1175 280 ,
1210 240 1348 287 neque
1371 223 1490 268 illum
1514 259 1528 279 ,
1574 241 1711 286 neque
1735 224 1773 270 se
1802 224 1996 271 heredem
2020 225 2304 288 reliquissent¹

215 309 259 340 ut
280 297 435 358 ingrata
459 293 632 340 rescidit.
699 298 806 337 Item
835 306 1093 343 ceterorum,
1128 304 1174 333 ut
1199 289 1311 333 irrita
1331 292 1375 332 &
1398 303 1525 343 vana,
1560 289 1846 351 quoscumque
1866 291 1961 350 quis
1973 289 2127 334 diceret
2149 290 2299 339 herede

213 357 371 405 Caesare
395 360 502 404 mori
525 355 746 404 destinasse.
816 357 919 411 Quo
943 367 1060 398 metu
1083 352 1265 409 mjeeto,
1300 368 1397 396 curn
1419 355 1500 408 jam
1525 354 1568 395 ὃ(
1594 351 1646 396 ab
1666 353 1823 415 ignotis
1846 353 1953 397 inter
1977 350 2222 411 familiares,
2255 361 2300 401 δε

215 440 237 467 a
266 424 502 484 parentibus
521 424 626 467 inter
644 418 799 463 liberos
829 416 960 477 palam
979 414 1098 462 lieres
1119 429 1453 476 nuncuparetur,
1487 413 1686 460 derisores
1704 415 1909 461 vocabat:
1945 416 2057 478 quod
2083 416 2173 477 post
2193 434 2304 462 nun-

213 489 479 549 cupationem
505 487 640 528 vivere
652 478 978 542 perseverarent,
1013 485 1056 525 &
1073 481 1212 524 multis
1235 494 1456 526 venenatas
1477 480 1651 524 marsteas
1663 479 1783 526 misit.
1852 478 2149 542 Cognoscebat
2166 495 2304 527 autem

215 550 266 595 de
292 550 440 596 talibus
464 543 628 600 caustis,
662 559 797 589 taxato
824 545 934 605 prius
953 544 1082 589 modo
1106 542 1271 588 summae
1295 578 1307 599 ,
1340 542 1389 587 ad
1415 559 1544 604 quem
1565 542 1879 588 conficiendum
1903 543 2158 600 confideret,
2195 561 2304 589 con-

214 612 329 659 fec0to
362 613 531 658 demum
566 608 825 654 excitabatur.
893 610 962 653 Ac
997 625 1048 653 ne
1082 608 1310 669 paullulum
1342 607 1516 668 quidem
1539 621 1662 652 morae
1681 610 1864 669 patiens,
1897 606 2016 669 super
2038 607 2312 672 quadraginta»

216 691 307 722 reos
323 674 534 738 quondam
557 690 607 718 ex
639 672 805 718 diversis
837 672 1085 717 criminibus
1115 689 1196 716 una
1230 670 1431 716 sententia
1464 670 1788 728 condemnavit,
1826 669 2109 735 gloriatusque
2142 670 2201 716 est
2235 689 2308 717 ex-

215 736 460 802 pergefaetae
493 736 642 784 somno
677 733 880 784 Caesoniae
901 770 914 792 ,
948 751 1132 800 quantum
1165 738 1310 800 egzffi’t‚
1344 735 1440 780 dum
1462 752 1507 778 ea
1525 736 1764 782 meridiaret.
1832 735 2050 782 Aufflone
2071 735 2304 807 proposita,

216 869 294 908 litiae
326 871 422 909 solita
449 873 639 923 pervenire.
696 874 865 922 vegetius
893 871 951 909 lib.
984 886 1036 910 11.
1065 883 1138 921 cap.
1159 885 1238 908 xxx.

218 922 389 969 Primipili
416 924 560 959 centurio
578 922 750 972 postquam
772 919 814 959 'in
833 923 942 959 orbem
963 936 1073 959 omnes
1092 922 1234 958 cohortes

210 978 273 1018 per
287 972 439 1021 diversas
457 973 752 1019 administraverit
760 972 890 1022 scholas
909 1001 920 1016 ‚
946 973 984 1008 in
998 973 1113 1021 prima
1129 971 1239 1008 cohor-

220 1031 251 1056 te
271 1023 318 1057 ad
334 1022 420 1059 hanc
429 1025 587 1071 pervenit
598 1022 753 1071 palmam
774 1052 786 1066 ‚
810 1023 847 1058 in
868 1034 936 1071 qua
953 1035 993 1058 ex
1009 1022 1099 1058 omni
1117 1022 1237 1071 legione

219 1070 355 1118 infinita
374 1075 546 1110 commoda
574 1073 792 1120 consequitur.
851 1076 943 1109 Inter
962 1072 1026 1108 alia
1043 1083 1158 1107 autem
1172 1072 1236 1121 pri-

219 1122 426 1171 mipilarium
446 1123 639 1160 commoda
655 1134 696 1157 ea
713 1121 847 1158 fuerunt
866 1150 878 1164 ,
921 1135 998 1171 quae
1026 1135 1067 1159 ex
1092 1121 1239 1158 militum

219 1172 430 1210 testamentis
455 1172 761 1222 consequebantur.
815 1175 897 1208 Fere
917 1173 1012 1208 enim
1030 1172 1156 1209 milites
1179 1172 1236 1221 qui

222 1222 257 1258 in
277 1224 391 1259 castris
409 1222 610 1259 testamenta
629 1221 828 1258 condebant
841 1250 853 1264 ,
891 1223 1011 1259 amicis
1029 1221 1240 1259 commilito-

223 1273 320 1309 nibus
339 1301 349 1315 ‚
382 1275 417 1310 in
445 1274 562 1322 primis
580 1285 698 1308 autem
726 1272 989 1322 primipilaribus
1008 1301 1019 1316 ,
1067 1272 1123 1309 sua
1141 1272 1240 1309 relin-

222 1324 384 1372 quebant.
442 1323 671 1371 Qintilianus
692 1322 818 1360 lib.v1.
842 1323 968 1373 cap.de
987 1322 1073 1360 risu:
1103 1324 1240 1372 Optima

222 1373 264 1418 cst
280 1372 458 1422 fimulatio
476 1384 592 1411 contra
600 1373 852 1423 fimulationem
875 1388 884 1410 ε
911 1373 1021 1422 qualia
1044 1374 1105 1409 illa
1122 1374 1240 1409 Domi-

221 1423 263 1459 t.‘i
282 1425 367 1469 Afri
376 1424 463 1470 fuit.
524 1429 620 1460 Vetus
640 1423 784 1460 habebat
801 1423 1055 1470 testamentum:
1088 1422 1140 1466 ΕΘ*
1151 1437 1240 1460 unm

222 1485 264 1509 ex
286 1475 404 1510 amicis
429 1473 660 1510 recentioribus
671 1474 808 1522 sperans
827 1474 961 1522 aliquid
988 1486 1029 1510 ex
1053 1475 1241 1510 mutatione

222 1523 420 1561 tabularum
438 1553 451 1567 ,
486 1523 619 1572 falsam
646 1524 802 1560 tabulam
828 1524 994 1560 intulerat
1019 1552 1031 1567 ,
1076 1525 1242 1565 consulens

221 1586 297 1608 eum
309 1601 321 1616 ,
354 1586 401 1609 an
414 1574 636 1622 primipilaris
653 1574 684 1609 ei
701 1574 893 1621 testamento
905 1575 1066 1622 suaderet
1084 1574 1241 1611 ordinare

212 1623 372 1671 suprema
388 1624 534 1672 judicia.
591 1624 647 1661 Est
674 1624 727 1661 hic
758 1625 854 1661 locus
878 1624 1102 1661 subobscurus
1125 1639 1136 1662 ι
1182 1624 1240 1662 sed

222 1673 332 1723 potest
351 1674 571 1722 primipilaris
588 1674 824 1721 tastamentum
843 1674 1001 1712 bifariam
1022 1676 1153 1725 accipi,
1186 1675 1242 1713 vel

225 1737 289 1773 pro
310 1738 353 1761 eo
368 1723 593 1768 testamento,
623 1738 693 1776 quo
712 1725 813 1763 miles
831 1725 969 1764 haerede
991 1727 1090 1776 primi
1116 1726 1185 1762 ilari
1195 1728 1244 1762 in-

224 1774 339 1812 stituto
362 1803 374 1818 ‚
415 1775 710 1816 commilitonibus
741 1789 874 1826 partem
902 1777 1077 1814 honora-n
1094 1739 1244 1828 iegavit:

223 1824 280 1863 vel
303 1838 363 1874 pro
379 1825 585 1864 testamento
603 1855 615 1871 ,
662 1840 731 1877 quo
754 1827 967 1879 primipilaris
987 1831 1241 1877 Imperatorem

226 1874 351 1923 scripsit
372 1875 565 1920 haeredem,
595 1878 715 1914 amicis
731 1877 842 1928 legata
862 1877 965 1916 dedit.
994 1878 1242 1917 utrovismodo

228 1927 394 1975 accipias,
418 1925 508 1962 clara
529 1940 629 1963 mens
651 1928 749 1974 hujus
768 1930 959 1980 captatori&

552 1998 916 2035 Tonnenr.

282 2060 514 2111 Qoftumque
532 2063 605 2112 quis
620 2061 783 2110 diceret]
816 2062 958 2100 Mallem
971 2091 982 2105 ,
1006 2073 1041 2097 ut
1058 2062 1092 2098 in
1106 2060 1243 2109 optimo
1262 2064 1269 2156 Ι

228 2113 306 2149 cod.
333 2125 410 2165 quos
434 2113 508 2161 quis
525 2113 658 2150 diceret.

228 2162 251 2199 l.
272 2162 328 2200 ult.
358 2161 402 2199 de
429 2161 584 2200 Testam.
622 2163 704 2211 Ejus
726 2164 811 2200 bona
830 2192 843 2207 ‚
876 2163 934 2212 qui
952 2163 988 2210 se
1010 2168 1245 2213 Imperatorem

220 2212 406 2259 jacturam
441 2211 595 2249 heredem
629 2214 686 2261 effe
706 2214 904 2262 jactaverat
922 2241 934 2256 ,
967 2225 989 2248 a
999 2212 1076 2260 fisco
1095 2217 1264 2257 occupari:

715 2117 796 2162 Qa
813 2113 857 2150 de
885 2126 921 2150 re
942 2111 988 2148 sic
1008 2112 1127 2148 Paulus
1146 2112 1177 2153 J.
1198 2111 1241 2144 C.

227 2275 294 2300 non
307 2264 447 2312 poffunt·
1263 2267 1267 2294 l

284 2313 343 2349 Ab
361 2313 490 2361 ignotir.
510 2313 525 2358 ]
558 2312 662 2363 Atqui
679 2325 856 2363 nunquam
875 2327 916 2350 ex
938 2315 1048 2364 ignoti
1063 2313 1246 2349 testamen·
1263 2325 1269 2350 t

229 2373 268 2398 to
287 2376 409 2414 capere
432 2362 554 2412 aliquid
574 2363 741 2414 Augustus
761 2364 886 2407 voluit,
914 2377 988 2414 cap.
1003 2376 1102 2401 vat.
1147 2366 1245 2417 Spar-
1270 2402 1271 2414 3

2205 800 2306 845 reh-

1286 869 1468 906 nominare
1481 898 1492 914 ‚
1518 869 1575 908 sed
1594 871 1707 911 verbis
1724 871 1839 923 palam
1855 871 2058 921 exprimere.
2084 871 2186 909 Unde
2204 870 2303 908 testa-

1286 932 1448 958 mentum
1457 929 1518 968 per
1539 925 1819 971 nuncupationem
1840 923 1962 972 scripto
1986 924 2170 972 opponitur
2185 921 2262 958 Lxx
2272 936 2301 959 1.

1286 973 1322 1005 ὅ(
1349 984 1424 1007 xxv.
1447 972 1489 1007 de
1511 973 1670 1011 Testam.
1727 974 1838 1023 Atque
1866 972 1945 1009 hinc
1969 971 2065 1009 locus
2080 973 2178 1009 Plinii
2192 972 2306 1009 decla-

1288 1031 1377 1056 ratur
1406 1020 1464 1057 lib.
1482 1033 1535 1058 Lx.
1558 1035 1633 1073 cap.
1657 1037 1755 1061 xxxv.
1813 1022 1856 1059 de
1874 1022 1984 1058 Lollia
2002 1023 2154 1059 Paullina
2171 1052 2184 1067 ,
2225 1024 2304 1068 Caii

1290 1071 1450 1119 Principis
1469 1085 1596 1116 uxore,
1616 1073 1735 1110 onusta
1758 1074 1817 1121 (ut
1835 1073 1963 1122 inquit)
1991 1074 2204 1124 margaritis,
2221 1086 2307 1121 qua-

1289 1132 1366 1156 rum
1382 1126 1523 1168 summa
1538 1123 1809 1171 quadringenties
1838 1135 1891 1160 Hs.
1909 1123 2076 1171 colligebat
2097 1152 2108 1166 ,
2139 1123 2209 1172 ipsa
2231 1136 2307 1159 con-

1279 1169 1394 1216 festim
1408 1180 1536 1219 parata
1553 1174 1832 1221 nuncupationem
1852 1172 1977 1209 tabule
1996 1173 2149 1221 probare.
2206 1178 2308 1209 Nun·

1289 1223 1495 1267 cupationem
1515 1223 1749 1272 pereleganter
1765 1223 1910 1274 appellat
1928 1222 2013 1260 Plin.
2039 1223 2306 1261 aestimationem

1290 1271 1387 1307 nudis
1417 1283 1553 1308 tantum
1579 1275 1692 1311 verbis
1709 1273 1918 1324 expressam,
1944 1285 2050 1322 quam
2074 1287 2115 1310 ex
2134 1275 2309 1311 rationum

1290 1320 1412 1358 tabulis
1437 1321 1505 1371 ipsa
1531 1323 1562 1359 se
1594 1325 1816 1375 probaturam
1843 1322 2027 1360 offerebat.
2084 1324 2176 1361 Male
2209 1325 2309 1374 igitur

1288 1372 1397 1409 Hadr.
1417 1373 1599 1411 Turnebus
1618 1375 1908 1423 mancupationem
1927 1373 1974 1410 ibi
1990 1373 2163 1412 substituit.

1347 1427 1531 1458 Venenatus
1552 1424 1736 1472 matteas]
1764 1424 1867 1461 Libb.
1894 1435 2026 1461 veteres
2044 1435 2215 1468 matteas,
2252 1423 2310 1463 vel

1287 1471 1469 1509 mattheus.
1526 1475 1637 1510 Graeci
1653 1474 1724 1511 fere
1741 1473 1898 1518 μοιτΊύοις
1917 1485 2063 1516 vocant,
2090 1476 2135 1510 uti
2160 1478 2196 1511 δε
2216 1477 2311 1511 Mar-

1290 1521 1357 1558 tial.
1379 1522 1436 1559 lib.
1455 1536 1486 1560 x.
1519 1525 1632 1574 Epigr.
1651 1537 1729 1562 rix.
1778 1524 1951 1560 Arnobius
1967 1523 2089 1560 alicubi
2106 1524 2285 1560 matteolao·
2297 1553 2312 1568 ,

1291 1570 1315 1607 si
1332 1574 1425 1609 reste
1440 1576 1602 1611 memini.
1659 1574 1748 1611 Vide
1767 1574 1976 1611 Turnebum
2000 1573 2178 1612 Adversar.
2201 1588 2307 1612 xx11.

1290 1635 1365 1673 cap.
1380 1636 1438 1660 vx.
1468 1628 1506 1661 ὅ(
1523 1625 1762 1676 Rhodiginum
1781 1624 1839 1662 lib.
1856 1638 1904 1662 ιχ.
1922 1635 2089 1673 cap.x11.
2102 1637 2143 1662 ex
2152 1624 2311 1662 Athenaei

1289 1671 1436 1712 lib.x1v.
1467 1677 1629 1712 Meminit
1648 1679 1686 1713 ὃς
1704 1675 1834 1714 Suidas.

1341 1725 1405 1760 Ad
1420 1738 1518 1774 quem
1538 1725 1815 1773 conficiendum]
1848 1724 1944 1763 Libri
1963 1737 2043 1763 mss.
2069 1726 2117 1762 ad
2134 1737 2238 1775 quam
2247 1724 2312 1770 fa·

1289 1775 1442 1810 ciendam
1458 1803 1470 1819 ,
1510 1777 1564 1813 vel
1572 1776 1774 1822 jaciendum
1791 1803 1804 1820 ,
1850 1789 1936 1813 unus
1954 1776 2002 1811 aa
2020 1788 2124 1825 quam
2141 1775 2312 1824 conficien-

1291 1826 1385 1862 ctam.
1415 1826 1509 1876 quod
1530 1828 1653 1877 probo.

1345 1878 1586 1926 Expergefhc‘te
1594 1879 1710 1926 fhmno
1727 1874 1829 1925 Caſs]
1873 1875 1952 1914 Lib.
1974 1889 2060 1914 unus
2081 1876 2313 1926 expergefac‘lp

1292 1941 1307 1963 e
1317 1925 1434 1973 somno
1461 1928 1617 1976 Caesonia.
1676 1927 1833 1965 Arbitror
1860 1940 1985 1969 verum
2002 1955 2013 1972 ,
2048 1927 2315 1976 expergqfablaen

1281 1978 1315 2025 ſs
1341 1977 1497 2026 Cafimiae.

1603 2054 2004 2092 Caenonem.

1343 2129 1526 2160 Venenatas
1542 2123 1728 2169 mactem]
1759 2126 1812 2159 Ita
1823 2123 1933 2173 prima
1951 2121 2056 2159 editio
2068 2150 2082 2166 ,
2108 2124 2146 2160 δε
2157 2122 2313 2160 nonnulli

1290 2189 1368 2213 mss.
1395 2174 1578 2210 Athenaeus
1594 2173 1650 2211 lib.
1672 2187 1723 2212 1v.
1739 2177 1776 2210 &
1789 2186 1869 2210 xiv.
1897 2173 2044 2217 μοιτἹόην
2063 2173 2230 2224 appellat:
2247 2173 2307 2210 sed

1263 2255 1265 2264 γ
1290 2240 1370 2263 cum
1398 2237 1417 2261 a
1443 2225 1579 2267 μοὶτῖειν
1602 2237 1669 2261 vox
1687 2222 1726 2260 lit
1744 2224 1907 2268 deducta,
1937 2234 2010 2259 tarn
2028 2223 2139 2274 potest
2158 2237 2173 2260 c
2193 2226 2228 2262 in
2244 2224 2310 2261 hac

1291 2277 1442 2313 dictione
1468 2273 1547 2310 ferri
1570 2302 1582 2317 ,
1626 2286 1733 2323 quarn
1755 2275 1789 2310 in
1807 2274 1878 2311 aliis
1896 2273 2050 2319 ejusdem
2069 2275 2210 2325 originis
2225 2303 2238 2319 ,
2274 2286 2312 2312 ut

1289 2328 1442 2370 ,κάκη-ς,
1472 2324 1606 2373 μάκτηξ
1628 2328 1664 2361 δί
1681 2323 1834 2371 μάκτρα.
1891 2323 2016 2361 Obstat
2032 2336 2152 2361 tamen
2170 2353 2182 2368 ,
2216 2324 2311 2374 quod

1289 2375 1436 2414 affinem
1445 2387 1571 2411 vocem
1581 2375 1714 2411 matrici
1730 2374 1922 2420 scribimus,
1940 2375 2169 2414 nonmactici.
2195 2378 2311 2415 Mem·

229 2413 310 2449 tian.
368 2413 547 2451 Hadriano
570 2428 579 2450 ε
605 2420 792 2462 Ignotorum
809 2414 1012 2450 hereditates
1029 2413 1248 2462 repudiavzt,
1268 2423 1272 2471 J
1291 2416 1425 2465 miafms
1441 2428 1479 2462 &
1499 2425 1615 2469 multi,
1636 2434 1797 2463 matteas.

230 2476 288 2501 nec
307 2472 460 2499 notorum
481 2463 625 2510 accepit,
648 2463 676 2511 fi
696 2464 814 2501 liberos
832 2465 1007 2501 haberent.
1044 2463 1159 2500 Sed&
1177 2465 1248 2498 An-

232 2514 341 2549 tonini
368 2513 437 2551 duo
470 2512 504 2549 id
531 2513 763 2552 observarunt.
821 2516 977 2551 Pertinax
1003 2527 1140 2564 quoque
1169 2526 1247 2563 pro·

231 2562 331 2600 fessus
357 2563 404 2600 est
425 2563 544 2600 nullius
556 2563 588 2600 se
607 2564 777 2602 aditurum
801 2565 1024 2601 hereditatem
1043 2593 1054 2608 ,
1093 2577 1169 2614 quae
1191 2574 1248 2599 aut

233 2613 428 2651 adulatione
449 2613 558 2652 delata
578 2612 681 2658 esset,
715 2627 771 2652 aut
796 2615 852 2653 lite
870 2616 1028 2666 perplexa
1046 2644 1057 2659 ‚
1089 2627 1124 2651 ut
1141 2614 1250 2663 legiti-
1268 2634 1269 2637 =

232 2666 282 2700 mi
301 2664 440 2702 heredes
460 2669 497 2702 δι
515 2662 685 2701 ηεεεΠΞιι-ῐί
705 2668 924 2716 privarentur.
983 2668 1122 2702 Horum
1138 2665 1249 2714 itaque

230 2716 426 2763 Principum
456 2715 620 2766 exemplo
637 2718 729 2753 reste
747 2716 880 2754 Paullus
899 2719 929 2759 J.
941 2718 985 2753 C.
1014 2721 1247 2764 Imperatorem

235 2763 387 2814 (inquit)
416 2766 484 2802 litis
510 2765 610 2813 causa
626 2765 782 2803 heredem
801 2767 930 2814 institui
959 2765 1166 2814 invidiosum
1183 2764 1223 2811 cst
1235 2792 1245 2806 ,

231 2825 291 2849 nec
311 2814 481 2850 calumnia
491 2815 698 2859 facultatem
725 2829 766 2852 ex
779 2815 959 2865 principtzli
973 2815 1143 2863 facultate
1175 2814 1247 2861 capi

231 2872 364 2912 oportet.
391 2863 411 2900 l.
425 2877 500 2900 xci.
530 2867 585 2900 De
608 2865 725 2903 hered.
745 2866 843 2904 instit.
903 2866 979 2916 Ipse
997 2867 1102 2903 etiam
1122 2865 1248 2900 Domi-

232 2914 342 2950 tianus
359 2914 421 2949 hac
440 2912 559 2948 saltem
579 2916 612 2950 in
636 2929 672 2951 re
696 2916 810 2952 bonos
838 2918 1013 2965 Principes
1030 2917 1159 2952 secutus
1177 2914 1223 2951 est
1237 2943 1249 2958 ,

237 2964 350 3011 (Suet.
374 2964 509 3000 Domit.
530 2976 602 3011 cap.
622 2965 695 3010 ix.)
729 2969 859 3011 Caium
876 2966 1111 3005 Commodus.

1651 2497 1948 2532 Vanxoa.

1347 2579 1362 2608 3
1372 2570 1401 2601 8.
1424 2568 1462 2599 A
1477 2561 1673 2610 parentibus
1688 2563 1776 2599 inter
1792 2562 1907 2599 liberos
1920 2561 2040 2611 palam
2056 2563 2160 2602 heres.
2173 2563 2189 2612 ]
2201 2565 2311 2603 Acun

1293 2613 1336 2650 ad
1358 2615 1446 2650 hunc
1463 2614 1581 2650 locum
1599 2626 1733 2665 gnoma
1751 2614 1862 2650 Taciti
1887 2612 1977 2663 apud
1998 2615 2193 2664 Agricolam
2213 2628 2242 2651 c.
2253 2629 2312 2659 43.

1294 2665 1352 2701 ubi
1371 2666 1565 2701 Domitiani
1582 2665 1738 2707 mentio,
1769 2664 1913 2700 laetantis
1928 2692 1941 2706 ‚
1967 2664 2060 2713 quod
2079 2665 2123 2701 ab
2149 2665 2314 2713 Agricola

1295 2716 1436 2752 coheres
1451 2714 1587 2764 scriptus
1604 2715 1698 2751 uxori
1717 2716 1789 2759 ejus
1808 2718 1845 2751 ὃ(
1856 2712 1932 2750 filiae
1944 2728 1955 2750 ε
1977 2718 2064 2749 Tam
2079 2713 2228 2757 caca&
2243 2728 2314 2751 cor-

1294 2776 1393 2814 rupta
1408 2779 1500 2802 mens
1518 2764 1650 2812 assidua
1668 2765 1922 2800 adulatzonibm
1937 2772 2012 2799 erat
2027 2790 2039 2805 ‚
2072 2773 2112 2798 ut
2128 2764 2267 2810 nesciret
2284 2777 2309 2802 a

1293 2816 1372 2851 bono
1385 2824 1482 2864 patre
1498 2828 1565 2851 non
1573 2814 1676 2863 scribi
1695 2814 1868 2857 heredem,
1888 2811 1952 2861 nist
1961 2812 2092 2849 malam
2108 2814 2308 2863 Principem.

1292 2868 1322 2909 J.
1343 2869 1569 2903 Gavi-raus.
1886 2866 1893 2877 ⁹
2110 2877 2115 2884 ⁴

1352 2923 1537 2953 Venenatas
1555 2913 1743 2959 mamea]
1812 2911 1984 2951 Arnobius
2002 2926 2013 2949 :

1291 2966 1444 3015 parvula
1455 2976 1513 3013 pro
1525 2963 1693 3012 suavibus
1716 2962 1884 2998 mafieolu
1894 2965 2043 3009 sument.

2051 2912 2208 2960 frustilla
2246 2886 2310 2952 hac

2100 2966 2244 3012 Mastya
2272 2966 2308 3002 in

282 3022 383 3051 Heres
397 3014 695 3062 nunctqaaretur.]
756 3022 960 3064 Nuncupare
987 3017 1143 3053 heredem
1173 3028 1252 3065 pto·
1296 3017 1450 3053 Martiale
1477 3016 1536 3052 lib.
1555 3029 1586 3050 x.
1624 3013 1738 3061 Epigr.
1780 3011 1929 3048 scribitur
1965 3013 2166 3052 Graecorum
2194 3027 2308 3054 more.

231 3066 301 3114 prie
318 3064 366 3103 est
391 3076 463 3104 non
479 3062 601 3113 scripto
620 3076 725 3114 quem
743 3066 816 3115 quis
836 3064 900 3103 fibi
923 3064 1146 3109 suceeisorem
1169 3065 1250 3106 velit
1298 3070 1379 3104 Hoc
1398 3067 1564 3108 nomine,
1593 3073 1631 3100 ut
1646 3063 1689 3099 ait
1703 3061 1765 3100 lib.
1779 3074 1859 3102 xiv.
1899 3061 2102 3108 Athenaeus,
2130 3076 2239 3101 omne
2254 3063 2315 3101 sci-

2180 3125 2311 3155 tamen·
