2504 3425
46 918 100 966 73

456 149 1870 216 ,TJBEitiusNERoCAESAffi
2126 152 2240 221 363

140 244 224 302 est,
257 257 303 291 ut
318 244 405 291 vim
431 243 709 291 multitudinis
730 259 901 292 caveret.
969 243 1161 291 Rediens
1193 261 1296 308 ergo
1327 259 1501 308 propere
1536 242 1814 303 Campaniam
1837 237 1997 287 Asturae
2031 238 2163 286 statim
2185 244 2234 289 in

135 311 380 372 languorem
412 309 571 355 incidit.
638 314 741 370 Qo
774 311 957 371 paullum
991 311 1174 365 levatus,
1212 311 1401 355 Circeios
1427 306 1648 372 pertendit.
1710 309 1780 352 Ac
1802 321 1855 350 ne
1879 322 2003 368 quam
2029 303 2230 365 suspicio-

135 389 235 418 nem
256 372 508 419 infirmitatis
529 373 661 429 daret,
695 372 962 420 castrenfibus
984 373 1091 419 ludis
1114 390 1202 419 non
1225 373 1416 420 interfuit
1435 373 1595 428 solum,
1627 370 1696 418 sed
1729 371 1855 416 etiam
1888 367 2053 414 missum
2085 371 2131 413 in
2153 368 2228 414 lia*-

135 452 278 483 renam
310 454 453 499 aprum
471 439 611 497 jaculis
631 435 802 500 desuper
817 439 967 500 petiit:
1005 436 1224 500 statimque
1250 439 1372 484 latere
1404 435 1608 483 convulso
1628 472 1640 493 ‚
1676 441 1747 492 &,
1792 448 1836 479 ut
1858 432 2115 487 exaestuarat,
2163 432 2229 478 af«

133 498 252 547 flatus
275 518 394 557 aura,
428 503 473 547 in
492 504 728 565 graviorem
749 503 896 549 recidit
916 501 1127 548 morbum.
1196 501 1446 547 Sustentavit
1465 515 1604 546 tamen
1626 498 1875 564 aliquamdiu
1889 534 1902 554 ,
1936 499 2126 561 quamvis
2137 497 2230 542 Mi-

131 563 278 611 senum
302 566 428 629 usque
446 565 642 613 deve-&tus
665 566 772 612 nihil
805 584 854 612 ex
885 566 1033 612 ordine
1063 565 1310 629 quotidiano
1335 567 1663 627 praetermitteret
1687 600 1699 620 ‚
1735 581 1787 609 ne
1823 564 2018 609 convivia
2051 560 2226 624 quidem

131 644 178 674 ac
203 645 353 676 ceteras
379 631 609 692 voluptates
631 666 644 687 ‚
680 632 826 692 partim
849 631 1166 691 intemperantia
1188 664 1201 684 ‚
1248 631 1397 690 partim
1432 628 1764 674 diffimulatione.
1832 628 1948 673 Nam
1984 623 2228 672 Chariclem

133 693 368 750 medicum,
404 695 518 756 quod
549 710 784 740 commeatu
818 693 1008 739 afuturus
1027 710 1049 737 e
1074 694 1274 738 convivio
1293 693 1537 754 egrediens,
1571 710 1741 738 manum
1765 690 1839 736 fibi
1862 688 2071 736 osculandi
2096 688 2228 735 caussa

131 755 482 818 apprehendiflet‚
514 757 749 803 existimans
772 771 943 802 tentatas
963 756 1014 801 ab
1038 773 1089 801 eo
1114 772 1238 801 venas
1254 755 1356 810 fibi,
1390 773 1601 802 remanere
1625 772 1670 800 ac
1696 755 1938 800 recumbere
1949 751 2224 809 hortatusest‚

131 836 380 884 coenamque
402 821 611 883 protraxit.
678 823 775 867 Nec
807 819 1006 865 abstinuit
1038 818 1336 865 consuetudine
1351 853 1363 874 ‚
1396 822 1500 882 quin
1521 835 1620 864 tunc
1641 835 1813 880 quoque
1835 817 1989 863 instans
2012 820 2057 862 in
2083 816 2227 862 medio

129 885 344 940 triclinio,
375 883 552 931 adstante
583 883 728 929 lictore
747 919 761 941 ,
805 883 989 946 singulos
1022 884 1154 930 valere
1187 882 1374 927 dicentes
1407 884 1636 944 appellaret.
1705 882 1879 924 Interim
1912 897 2011 925 cum
2047 881 2090 924 in
2125 881 2226 925 ac‘tis

127 945 286 993 senatus
314 947 498 1010 legisset,
543 948 712 1008 dimissos
744 965 794 993 ac
826 965 873 993 ne
904 946 1056 992 traditos
1089 946 1249 1010 quidem
1281 946 1469 1009 quosdam
1502 964 1609 1001 reos,
1655 945 1706 989 de
1741 943 1894 1004 quibus
1929 943 2127 999 inierim,
2174 947 2222 988 ἃς

129 1009 239 1056 nihil
263 1012 373 1057 aliud
392 1029 516 1074 quam
532 1014 771 1073 nominatos
790 1011 841 1057 ab
857 1011 996 1056 indice
1024 1009 1248 1072 scripserat:
1282 1027 1359 1072 pro
1381 1024 1599 1056 contemto
1619 1006 1655 1054 se
1681 1007 1871 1052 habitum
1896 1004 2080 1052 fremens
2102 1042 2115 1061 ‚
2151 1022 2222 1052 re·-

127 1088 267 1135 petere
302 1076 481 1137 Capreas
514 1092 693 1139 quoquo
727 1076 858 1122 modo
890 1073 1139 1131 destinavit,
1173 1091 1261 1120 non
1295 1089 1452 1120 temere
1485 1073 1718 1137 quidquam
1754 1071 1830 1116 nisi
1855 1087 1904 1116 ex
1929 1085 2022 1115 tuto
2045 1067 2226 1116 ausurus.

122 1137 206 1183 Sed
231 1143 277 1184 &
306 1139 615 1201 tempestatibus
637 1146 681 1187 &
701 1139 1011 1204 ingravescente
1033 1142 1074 1186 vi
1098 1139 1237 1185 morbi
1262 1153 1443 1184 retentus
1465 1139 1605 1200 paullo
1631 1135 1721 1198 post
1744 1134 1854 1180 obiit
1877 1137 1921 1179 in
1945 1135 2041 1180 villa
2063 1134 2227 1180 Lucul—

124 1202 241 1260 lana,
275 1205 423 1253 ocffiavo
456 1209 501 1251 δι
533 1204 839 1271 septuagesimo
870 1206 997 1251 aetatis
1030 1220 1170 1262 anim,
1204 1205 1328 1251 tertio
1361 1207 1406 1248 &
1442 1200 1647 1266 vigesimo
1682 1199 1877 1261 imperii,
1911 1197 2080 1244 decimo
2099 1195 2226 1260 septi«

2151 1277 2226 1306 mo

127 1338 212 1375 riter
236 1352 277 1378 nc
293 1342 450 1386 foeminis
460 1341 729 1393 persultantibus
761 1350 891 1390 tergum
920 1343 1056 1390 impune
1084 1341 1158 1378 cal·
1192 1352 1397 1394 perpetuum
1417 1338 1537 1391 praesto
1556 1369 1568 1384 ‚
1607 1338 1764 1376 maxime
1795 1335 1914 1388 (quod
1934 1332 2122 1380 dicebam)
2169 1334 2223 1370 itio

125 1394 226 1433 cata,
255 1390 308 1434 Εἴ
326 1401 470 1442 repentes
489 1395 579 1431 inter
591 1392 712 1444 pocula
723 1389 879 1441 finusc‘jue
901 1391 1035 1429 innoxio
1052 1391 1146 1441 lapset
1193 1407 1275 1431 nere
1291 1391 1476 1429 faciendo?

128 1438 296 1478 dmCO-neo'·
1249 1442 1363 1481 Valere
1374 1440 1551 1488 dicentes.]
1579 1443 1629 1477 Ut
1652 1441 1776 1477 Horat.
1801 1438 1904 1487 Epist.

1307 1493 1398 1541 Celfh
1410 1492 1574 1541 gaudere,
1607 1489 1660 1534 Εἴ
1683 1490 1761 1527 bene
1781 1502 1850 1525 rem
1865 1499 1977 1537 gerere
1992 1485 2215 1523 Albinovano

452 1515 818 1550 ToRRENT.

180 1586 282 1630 Prope
294 1582 525 1630 Campaniam
543 1581 712 1629 Astura]
741 1583 827 1618 Duo
835 1578 910 1617 libri
919 1579 1060 1617 Rediens
1071 1591 1143 1627 ergo

118 1637 251 1678 propere
264 1633 492 1680 Campaniam
501 1660 514 1675 ,
544 1631 691 1678 Astura,
723 1633 792 1668 ἃς.
852 1633 895 1667 Et
909 1630 987 1668 sane
1000 1630 1119 1667 Astura
1128 1658 1140 1673 ,

129 1678 156 1715 si
173 1680 282 1717 Plinio
305 1682 477 1719 credimus
495 1680 553 1718 lib.
574 1696 608 1718 ιι
622 1696 649 1719 1.
667 1693 742 1731 cap.
757 1692 791 1718 v.
815 1683 920 1720 &v1.
951 1680 1036 1717 ultra
1058 1679 1143 1716 ostia

123 1729 290 1767 Tiberina
308 1732 342 1766 in
365 1732 517 1768 Antiano
537 1730 584 1767 est
605 1759 618 1774 ,
668 1743 709 1767 ac
738 1730 883 1779 proinde
904 1743 924 1767 a
947 1730 1143 1781 Campania

122 1778 258 1829 longius
283 1780 391 1818 abest.
448 1781 612 1819 Meminit
653 1783 726 1828 ejus
751 1783 890 1819 Sueton.
935 1781 1025 1831 Aug.
1066 1793 1140 1832 cap.

123 1839 254 1868 XCVII.

176 1879 372 1930 Castrenfib.
401 1881 488 1919 ludis
507 1895 573 1920 non
590 1881 746 1928 interfuit
755 1880 905 1930 solum]
949 1880 1045 1919 Libri
1059 1894 1140 1932 qua-

92 1970 99 1974 ,
119 1938 197 1965 tuor
218 1943 285 1969 non
301 1941 441 1977 tantum
456 1934 627 1980 interfuit.
652 1932 840 1981 Castrenses
857 1944 943 1969 vero
962 1931 1056 1968 ludos
1082 1934 1141 1981 (ut

126 1979 234 2028 puto)
269 1993 331 2019 eos
349 1981 525 2033 appellat,
561 1985 619 2034 qui
635 1995 655 2020 a
675 1982 806 2020 militib.
848 1981 915 2020 illic
941 1983 976 2019 in
994 1982 1139 2022 statione

117 2031 336 2069 manentibus
353 2032 511 2070 castrensi
528 2047 629 2071 more
649 2032 847 2070 edebantur.

114 2092 148 2119 ⁴⁴»
172 2081 544 2132 Sustentavitaatem,]
577 2083 765 2131 sustentare
784 2081 937 2119 absolute
947 2081 1138 2127 dixit‚n0n

118 2140 183 2188 pro
199 2131 278 2169 dare
294 2145 444 2185 operam
462 2147 499 2172 ut
516 2134 662 2177 valeret,
692 2132 750 2170 sed
768 2145 832 2184 pro
849 2132 991 2178 durare,
1020 2146 1060 2172 ac
1072 2134 1137 2173 sus-

115 2191 222 2219 tinere
234 2213 246 2228 ,
283 2188 320 2221 &
334 2185 576 2223 diffimulando
592 2185 734 2236 perpeti.

172 2237 228 2268 Ex
254 2235 369 2272 ordine
399 2234 630 2286 quotidiano]
677 2234 841 2272 Ordinem
865 2246 970 2275 vocat
996 2235 1136 2276 vivendi

118 2282 412 2324 consuetudinem.

117 2333 369 2420 l‘bCharidem
396 2335 602 2385 medicum]
660 2335 753 2376 Vide
781 2337 947 2374 Taciturn
977 2347 1134 2375 extremo

131 2396 141 2418 1
170 2396 222 2421 Ν.

176 2437 380 2471 commeatu
396 2435 619 2485 absmarus]
649 2440 726 2489 Sup.
748 2450 914 2489 cap.x11.

174 2484 304 2531 Instans
320 2486 357 2521 in
374 2487 481 2522 medio
500 2487 683 2536 triclinia]
708 2489 771 2527 Sic.
794 2489 867 2540 sup.
878 2502 952 2540 cap.
962 2503 1062 2528 xxxv.
1083 2490 1136 2526 in-

118 2545 274 2572 caenante
291 2548 325 2570 eo
345 2536 382 2572 in
392 2537 551 2583 pretorio.
608 2538 740 2576 Frustra
759 2539 807 2576 est
833 2553 918 2589 ergo
935 2570 947 2584 ,
989 2540 1082 2590 quod
1101 2542 1135 2576 in

102 2585 291 2623 ⁴Beroaldo
311 2589 349 2622 ὃς.
369 2586 480 2636 priscis
497 2586 699 2625 editionibus
717 2589 830 2639 legas,
861 2600 900 2625 ut
912 2591 1018 2637 stans.
1057 2593 1136 2626 Nec

119 2638 357 2682 conjecturam
375 2637 471 2672 ssiam
490 2637 576 2672 mihi
595 2638 718 2687 probat
733 2642 784 2677 vir
801 2639 922 2676 doctus
942 2669 954 2682 ,
1003 2641 1060 2689 qui
1080 2653 1138 2676 oc-

119 2686 258 2723 casione
280 2689 352 2733 ejus
375 2686 540 2737 scripturae
568 2686 686 2724 locum
715 2688 804 2725 hunc
833 2703 983 2727 omnem
1012 2689 1057 2726 iic
1087 2703 1139 2727 re-

119 2735 238 2787 fingit,
265 2748 327 2774 aut
336 2736 432 2786 stans
454 2738 492 2773 in
509 2738 596 2775 med.
614 2737 702 2776 tricl.
718 2748 781 2774 aut
789 2738 884 2786 stans
901 2740 938 2775 in
963 2739 1051 2777 litor.
1083 2740 1140 2778 seu

120 2785 273 2831 brevius,
299 2799 361 2823 ant
371 2787 466 2834 stans
484 2787 521 2823 in
539 2788 627 2826 med.
648 2788 737 2826 tricl.
761 2798 824 2825 aut
850 2803 867 2825 e
890 2789 996 2827 litore.
1051 2802 1136 2828 nam

119 2839 173 2874 cui
190 2840 237 2874 rei
252 2839 342 2876 stans
358 2840 392 2874 in
413 2837 525 2874 littore
542 2836 695 2888 singulos
715 2838 830 2876 valere
849 2838 1000 2876 dicentes
1023 2841 1137 2891 appel-

120 2887 190 2927 let?
220 2900 276 2925 aut
293 2903 362 2940 quo
387 2890 489 2939 pasto
506 2901 524 2924 e
545 2889 691 2926 triclinio
711 2888 821 2926 subito
847 2890 881 2925 in
903 2889 990 2926 littus
1016 2890 1137 2936 senex,

121 2943 161 2976 δε
177 2938 322 2977 affestus
340 2940 521 2976 extrahitur
544 2942 555 2977 ἓ
583 2939 720 2977 Deinde
740 2953 813 2977 non
829 2940 901 2976 haec
919 2942 1062 2991 Capreis
1080 2955 1140 2992 ge-

122 2989 171 3028 sta
189 3019 199 3035 ,
228 2989 320 3039 quod
336 2990 445 3027 nolim
461 2991 491 3026 ei
508 2989 681 3035 excidisse,
717 2990 774 3027 sed
800 2991 918 3027 itinere
948 2995 1137 3042 Campano

123 3041 214 3091 apud
231 3042 509 3099 promontorium
529 3040 658 3084 Miseni,
717 3041 920 3078 Adstantem
942 3055 1026 3080 vero
1043 3044 1140 3080 licto-

54 3107 58 3111 ’
123 3104 202 3130 rem
221 3104 292 3140 quis
308 3094 376 3141 jure
395 3092 520 3131 habeat
538 3090 751 3145 suspestum,
781 3106 862 3132 cum
883 3094 909 3132 is
925 3096 1135 3144 imperatori

1309 1542 1415 1590 Affufia
1435 1552 1555 1591 rogata
1572 1541 1686 1588 refert.

1196 1591 1331 1639 χαίρειν
1349 1592 1411 1629 καὶ
1436 1591 1640 1640 ἐυπροὲτἹειν.

1252 1656 1308 1688 73.
1339 1649 1380 1678 In
1396 1642 1484 1677 villo
1502 1640 1738 1689 Luculliana.]
1766 1641 1878 1678 Recie
1890 1667 1901 1683 ,
1921 1651 2001 1675 curn
2012 1637 2219 1687 exemplaria

1194 1693 1311 1728 nostra
1328 1693 1450 1729 onmia
1466 1704 1525 1729 aut
1536 1694 1745 1734 Lucullana,
1762 1702 1818 1728 aut
1837 1690 2030 1725 Lucilliana
2054 1688 2215 1725 habeant.

1193 1744 1305 1779 Tacit.
1332 1744 1484 1779 Tandem
1503 1744 1594 1791 apud
1603 1742 1869 1792 promontorium
1889 1738 2014 1786 Miseni
2026 1738 2168 1786 confidit
2179 1739 2218 1775 in

1192 1793 1297 1837 villa,
1324 1794 1376 1831 cui
1393 1798 1432 1831 L.
1452 1795 1612 1830 Lucullas
1632 1793 1804 1842 quondam
1821 1789 1987 1827 dominc-u.

1506 1865 1900 1899 CASAUBON.

1244 1932 1388 1970 Rediens
1407 1946 1477 1983 ergo
1491 1940 1625 1981 propere
1636 1925 1905 1978 Campaniam]
1936 1929 1989 1964 Ita
2006 1937 2132 1963 omnes
2142 1932 2219 1963 med

1190 1978 1291 2020 liores
1305 1984 1391 2021 libri.
1425 1980 1632 2021 Viterbieni]
1655 1985 1692 2018 ὃ(
1709 1978 1839 2028 vulgati
1849 1985 1944 2025 prope
1962 1980 2082 2025 Camp.
2123 1976 2218 2013 Ursi-

1190 2044 1252 2069 nus
1270 2046 1289 2069 e
1306 2035 1369 2070 suis
1377 2041 1511 2082 propere
1530 2034 1567 2069 in
1584 2036 1703 2080 Camp.
1742 2028 1802 2066 sed
1831 2027 1941 2063 redire
1958 2027 2188 2074 Campaniam
2199 2055 2213 2071 ,

1191 2094 1226 2119 ut
1244 2083 1386 2121 Italiam
1407 2083 1515 2120 venit.
1557 2085 1595 2119 δε
1622 2083 1667 2118 ita
1693 2080 1786 2130 loqui
1815 2077 1951 2115 solitum
1982 2080 2019 2113 B.
2041 2078 2216 2127 Hierony-

1186 2145 1289 2170 mum
1307 2144 1408 2184 atque
1425 2133 1510 2170 alios
1534 2134 1682 2169 eximios
1700 2131 1895 2181 scriptores,
1938 2126 2097 2166 observat
2134 2127 2206 2171 Jos.

1187 2182 1338 2233 Scaliger
1361 2185 1405 2221 ad
1423 2183 1610 2221 Eusebium
1633 2183 1743 2219 suuni.

1243 2234 1373 2281 Instans
1389 2236 1426 2271 in
1443 2235 1552 2270 medio
1569 2230 1756 2279 triclinio]
1783 2230 1895 2278 Magis
1905 2242 1945 2264 ex
1954 2241 2056 2264 more
2074 2226 2160 2271 fuit,
2177 2239 2216 2265 ut

1186 2284 1350 2335 Princeps
1370 2284 1553 2321 salutantes
1580 2283 1622 2320 ad
1644 2285 1785 2327 ianuam
1805 2278 1951 2316 cubiculi
1968 2277 2057 2314 stans
2077 2279 2211 2329 excipe-
2240 2296 2254 2306 ν

1187 2347 1238 2371 ret
1258 2339 1295 2371 ὃ(
1313 2336 1518 2379 dimitteret,
1547 2346 1582 2370 ut
1601 2332 1724 2369 alicubi
1754 2341 1852 2367 notat
1870 2330 1954 2366 Dio.
2014 2329 2213 2379 Spartianus

1187 2385 1231 2422 de
1253 2386 1434 2424 Hadriano
1450 2401 1460 2422 2
1485 2385 1548 2423 Ad
1559 2383 1757 2422 convivium
1767 2380 1939 2417 venientes
1946 2378 2116 2428 fi’natores
2115 2378 2212 2426 stans

1186 2437 1322 2484 excepit.

1245 2484 1583 2534 Aa'stante'liffiore]
1614 2482 1779 2534 Etprima
1797 2479 1901 2518 editio
1913 2509 1923 2524 ,
1950 2482 1988 2517 ὃ(
2007 2491 2115 2518 manu
2133 2492 2214 2517 exa‹

1190 2538 1252 2573 rati
1285 2537 1359 2574 libri
1391 2535 1437 2573 iic
1470 2536 1609 2572 habent.
1647 2533 1740 2584 quod
1764 2544 1898 2569 moneo
1931 2543 2071 2580 propter
2098 2532 2212 2570 virum

1191 2588 1358 2631 doctum,
1386 2588 1439 2623 cui
1459 2587 1532 2623 rolli
1547 2585 1605 2622 ista
1623 2596 1679 2620 aut
1696 2583 1820 2620 mutari
1841 2582 1963 2631 placuit
1981 2610 1994 2624 ,
2028 2581 2100 2617 sine
2121 2581 2212 2616 causi⁹

1190 2637 1244 2674 sa:
1275 2649 1348 2674 non
1366 2638 1460 2673 enim
1479 2666 1489 2680 ,
1516 2649 1549 2673 ut
1569 2634 1736 2671 existimat
1754 2662 1765 2676 ,
1792 2631 1900 2668 otiosa
1920 2631 1992 2666 sunt
2014 2630 2085 2667 haec
2105 2630 2212 2669 verba.

1192 2688 1255 2724 isto
1273 2688 1365 2725 loco.
1427 2690 1525 2723 Nan]
1549 2684 1641 2735 quod
1661 2680 1816 2721 adstitiffe
1842 2682 1940 2718 lustor
1959 2681 2104 2717 Tiberio
2129 2681 2213 2717 dici·

1191 2750 1244 2775 tur
1264 2767 1275 2781 ,
1310 2739 1367 2776 vel
1389 2738 1557 2782 majestati
1577 2734 1748 2786 principali
1776 2731 1967 2768 consultum
1984 2759 1995 2774 ‚
2041 2730 2096 2767 vel
2113 2744 2211 2767 com-

1191 2790 1292 2826 modi
1309 2792 1380 2835 ejus
1398 2785 1507 2824 caussa
1524 2786 1655 2823 factum
1668 2815 1679 2830 ,
1709 2796 1746 2822 ut
1762 2784 1792 2819 ei
1810 2782 1910 2819 senex
1928 2785 1965 2818 δε
1984 2778 2142 2818 infirmus
2160 2782 2213 2818 iu-

1192 2841 1368 2878 niteretur.

1251 2906 1306 2938 73.
1318 2886 1511 2931 oetavo&
1519 2885 1747 2937 septuagefimo
1759 2884 1861 2922 atatis
1877 2882 2004 2930 anna]
2034 2881 2213 2920 Consentit

1192 2943 1301 2978 etiam
1319 2941 1459 2978 Tacitus
1479 2954 1489 2976 ε
1519 2950 1553 2975 at
1570 2938 1642 2975 Dio
1658 2967 1669 2982 ,
1698 2935 1825 2978 Ἐζίω,
1853 2935 1958 2985 inquit
1980 2963 1991 2978 ‚
2037 2934 2127 2970 ἔνι-πὶ
2147 2934 2207 2969 καὶ

1192 2990 1425 3037 &Septimum
1441 2990 1520 3034 ἔτη,
1555 2988 1614 3026 καὶ
1633 2990 1736 3033 μῆνας
1754 2986 1923 3034 τέσσαρας
1944 3013 1956 3029 ,
1994 2985 2053 3021 καὶ
2082 2982 2209 3033 ἧμὲβθῦἕ

1198 3044 1205 3053 ²
1245 3041 1254 3053 Ι

1193 3058 1289 3081 §vy-⁶0⁶.

1247 3094 1358 3133 Tertio
1375 3091 1428 3139 Εἴ
1449 3090 1604 3143 vigefimo
1621 3087 1791 3138 imperii.]
1820 3088 1905 3127 Satis
1921 3084 2131 3124 liberaliter:
2155 3080 2208 3137 alii

1246 3145 1251 3148 ’
1621 3143 1650 3182 Ζ
1661 3153 1682 3179 z
2082 3142 2211 3182 parcius
