<?xml version="1.0" encoding="UTF-8"?>
<!DOCTYPE html PUBLIC "-//W3C//DTD XHTML 1.0 Transitional//EN"
    "http://www.w3.org/TR/xhtml1/DTD/xhtml1-transitional.dtd">
<html xmlns="http://www.w3.org/1999/xhtml" xml:lang="en" lang="en">
 <head>
  <title>
</title>
<meta http-equiv="Content-Type" content="text/html;charset=utf-8" />
  <meta name='ocr-system' content='tesseract 3.04.00' />
  <meta name='ocr-capabilities' content='ocr_page ocr_carea ocr_par ocr_line ocrx_word'/>
</head>
<body>
  <div class='ocr_page' id='page_1' title='image "./csuetoniustranqu00suet_0446.png"; bbox 0 0 2504 3425; ppageno 0'>
   <div class='ocr_carea' id='block_1_1' title="bbox 237 151 1955 232">
    <p class='ocr_par' dir='ltr' id='par_1_1' title="bbox 237 151 1955 232">
     <span class='ocr_line' id='line_1_1' title="bbox 237 151 1955 232; baseline -0.003 -19"><span class='ocrx_word' id='word_1_1' title='bbox 237 160 342 232; x_wconf 67' lang='lat'>426</span> <span class='ocrx_word' id='word_1_2' title='bbox 567 155 1606 217; x_wconf 59' lang='lat' dir='ltr'>C.SuET.TRANQn11,L1</span> <span class='ocrx_word' id='word_1_3' title='bbox 1661 151 1955 210; x_wconf 69' lang='lat' dir='ltr'>L13.1V.</span> 
     </span>
    </p>
   </div>
   <div class='ocr_carea' id='block_1_2' title="bbox 239 243 2412 1263">
    <p class='ocr_par' dir='ltr' id='par_1_2' title="bbox 239 243 2412 1263">
     <span class='ocr_line' id='line_1_2' title="bbox 239 243 2325 312; baseline -0.002 -16"><span class='ocrx_word' id='word_1_4' title='bbox 239 251 373 296; x_wconf 84' lang='lat' dir='ltr'>manis</span> <span class='ocrx_word' id='word_1_5' title='bbox 406 250 589 312; x_wconf 87' lang='lat' dir='ltr'>corporis</span> <span class='ocrx_word' id='word_1_6' title='bbox 621 248 860 294; x_wconf 81' lang='lat' dir='ltr'>custodibus</span> <span class='ocrx_word' id='word_1_7' title='bbox 894 243 1134 307; x_wconf 64' lang='lat' dir='ltr'>praeposuit.</span> <span class='ocrx_word' id='word_1_8' title='bbox 1187 244 1499 289; x_wconf 86' lang='lat' dir='ltr'>Mirmillonum</span> <span class='ocrx_word' id='word_1_9' title='bbox 1533 259 1748 289; x_wconf 84' lang='lat' dir='ltr'>armaturas</span> <span class='ocrx_word' id='word_1_10' title='bbox 1781 244 1953 292; x_wconf 85' lang='lat' dir='ltr'><strong>rescidit.</strong></span> <span class='ocrx_word' id='word_1_11' title='bbox 2022 244 2240 293; x_wconf 86' lang='lat' dir='ltr'>Columbo</span> <span class='ocrx_word' id='word_1_12' title='bbox 2259 248 2325 292; x_wconf 82' lang='lat' dir='ltr'>vi-</span> 
     </span>
     <span class='ocr_line' id='line_1_3' title="bbox 243 305 2324 373; baseline -0.002 -14"><span class='ocrx_word' id='word_1_13' title='bbox 243 316 347 360; x_wconf 66' lang='lat' dir='ltr'>&amp;ori</span> <span class='ocrx_word' id='word_1_14' title='bbox 366 349 379 370; x_wconf 89' lang='lat'><em>‚</em></span> <span class='ocrx_word' id='word_1_15' title='bbox 427 315 571 359; x_wconf 89' lang='lat' dir='ltr'>leviter</span> <span class='ocrx_word' id='word_1_16' title='bbox 591 328 728 358; x_wconf 79' lang='lat' dir='ltr'>tamen</span> <span class='ocrx_word' id='word_1_17' title='bbox 750 310 888 356; x_wconf 68' lang='lat' dir='ltr'>saucio</span> <span class='ocrx_word' id='word_1_18' title='bbox 915 324 1124 352; x_wconf 86' lang='lat' dir='ltr'>venenum</span> <span class='ocrx_word' id='word_1_19' title='bbox 1150 308 1193 351; x_wconf 89' lang='lat' dir='ltr'>in</span> <span class='ocrx_word' id='word_1_20' title='bbox 1217 308 1380 369; x_wconf 80' lang='lat' dir='ltr'>plagam</span> <span class='ocrx_word' id='word_1_21' title='bbox 1401 305 1578 361; x_wconf 76' lang='lat' dir='ltr'>addidit,</span> <span class='ocrx_word' id='word_1_22' title='bbox 1613 308 1727 369; x_wconf 89' lang='lat' dir='ltr'>quod</span> <span class='ocrx_word' id='word_1_23' title='bbox 1752 324 1802 352; x_wconf 87' lang='lat' dir='ltr'>ex</span> <span class='ocrx_word' id='word_1_24' title='bbox 1824 324 1875 352; x_wconf 89' lang='lat' dir='ltr'>eo</span> <span class='ocrx_word' id='word_1_25' title='bbox 1897 309 2165 355; x_wconf 83' lang='lat' dir='ltr'><em>Columbinum</em></span> <span class='ocrx_word' id='word_1_26' title='bbox 2186 311 2324 373; x_wconf 83' lang='lat' dir='ltr'>appel·</span> 
     </span>
     <span class='ocr_line' id='line_1_4' title="bbox 244 368 2325 431; baseline 0.002 -18"><span class='ocrx_word' id='word_1_27' title='bbox 244 380 359 423; x_wconf 68' lang='lat' dir='ltr'>lavit.</span> <span class='ocrx_word' id='word_1_28' title='bbox 428 379 494 422; x_wconf 88' lang='lat' dir='ltr'>Sic</span> <span class='ocrx_word' id='word_1_29' title='bbox 522 391 628 422; x_wconf 90' lang='lat' dir='ltr'>certe</span> <span class='ocrx_word' id='word_1_30' title='bbox 650 378 756 421; x_wconf 89' lang='lat' dir='ltr'>inter</span> <span class='ocrx_word' id='word_1_31' title='bbox 779 374 855 417; x_wconf 89' lang='lat' dir='ltr'>alia</span> <span class='ocrx_word' id='word_1_32' title='bbox 876 386 1036 415; x_wconf 86' lang='lat' dir='ltr'>venena</span> <span class='ocrx_word' id='word_1_33' title='bbox 1056 368 1248 431; x_wconf 89' lang='lat' dir='ltr'>scriptum</span> <span class='ocrx_word' id='word_1_34' title='bbox 1269 372 1319 414; x_wconf 89' lang='lat' dir='ltr'>ab</span> <span class='ocrx_word' id='word_1_35' title='bbox 1346 386 1398 414; x_wconf 91' lang='lat' dir='ltr'>eo</span> <span class='ocrx_word' id='word_1_36' title='bbox 1421 385 1629 431; x_wconf 89' lang='lat' dir='ltr'>repertum</span> <span class='ocrx_word' id='word_1_37' title='bbox 1652 370 1721 416; x_wconf 88' lang='lat' dir='ltr'>est.</span> <span class='ocrx_word' id='word_1_38' title='bbox 1791 371 1961 418; x_wconf 83' lang='lat' dir='ltr'>Prasmae</span> <span class='ocrx_word' id='word_1_39' title='bbox 1985 371 2156 419; x_wconf 63' lang='lat' dir='ltr'>factioni</span> <span class='ocrx_word' id='word_1_40' title='bbox 2179 377 2232 420; x_wconf 88' lang='lat' dir='ltr'>ita</span> <span class='ocrx_word' id='word_1_41' title='bbox 2254 374 2325 418; x_wconf 74' lang='lat' dir='ltr'>ad-</span> 
     </span>
     <span class='ocr_line' id='line_1_5' title="bbox 244 431 2371 498; baseline -0.002 -11"><span class='ocrx_word' id='word_1_42' title='bbox 244 442 379 487; x_wconf 62' lang='lat' dir='ltr'>dietus</span> <span class='ocrx_word' id='word_1_43' title='bbox 400 445 443 486; x_wconf 73' lang='grc' dir='ltr'>δε</span> <span class='ocrx_word' id='word_1_44' title='bbox 467 440 653 493; x_wconf 89' lang='lat' dir='ltr'>deditus,</span> <span class='ocrx_word' id='word_1_45' title='bbox 688 451 733 480; x_wconf 88' lang='lat' dir='ltr'>ut</span> <span class='ocrx_word' id='word_1_46' title='bbox 755 448 938 479; x_wconf 85' lang='lat' dir='ltr'>coenaret</span> <span class='ocrx_word' id='word_1_47' title='bbox 957 435 999 478; x_wconf 88' lang='lat' dir='ltr'>in</span> <span class='ocrx_word' id='word_1_48' title='bbox 1020 431 1180 478; x_wconf 83' lang='lat' dir='ltr'>stabulo</span> <span class='ocrx_word' id='word_1_49' title='bbox 1202 431 1378 488; x_wconf 79' lang='lat' dir='ltr'>affidue,</span> <span class='ocrx_word' id='word_1_50' title='bbox 1411 437 1455 477; x_wconf 75' lang='grc' dir='ltr'>δε</span> <span class='ocrx_word' id='word_1_51' title='bbox 1478 448 1673 478; x_wconf 85' lang='lat' dir='ltr'>maneret.</span> <span class='ocrx_word' id='word_1_52' title='bbox 1740 435 1951 495; x_wconf 85' lang='lat' dir='ltr'>Agitatori</span> <span class='ocrx_word' id='word_1_53' title='bbox 1968 435 2156 498; x_wconf 88' lang='lat' dir='ltr'>Eutycho</span> <span class='ocrx_word' id='word_1_54' title='bbox 2174 435 2325 482; x_wconf 75' lang='lat' dir='ltr'>comis-</span> <span class='ocrx_word' id='word_1_55' title='bbox 2368 482 2371 483; x_wconf 14' lang='grc' dir='ltr'><em>γ</em></span> 
     </span>
     <span class='ocr_line' id='line_1_6' title="bbox 251 497 2325 565; baseline -0.003 -14"><span class='ocrx_word' id='word_1_56' title='bbox 251 505 405 550; x_wconf 82' lang='lat' dir='ltr'>satione</span> <span class='ocrx_word' id='word_1_57' title='bbox 429 503 602 565; x_wconf 82' lang='lat' dir='ltr'>quadam</span> <span class='ocrx_word' id='word_1_58' title='bbox 625 502 668 544; x_wconf 88' lang='lat' dir='ltr'>in</span> <span class='ocrx_word' id='word_1_59' title='bbox 691 497 957 561; x_wconf 82' lang='lat' dir='ltr'>apophoretis</span> <span class='ocrx_word' id='word_1_60' title='bbox 980 498 1106 541; x_wconf 86' lang='lat' dir='ltr'>vicies</span> <span class='ocrx_word' id='word_1_61' title='bbox 1127 500 1173 542; x_wconf 87' lang='lat' dir='ltr'><strong>H</strong></span> <span class='ocrx_word' id='word_1_62' title='bbox 1189 500 1227 541; x_wconf 84' lang='lat' dir='ltr'>S.</span> <span class='ocrx_word' id='word_1_63' title='bbox 1252 498 1447 543; x_wconf 84' lang='lat' dir='ltr'>contulit.</span> <span class='ocrx_word' id='word_1_64' title='bbox 1512 499 1688 541; x_wconf 77' lang='lat' dir='ltr'>Incitato</span> <span class='ocrx_word' id='word_1_65' title='bbox 1710 513 1844 558; x_wconf 85' lang='lat' dir='ltr'>equo,</span> <span class='ocrx_word' id='word_1_66' title='bbox 1891 502 2003 556; x_wconf 85' lang='lat' dir='ltr'>cujus</span> <span class='ocrx_word' id='word_1_67' title='bbox 2038 499 2165 545; x_wconf 69' lang='lat' dir='ltr'>caussa</span> <span class='ocrx_word' id='word_1_68' title='bbox 2194 501 2325 561; x_wconf 82' lang='lat' dir='ltr'>pridie</span> 
     </span>
     <span class='ocr_line' id='line_1_7' title="bbox 247 560 2326 625; baseline -0.003 -11"><span class='ocrx_word' id='word_1_69' title='bbox 247 566 486 619; x_wconf 79' lang='lat' dir='ltr'>Circenses,</span> <span class='ocrx_word' id='word_1_70' title='bbox 522 580 574 609; x_wconf 90' lang='lat' dir='ltr'>ne</span> <span class='ocrx_word' id='word_1_71' title='bbox 596 564 916 624; x_wconf 89' lang='lat' dir='ltr'>inquietaretur,</span> <span class='ocrx_word' id='word_1_72' title='bbox 953 562 1116 606; x_wconf 86' lang='lat' dir='ltr'>viciniae</span> <span class='ocrx_word' id='word_1_73' title='bbox 1137 561 1343 607; x_wconf 80' lang='lat' dir='ltr'>silentium</span> <span class='ocrx_word' id='word_1_74' title='bbox 1364 576 1436 622; x_wconf 89' lang='lat' dir='ltr'>per</span> <span class='ocrx_word' id='word_1_75' title='bbox 1458 562 1608 606; x_wconf 85' lang='lat' dir='ltr'>milites</span> <span class='ocrx_word' id='word_1_76' title='bbox 1630 560 1811 605; x_wconf 86' lang='lat' dir='ltr'>indicere</span> <span class='ocrx_word' id='word_1_77' title='bbox 1828 560 2007 615; x_wconf 79' lang='lat' dir='ltr'>solebat,</span> <span class='ocrx_word' id='word_1_78' title='bbox 2042 576 2181 623; x_wconf 80' lang='lat' dir='ltr'>praeter</span> <span class='ocrx_word' id='word_1_79' title='bbox 2191 565 2326 625; x_wconf 76' lang='lat' dir='ltr'>equile</span> 
     </span>
     <span class='ocr_line' id='line_1_8' title="bbox 249 623 2330 688; baseline -0.003 -12"><span class='ocrx_word' id='word_1_80' title='bbox 249 644 553 682; x_wconf 77' lang='lat' dir='ltr'>marmoreum,</span> <span class='ocrx_word' id='word_1_81' title='bbox 588 631 631 671; x_wconf 89' lang='lat'>&amp;</span> <span class='ocrx_word' id='word_1_82' title='bbox 658 623 831 688; x_wconf 85' lang='lat' dir='ltr'>praesepe</span> <span class='ocrx_word' id='word_1_83' title='bbox 857 624 1111 681; x_wconf 87' lang='lat' dir='ltr'>eburneum,</span> <span class='ocrx_word' id='word_1_84' title='bbox 1148 639 1370 687; x_wconf 85' lang='lat' dir='ltr'>praeterque</span> <span class='ocrx_word' id='word_1_85' title='bbox 1397 641 1600 686; x_wconf 86' lang='lat' dir='ltr'>purpurea</span> <span class='ocrx_word' id='word_1_86' title='bbox 1620 638 1860 686; x_wconf 85' lang='lat' dir='ltr'>tegumenta</span> <span class='ocrx_word' id='word_1_87' title='bbox 1876 659 1888 679; x_wconf 91' lang='lat'>‚</span> <span class='ocrx_word' id='word_1_88' title='bbox 1921 640 1966 669; x_wconf 87' lang='lat' dir='ltr'>ac</span> <span class='ocrx_word' id='word_1_89' title='bbox 1985 625 2156 670; x_wconf 88' lang='lat' dir='ltr'>monilia</span> <span class='ocrx_word' id='word_1_90' title='bbox 2177 642 2330 686; x_wconf 84' lang='lat' dir='ltr'>egem·-</span> 
     </span>
     <span class='ocr_line' id='line_1_9' title="bbox 245 686 2329 750; baseline -0.002 -12"><span class='ocrx_word' id='word_1_91' title='bbox 245 696 350 748; x_wconf 84' lang='lat' dir='ltr'>mis,</span> <span class='ocrx_word' id='word_1_92' title='bbox 383 691 556 736; x_wconf 87' lang='lat' dir='ltr'>domum</span> <span class='ocrx_word' id='word_1_93' title='bbox 579 690 728 746; x_wconf 84' lang='lat' dir='ltr'>etiam,</span> <span class='ocrx_word' id='word_1_94' title='bbox 764 694 807 734; x_wconf 86' lang='lat'>&amp;</span> <span class='ocrx_word' id='word_1_95' title='bbox 830 686 1057 744; x_wconf 83' lang='lat' dir='ltr'>familiam,</span> <span class='ocrx_word' id='word_1_96' title='bbox 1092 693 1134 734; x_wconf 58' lang='grc' dir='ltr'>δέ</span> <span class='ocrx_word' id='word_1_97' title='bbox 1160 687 1450 750; x_wconf 70' lang='lat' dir='ltr'>supelleffilem</span> <span class='ocrx_word' id='word_1_98' title='bbox 1472 688 1583 733; x_wconf 89' lang='lat' dir='ltr'>dedit</span> <span class='ocrx_word' id='word_1_99' title='bbox 1608 723 1621 744; x_wconf 90' lang='lat'><em>‚</em></span> <span class='ocrx_word' id='word_1_100' title='bbox 1673 704 1759 749; x_wconf 91' lang='lat' dir='ltr'>quo</span> <span class='ocrx_word' id='word_1_101' title='bbox 1783 689 1930 733; x_wconf 88' lang='lat' dir='ltr'>lautius</span> <span class='ocrx_word' id='word_1_102' title='bbox 1955 690 2128 732; x_wconf 90' lang='lat' dir='ltr'>nomine</span> <span class='ocrx_word' id='word_1_103' title='bbox 2154 693 2240 745; x_wconf 83' lang='lat' dir='ltr'>ejus</span> <span class='ocrx_word' id='word_1_104' title='bbox 2264 691 2329 733; x_wconf 89' lang='lat' dir='ltr'>in-</span> 
     </span>
     <span class='ocr_line' id='line_1_10' title="bbox 249 749 2412 816; baseline -0.002 -15"><span class='ocrx_word' id='word_1_105' title='bbox 249 756 385 811; x_wconf 87' lang='lat' dir='ltr'>vitati,</span> <span class='ocrx_word' id='word_1_106' title='bbox 418 756 720 816; x_wconf 83' lang='lat' dir='ltr'>acciperentur:</span> <span class='ocrx_word' id='word_1_107' title='bbox 756 750 1012 797; x_wconf 85' lang='lat' dir='ltr'>consulatum</span> <span class='ocrx_word' id='word_1_108' title='bbox 1037 769 1210 814; x_wconf 88' lang='lat' dir='ltr'>quoque</span> <span class='ocrx_word' id='word_1_109' title='bbox 1230 751 1398 798; x_wconf 89' lang='lat' dir='ltr'>traditur</span> <span class='ocrx_word' id='word_1_110' title='bbox 1417 751 1640 798; x_wconf 70' lang='lat' dir='ltr'>destinasse.</span> <span class='ocrx_word' id='word_1_111' title='bbox 1707 755 1768 796; x_wconf 90' lang='lat' dir='ltr'>Ita</span> <span class='ocrx_word' id='word_1_112' title='bbox 1792 751 2062 799; x_wconf 86' lang='lat' dir='ltr'>bacchantem</span> <span class='ocrx_word' id='word_1_113' title='bbox 2083 766 2205 814; x_wconf 88' lang='lat' dir='ltr'>atque</span> <span class='ocrx_word' id='word_1_114' title='bbox 2224 750 2332 813; x_wconf 79' lang='lat' dir='ltr'>gras·</span> <span class='ocrx_word' id='word_1_115' title='bbox 2358 749 2412 806; x_wconf 80' lang='lat'>56</span> 
     </span>
     <span class='ocr_line' id='line_1_11' title="bbox 250 813 2335 879; baseline -0.002 -15"><span class='ocrx_word' id='word_1_116' title='bbox 250 819 406 865; x_wconf 72' lang='lat' dir='ltr'>fantem</span> <span class='ocrx_word' id='word_1_117' title='bbox 431 834 518 863; x_wconf 87' lang='lat' dir='ltr'>non</span> <span class='ocrx_word' id='word_1_118' title='bbox 543 815 677 863; x_wconf 87' lang='lat' dir='ltr'>defuit</span> <span class='ocrx_word' id='word_1_119' title='bbox 699 814 903 879; x_wconf 88' lang='lat' dir='ltr'>plerisque</span> <span class='ocrx_word' id='word_1_120' title='bbox 927 817 1089 861; x_wconf 84' lang='lat' dir='ltr'>animus</span> <span class='ocrx_word' id='word_1_121' title='bbox 1113 816 1275 861; x_wconf 87' lang='lat' dir='ltr'>adoriri.</span> <span class='ocrx_word' id='word_1_122' title='bbox 1341 815 1424 861; x_wconf 84' lang='lat' dir='ltr'>Sed</span> <span class='ocrx_word' id='word_1_123' title='bbox 1449 833 1529 861; x_wconf 84' lang='lat' dir='ltr'>una</span> <span class='ocrx_word' id='word_1_124' title='bbox 1567 817 1771 878; x_wconf 86' lang='lat' dir='ltr'>alteraque</span> <span class='ocrx_word' id='word_1_125' title='bbox 1810 813 2114 877; x_wconf 87' lang='lat' dir='ltr'>conspiratione</span> <span class='ocrx_word' id='word_1_126' title='bbox 2148 815 2335 871; x_wconf 69' lang='lat' dir='ltr'>derceta,</span> 
     </span>
     <span class='ocr_line' id='line_1_12' title="bbox 245 878 2338 945; baseline -0.001 -17"><span class='ocrx_word' id='word_1_127' title='bbox 245 885 335 929; x_wconf 91' lang='lat' dir='ltr'>aliis</span> <span class='ocrx_word' id='word_1_128' title='bbox 359 900 430 945; x_wconf 91' lang='lat' dir='ltr'>per</span> <span class='ocrx_word' id='word_1_129' title='bbox 458 883 644 943; x_wconf 88' lang='lat' dir='ltr'>inopiam</span> <span class='ocrx_word' id='word_1_130' title='bbox 665 879 888 926; x_wconf 71' lang='lat' dir='ltr'>occasionis</span> <span class='ocrx_word' id='word_1_131' title='bbox 900 879 1223 936; x_wconf 65' lang='lat' dir='ltr'>cunctantibus,</span> <span class='ocrx_word' id='word_1_132' title='bbox 1258 880 1341 925; x_wconf 91' lang='lat' dir='ltr'>duo</span> <span class='ocrx_word' id='word_1_133' title='bbox 1354 879 1569 925; x_wconf 79' lang='lat' dir='ltr'>consilium</span> <span class='ocrx_word' id='word_1_134' title='bbox 1584 881 2023 936; x_wconf 86' lang='lat' dir='ltr'>communicaverunt,</span> <span class='ocrx_word' id='word_1_135' title='bbox 2051 878 2338 941; x_wconf 88' lang='lat' dir='ltr'>perfecerunt-</span> 
     </span>
     <span class='ocr_line' id='line_1_13' title="bbox 249 942 2334 1010; baseline -0.001 -18"><span class='ocrx_word' id='word_1_136' title='bbox 249 964 333 1010; x_wconf 86' lang='lat' dir='ltr'>que</span> <span class='ocrx_word' id='word_1_137' title='bbox 356 966 366 992; x_wconf 79' lang='lat' dir='ltr'>t</span> <span class='ocrx_word' id='word_1_138' title='bbox 413 962 502 991; x_wconf 87' lang='lat' dir='ltr'>non</span> <span class='ocrx_word' id='word_1_139' title='bbox 530 944 613 991; x_wconf 81' lang='lat' dir='ltr'>sine</span> <span class='ocrx_word' id='word_1_140' title='bbox 637 943 889 990; x_wconf 86' lang='lat' dir='ltr'>conscientia</span> <span class='ocrx_word' id='word_1_141' title='bbox 921 942 1298 1007; x_wconf 72' lang='lat' dir='ltr'>potentissimorum</span> <span class='ocrx_word' id='word_1_142' title='bbox 1322 944 1565 994; x_wconf 85' lang='lat' dir='ltr'>libertorum</span> <span class='ocrx_word' id='word_1_143' title='bbox 1589 944 1963 1006; x_wconf 63' lang='lat' dir='ltr'>praefectorumque</span> <span class='ocrx_word' id='word_1_144' title='bbox 1986 945 2181 1006; x_wconf 64' lang='lat' dir='ltr'>praetorii:</span> <span class='ocrx_word' id='word_1_145' title='bbox 2219 942 2334 1006; x_wconf 88' lang='lat' dir='ltr'>quod</span> 
     </span>
     <span class='ocr_line' id='line_1_14' title="bbox 255 1006 2335 1073; baseline -0.001 -18"><span class='ocrx_word' id='word_1_146' title='bbox 255 1009 331 1073; x_wconf 82' lang='lat' dir='ltr'>ipsi</span> <span class='ocrx_word' id='word_1_147' title='bbox 356 1026 554 1073; x_wconf 85' lang='lat' dir='ltr'>quoque,</span> <span class='ocrx_word' id='word_1_148' title='bbox 590 1008 661 1054; x_wconf 81' lang='lat' dir='ltr'>etsi</span> <span class='ocrx_word' id='word_1_149' title='bbox 687 1007 814 1063; x_wconf 83' lang='lat' dir='ltr'>falso,</span> <span class='ocrx_word' id='word_1_150' title='bbox 848 1010 892 1053; x_wconf 86' lang='lat' dir='ltr'>in</span> <span class='ocrx_word' id='word_1_151' title='bbox 914 1009 1091 1069; x_wconf 84' lang='lat' dir='ltr'>quadam</span> <span class='ocrx_word' id='word_1_152' title='bbox 1112 1009 1393 1067; x_wconf 80' lang='lat' dir='ltr'>conjuratione</span> <span class='ocrx_word' id='word_1_153' title='bbox 1418 1043 1430 1062; x_wconf 94' lang='lat'>,</span> <span class='ocrx_word' id='word_1_154' title='bbox 1460 1007 1571 1070; x_wconf 83' lang='lat' dir='ltr'>quali</span> <span class='ocrx_word' id='word_1_155' title='bbox 1600 1008 1815 1070; x_wconf 84' lang='lat' dir='ltr'>participes</span> <span class='ocrx_word' id='word_1_156' title='bbox 1837 1009 2045 1053; x_wconf 89' lang='lat' dir='ltr'>nominati</span> <span class='ocrx_word' id='word_1_157' title='bbox 2070 1043 2083 1064; x_wconf 92' lang='lat'>,</span> <span class='ocrx_word' id='word_1_158' title='bbox 2131 1006 2335 1069; x_wconf 57' lang='lat' dir='ltr'>suspefftos</span> 
     </span>
     <span class='ocr_line' id='line_1_15' title="bbox 253 1068 2335 1135; baseline -0.001 -16"><span class='ocrx_word' id='word_1_159' title='bbox 253 1089 393 1120; x_wconf 87' lang='lat' dir='ltr'>tamen</span> <span class='ocrx_word' id='word_1_160' title='bbox 411 1072 450 1118; x_wconf 91' lang='lat' dir='ltr'>se</span> <span class='ocrx_word' id='word_1_161' title='bbox 475 1079 517 1118; x_wconf 66' lang='grc' dir='ltr'>δι</span> <span class='ocrx_word' id='word_1_162' title='bbox 540 1071 691 1118; x_wconf 78' lang='lat' dir='ltr'>invisos</span> <span class='ocrx_word' id='word_1_163' title='bbox 712 1071 955 1117; x_wconf 81' lang='lat' dir='ltr'>sentiebant.</span> <span class='ocrx_word' id='word_1_164' title='bbox 1022 1073 1137 1116; x_wconf 86' lang='lat' dir='ltr'>Nam</span> <span class='ocrx_word' id='word_1_165' title='bbox 1152 1078 1192 1116; x_wconf 63' lang='grc' dir='ltr'>δέ</span> <span class='ocrx_word' id='word_1_166' title='bbox 1210 1070 1342 1115; x_wconf 84' lang='lat' dir='ltr'>statim</span> <span class='ocrx_word' id='word_1_167' title='bbox 1360 1069 1533 1116; x_wconf 71' lang='lat' dir='ltr'>seduffis</span> <span class='ocrx_word' id='word_1_168' title='bbox 1555 1088 1748 1135; x_wconf 85' lang='lat' dir='ltr'>magnam</span> <span class='ocrx_word' id='word_1_169' title='bbox 1767 1068 1871 1116; x_wconf 90' lang='lat' dir='ltr'>fecit</span> <span class='ocrx_word' id='word_1_170' title='bbox 1894 1071 2118 1131; x_wconf 81' lang='lat' dir='ltr'>invidiam,</span> <span class='ocrx_word' id='word_1_171' title='bbox 2151 1070 2335 1117; x_wconf 72' lang='lat' dir='ltr'>districto</span> 
     </span>
     <span class='ocr_line' id='line_1_16' title="bbox 254 1133 2335 1201; baseline -0.002 -18"><span class='ocrx_word' id='word_1_172' title='bbox 254 1138 394 1201; x_wconf 84' lang='lat' dir='ltr'>gladio</span> <span class='ocrx_word' id='word_1_173' title='bbox 426 1135 631 1182; x_wconf 84' lang='lat' dir='ltr'>affirmans</span> <span class='ocrx_word' id='word_1_174' title='bbox 653 1137 786 1201; x_wconf 73' lang='lat' dir='ltr'>sponte</span> <span class='ocrx_word' id='word_1_175' title='bbox 808 1136 852 1194; x_wconf 72' lang='lat' dir='ltr'><em>ft</em></span> <span class='ocrx_word' id='word_1_176' title='bbox 878 1139 1120 1201; x_wconf 80' lang='lat' dir='ltr'>periturum,</span> <span class='ocrx_word' id='word_1_177' title='bbox 1148 1137 1185 1197; x_wconf 84' lang='lat' dir='ltr'><em>fi</em></span> <span class='ocrx_word' id='word_1_178' title='bbox 1222 1144 1284 1180; x_wconf 50' lang='grc' dir='ltr'>«Υ</span> <span class='ocrx_word' id='word_1_179' title='bbox 1317 1137 1399 1178; x_wconf 82' lang='lat' dir='ltr'>illis</span> <span class='ocrx_word' id='word_1_180' title='bbox 1419 1148 1540 1180; x_wconf 77' lang='lat' dir='ltr'>morte</span> <span class='ocrx_word' id='word_1_181' title='bbox 1560 1136 1703 1199; x_wconf 82' lang='lat' dir='ltr'>dignus</span> <span class='ocrx_word' id='word_1_182' title='bbox 1723 1135 1919 1181; x_wconf 83' lang='lat' dir='ltr'>videretur</span> <span class='ocrx_word' id='word_1_183' title='bbox 1943 1152 1957 1180; x_wconf 88' lang='grc'>.·</span> <span class='ocrx_word' id='word_1_184' title='bbox 2002 1151 2077 1180; x_wconf 89' lang='lat' dir='ltr'>nec</span> <span class='ocrx_word' id='word_1_185' title='bbox 2101 1133 2262 1181; x_wconf 81' lang='lat' dir='ltr'>ceffavit</span> <span class='ocrx_word' id='word_1_186' title='bbox 2284 1152 2335 1180; x_wconf 81' lang='lat' dir='ltr'>ex</span> 
     </span>
     <span class='ocr_line' id='line_1_17' title="bbox 253 1196 2337 1263; baseline -0.003 -14"><span class='ocrx_word' id='word_1_187' title='bbox 253 1218 305 1249; x_wconf 93' lang='lat' dir='ltr'>eo</span> <span class='ocrx_word' id='word_1_188' title='bbox 329 1201 538 1248; x_wconf 87' lang='lat' dir='ltr'>criminari</span> <span class='ocrx_word' id='word_1_189' title='bbox 556 1200 729 1245; x_wconf 87' lang='lat' dir='ltr'>alterum</span> <span class='ocrx_word' id='word_1_190' title='bbox 750 1198 886 1256; x_wconf 85' lang='lat' dir='ltr'>alteri,</span> <span class='ocrx_word' id='word_1_191' title='bbox 922 1212 1045 1263; x_wconf 88' lang='lat' dir='ltr'>atque</span> <span class='ocrx_word' id='word_1_192' title='bbox 1071 1199 1177 1245; x_wconf 87' lang='lat' dir='ltr'>inter</span> <span class='ocrx_word' id='word_1_193' title='bbox 1199 1196 1238 1245; x_wconf 89' lang='lat' dir='ltr'>se</span> <span class='ocrx_word' id='word_1_194' title='bbox 1258 1214 1406 1246; x_wconf 88' lang='lat' dir='ltr'>omnes</span> <span class='ocrx_word' id='word_1_195' title='bbox 1428 1201 1700 1247; x_wconf 85' lang='lat' dir='ltr'>committere.</span> <span class='ocrx_word' id='word_1_196' title='bbox 1768 1200 1883 1246; x_wconf 91' lang='lat' dir='ltr'>Cum</span> <span class='ocrx_word' id='word_1_197' title='bbox 1917 1197 2125 1263; x_wconf 81' lang='lat' dir='ltr'>placuisset</span> <span class='ocrx_word' id='word_1_198' title='bbox 2146 1199 2337 1245; x_wconf 85' lang='lat' dir='ltr'>Palatinis</span> 
     </span>
    </p>
   </div>
   <div class='ocr_carea' id='block_1_3' title="bbox 254 1262 2338 1550">
    <p class='ocr_par' dir='ltr' id='par_1_3' title="bbox 2231 1262 2338 1309">
     <span class='ocr_line' id='line_1_18' title="bbox 2231 1262 2338 1309; baseline -0.009 0"><span class='ocrx_word' id='word_1_199' title='bbox 2231 1262 2338 1309; x_wconf 88' lang='lat' dir='ltr'>ludis</span> 
     </span>
    </p>

    <p class='ocr_par' dir='ltr' id='par_1_4' title="bbox 254 1338 2338 1550">
     <span class='ocr_line' id='line_1_19' title="bbox 567 1338 2030 1376; baseline -0.001 -1"><span class='ocrx_word' id='word_1_200' title='bbox 567 1338 940 1375; x_wconf 67' lang='lat' dir='ltr'>&#39;senar-nr.</span> <span class='ocrx_word' id='word_1_201' title='bbox 1638 1339 2030 1376; x_wconf 72' lang='grc' dir='ltr'><strong>ΟΑεΑυΒοΝ.</strong></span> 
     </span>
     <span class='ocr_line' id='line_1_20' title="bbox 311 1444 2337 1497; baseline 0 -14"><span class='ocrx_word' id='word_1_202' title='bbox 311 1447 560 1484; x_wconf 74' lang='lat' dir='ltr'>Mirmillonum</span> <span class='ocrx_word' id='word_1_203' title='bbox 570 1458 657 1484; x_wconf 80' lang='lat' dir='ltr'>arm.</span> <span class='ocrx_word' id='word_1_204' title='bbox 675 1444 846 1496; x_wconf 81' lang='lat' dir='ltr'>rescidit.]</span> <span class='ocrx_word' id='word_1_205' title='bbox 879 1447 979 1495; x_wconf 77' lang='lat' dir='ltr'>Lego</span> <span class='ocrx_word' id='word_1_206' title='bbox 990 1446 1129 1490; x_wconf 79' lang='lat' dir='ltr'>recidit,</span> <span class='ocrx_word' id='word_1_207' title='bbox 1147 1456 1182 1483; x_wconf 90' lang='lat' dir='ltr'>ut</span> <span class='ocrx_word' id='word_1_208' title='bbox 1200 1456 1278 1482; x_wconf 87' lang='lat' dir='ltr'>ante</span> <span class='ocrx_word' id='word_1_209' title='bbox 1386 1448 1561 1495; x_wconf 78' lang='lat' dir='ltr'>Agitatori</span> <span class='ocrx_word' id='word_1_210' title='bbox 1586 1447 1724 1497; x_wconf 74' lang='lat' dir='ltr'>Cythico</span> <span class='ocrx_word' id='word_1_211' title='bbox 1744 1447 1800 1496; x_wconf 89' lang='lat' dir='ltr'>c.]</span> <span class='ocrx_word' id='word_1_212' title='bbox 1842 1451 1891 1485; x_wconf 84' lang='lat' dir='ltr'>Ex</span> <span class='ocrx_word' id='word_1_213' title='bbox 1916 1445 2071 1497; x_wconf 64' lang='lat' dir='ltr'>&#39;vestigiis</span> <span class='ocrx_word' id='word_1_214' title='bbox 2101 1456 2265 1497; x_wconf 78' lang='lat' dir='ltr'>corrupta:</span> <span class='ocrx_word' id='word_1_215' title='bbox 2291 1445 2337 1483; x_wconf 83' lang='lat' dir='ltr'>le-</span> 
     </span>
     <span class='ocr_line' id='line_1_21' title="bbox 254 1495 2338 1550; baseline -0.001 -17"><span class='ocrx_word' id='word_1_216' title='bbox 254 1507 332 1548; x_wconf 65' lang='grc' dir='ltr'>(τῳ.</span> <span class='ocrx_word' id='word_1_217' title='bbox 345 1509 448 1535; x_wconf 81' lang='lat' dir='ltr'>xL1v.</span> <span class='ocrx_word' id='word_1_218' title='bbox 487 1501 523 1534; x_wconf 79' lang='grc' dir='ltr'>ὅ(</span> <span class='ocrx_word' id='word_1_219' title='bbox 541 1497 624 1535; x_wconf 87' lang='lat' dir='ltr'>Tib.</span> <span class='ocrx_word' id='word_1_220' title='bbox 643 1510 717 1547; x_wconf 84' lang='lat' dir='ltr'>cap.</span> <span class='ocrx_word' id='word_1_221' title='bbox 732 1511 858 1536; x_wconf 82' lang='lat' dir='ltr'>xxxiv.</span> <span class='ocrx_word' id='word_1_222' title='bbox 1328 1495 1448 1534; x_wconf 70' lang='lat' dir='ltr'>&amp;tionis</span> <span class='ocrx_word' id='word_1_223' title='bbox 1466 1499 1501 1534; x_wconf 90' lang='lat' dir='ltr'>in</span> <span class='ocrx_word' id='word_1_224' title='bbox 1520 1501 1663 1550; x_wconf 84' lang='lat' dir='ltr'>antiquis</span> <span class='ocrx_word' id='word_1_225' title='bbox 1686 1498 1778 1536; x_wconf 90' lang='lat' dir='ltr'>libris</span> <span class='ocrx_word' id='word_1_226' title='bbox 1795 1529 1807 1543; x_wconf 93' lang='lat'>,</span> <span class='ocrx_word' id='word_1_227' title='bbox 1851 1498 1926 1535; x_wconf 81' lang='lat' dir='ltr'>satis</span> <span class='ocrx_word' id='word_1_228' title='bbox 1952 1509 2085 1534; x_wconf 88' lang='lat' dir='ltr'>certum</span> <span class='ocrx_word' id='word_1_229' title='bbox 2112 1496 2160 1533; x_wconf 88' lang='lat' dir='ltr'>est</span> <span class='ocrx_word' id='word_1_230' title='bbox 2188 1495 2338 1544; x_wconf 63' lang='lat' dir='ltr'>Eutycho</span> 
     </span>
    </p>
   </div>
   <div class='ocr_carea' id='block_1_4' title="bbox 254 1595 1507 1948">
    <p class='ocr_par' dir='ltr' id='par_1_5' title="bbox 254 1595 1507 1749">
     <span class='ocr_line' id='line_1_22' title="bbox 254 1595 1507 1644; baseline 0.002 -12"><span class='ocrx_word' id='word_1_231' title='bbox 254 1610 340 1633; x_wconf 83' lang='lat' dir='ltr'>cum</span> <span class='ocrx_word' id='word_1_232' title='bbox 359 1596 501 1634; x_wconf 61' lang='lat' dir='ltr'>faitioni</span> <span class='ocrx_word' id='word_1_233' title='bbox 519 1595 672 1642; x_wconf 82' lang='lat' dir='ltr'>faveret,</span> <span class='ocrx_word' id='word_1_234' title='bbox 708 1609 744 1634; x_wconf 90' lang='lat' dir='ltr'>ut</span> <span class='ocrx_word' id='word_1_235' title='bbox 760 1598 796 1634; x_wconf 90' lang='lat' dir='ltr'>in</span> <span class='ocrx_word' id='word_1_236' title='bbox 813 1599 916 1634; x_wconf 90' lang='lat' dir='ltr'>Circo</span> <span class='ocrx_word' id='word_1_237' title='bbox 950 1596 1108 1634; x_wconf 80' lang='lat' dir='ltr'>Prasinae.</span> <span class='ocrx_word' id='word_1_238' title='bbox 1165 1598 1276 1632; x_wconf 88' lang='lat' dir='ltr'>Porro</span> <span class='ocrx_word' id='word_1_239' title='bbox 1323 1595 1461 1644; x_wconf 71' lang='lat' dir='ltr'>pythico</span> <span class='ocrx_word' id='word_1_240' title='bbox 1481 1613 1507 1636; x_wconf 84' lang='lat' dir='ltr'>c.</span> 
     </span>
     <span class='ocr_line' id='line_1_23' title="bbox 258 1646 1276 1699; baseline 0.002 -17"><span class='ocrx_word' id='word_1_241' title='bbox 258 1657 297 1683; x_wconf 86' lang='lat' dir='ltr'>ut</span> <span class='ocrx_word' id='word_1_242' title='bbox 316 1646 369 1683; x_wconf 84' lang='lat' dir='ltr'>hic</span> <span class='ocrx_word' id='word_1_243' title='bbox 391 1647 585 1686; x_wconf 89' lang='lat' dir='ltr'>Columbus</span> <span class='ocrx_word' id='word_1_244' title='bbox 601 1677 612 1693; x_wconf 93' lang='lat'><em>,</em></span> <span class='ocrx_word' id='word_1_245' title='bbox 660 1647 707 1684; x_wconf 84' lang='lat' dir='ltr'>fic</span> <span class='ocrx_word' id='word_1_246' title='bbox 727 1652 765 1685; x_wconf 75' lang='grc' dir='ltr'>ὃ(</span> <span class='ocrx_word' id='word_1_247' title='bbox 786 1647 974 1686; x_wconf 81' lang='lat' dir='ltr'>Palumbus</span> <span class='ocrx_word' id='word_1_248' title='bbox 998 1647 1194 1699; x_wconf 82' lang='lat' dir='ltr'>gladiatoris</span> <span class='ocrx_word' id='word_1_249' title='bbox 1215 1659 1276 1684; x_wconf 91' lang='lat' dir='ltr'>no-</span> 
     </span>
     <span class='ocr_line' id='line_1_24' title="bbox 256 1697 698 1749; baseline 0.005 -16"><span class='ocrx_word' id='word_1_250' title='bbox 256 1709 343 1734; x_wconf 87' lang='lat' dir='ltr'>men</span> <span class='ocrx_word' id='word_1_251' title='bbox 363 1697 488 1735; x_wconf 85' lang='lat' dir='ltr'>Claud.</span> <span class='ocrx_word' id='word_1_252' title='bbox 508 1710 581 1749; x_wconf 88' lang='lat' dir='ltr'>cap.</span> <span class='ocrx_word' id='word_1_253' title='bbox 593 1712 656 1735; x_wconf 82' lang='lat' dir='ltr'>xxi</span> <span class='ocrx_word' id='word_1_254' title='bbox 670 1712 698 1736; x_wconf 85' lang='lat'>1.</span> 
     </span>
    </p>

    <p class='ocr_par' dir='ltr' id='par_1_6' title="bbox 259 1746 1278 1948">
     <span class='ocr_line' id='line_1_25' title="bbox 315 1746 1276 1798; baseline 0 -15"><span class='ocrx_word' id='word_1_255' title='bbox 315 1748 492 1796; x_wconf 81' lang='lat' dir='ltr'>Agitatori</span> <span class='ocrx_word' id='word_1_256' title='bbox 508 1747 696 1798; x_wconf 58' lang='lat' dir='ltr'>Eutycho]</span> <span class='ocrx_word' id='word_1_257' title='bbox 744 1748 842 1786; x_wconf 85' lang='lat' dir='ltr'>Nihil</span> <span class='ocrx_word' id='word_1_258' title='bbox 859 1759 970 1786; x_wconf 90' lang='lat' dir='ltr'>muto.</span> <span class='ocrx_word' id='word_1_259' title='bbox 1004 1746 1151 1786; x_wconf 86' lang='lat' dir='ltr'>faustum</span> <span class='ocrx_word' id='word_1_260' title='bbox 1180 1748 1276 1784; x_wconf 85' lang='lat' dir='ltr'>enim</span> 
     </span>
     <span class='ocr_line' id='line_1_26' title="bbox 259 1797 1278 1850; baseline 0.001 -18"><span class='ocrx_word' id='word_1_261' title='bbox 259 1797 435 1846; x_wconf 77' lang='lat' dir='ltr'>agitatoris</span> <span class='ocrx_word' id='word_1_262' title='bbox 457 1811 590 1836; x_wconf 89' lang='lat' dir='ltr'>nomen</span> <span class='ocrx_word' id='word_1_263' title='bbox 608 1829 620 1843; x_wconf 92' lang='lat'><em>,</em></span> <span class='ocrx_word' id='word_1_264' title='bbox 655 1810 691 1836; x_wconf 93' lang='lat' dir='ltr'>ut</span> <span class='ocrx_word' id='word_1_265' title='bbox 716 1800 804 1849; x_wconf 85' lang='lat' dir='ltr'>Aug.</span> <span class='ocrx_word' id='word_1_266' title='bbox 828 1812 901 1850; x_wconf 88' lang='lat' dir='ltr'>cap.</span> <span class='ocrx_word' id='word_1_267' title='bbox 920 1812 1020 1837; x_wconf 85' lang='lat' dir='ltr'>xcvl.</span> <span class='ocrx_word' id='word_1_268' title='bbox 1049 1802 1087 1835; x_wconf 72' lang='grc' dir='ltr'>δε</span> <span class='ocrx_word' id='word_1_269' title='bbox 1112 1798 1278 1835; x_wconf 89' lang='lat' dir='ltr'>consentit</span> 
     </span>
     <span class='ocr_line' id='line_1_27' title="bbox 262 1846 1277 1900; baseline 0 -16"><span class='ocrx_word' id='word_1_270' title='bbox 262 1846 398 1897; x_wconf 84' lang='lat' dir='ltr'>Joseph.</span> <span class='ocrx_word' id='word_1_271' title='bbox 425 1849 483 1887; x_wconf 85' lang='lat' dir='ltr'>lib.</span> <span class='ocrx_word' id='word_1_272' title='bbox 509 1864 587 1887; x_wconf 78' lang='lat' dir='ltr'>xix.</span> <span class='ocrx_word' id='word_1_273' title='bbox 640 1850 735 1887; x_wconf 84' lang='lat' dir='ltr'>Libri</span> <span class='ocrx_word' id='word_1_274' title='bbox 754 1850 864 1900; x_wconf 86' lang='lat' dir='ltr'>scripti</span> <span class='ocrx_word' id='word_1_275' title='bbox 883 1861 1003 1887; x_wconf 85' lang='lat' dir='ltr'>tamen</span> <span class='ocrx_word' id='word_1_276' title='bbox 1033 1849 1204 1898; x_wconf 64' lang='lat' dir='ltr'>cythim,</span> <span class='ocrx_word' id='word_1_277' title='bbox 1240 1851 1277 1884; x_wconf 73' lang='grc' dir='ltr'>ὃ(</span> 
     </span>
     <span class='ocr_line' id='line_1_28' title="bbox 263 1899 760 1948; baseline 0.01 -16"><span class='ocrx_word' id='word_1_278' title='bbox 263 1900 409 1945; x_wconf 69' lang='lat' dir='ltr'>Scytiw,</span> <span class='ocrx_word' id='word_1_279' title='bbox 437 1902 475 1935; x_wconf 63' lang='grc' dir='ltr'>ὃς</span> <span class='ocrx_word' id='word_1_280' title='bbox 491 1901 604 1948; x_wconf 86' lang='lat' dir='ltr'>Cycico</span> <span class='ocrx_word' id='word_1_281' title='bbox 622 1899 760 1938; x_wconf 76' lang='lat' dir='ltr'>liabent.</span> 
     </span>
    </p>
   </div>
   <div class='ocr_carea' id='block_1_5' title="bbox 320 1948 940 2048">
    <p class='ocr_par' dir='ltr' id='par_1_7' title="bbox 320 1948 940 2048">
     <span class='ocr_line' id='line_1_29' title="bbox 320 1948 940 2047; baseline 0.008 -64"><span class='ocrx_word' id='word_1_282' title='bbox 320 1953 362 1984; x_wconf 77' lang='lat' dir='ltr'>ln</span> <span class='ocrx_word' id='word_1_283' title='bbox 379 1948 620 2047; x_wconf 32' lang='lat' dir='ltr'>apophoretis}</span> <span class='ocrx_word' id='word_1_284' title='bbox 650 1951 735 2001; x_wconf 85' lang='lat' dir='ltr'>Aug.</span> <span class='ocrx_word' id='word_1_285' title='bbox 751 1962 940 2000; x_wconf 80' lang='lat' dir='ltr'>cap.1.xxv.</span> 
     </span>
     <span class='ocr_line' id='line_1_30' title="bbox 321 2000 596 2048; baseline 0.007 -15"><span class='ocrx_word' id='word_1_286' title='bbox 321 2000 487 2042; x_wconf 83' lang='lat' dir='ltr'>1ncitato,</span> <span class='ocrx_word' id='word_1_287' title='bbox 505 2012 596 2048; x_wconf 81' lang='lat' dir='ltr'>equo.</span> 
     </span>
    </p>
   </div>
   <div class='ocr_carea' id='block_1_6' title="bbox 1327 1643 2346 2053">
    <p class='ocr_par' dir='ltr' id='par_1_8' title="bbox 1327 1643 2344 1902">
     <span class='ocr_line' id='line_1_31' title="bbox 1382 1643 2342 1700; baseline -0.001 -17"><span class='ocrx_word' id='word_1_288' title='bbox 1382 1648 1528 1685; x_wconf 77' lang='lat' dir='ltr'>Incitato</span> <span class='ocrx_word' id='word_1_289' title='bbox 1546 1649 1664 1698; x_wconf 58' lang='lat' dir='ltr'>equa]</span> <span class='ocrx_word' id='word_1_290' title='bbox 1692 1653 1822 1700; x_wconf 66' lang='lat' dir='ltr'>Magna</span> <span class='ocrx_word' id='word_1_291' title='bbox 1846 1649 1997 1687; x_wconf 87' lang='lat' dir='ltr'>hominis</span> <span class='ocrx_word' id='word_1_292' title='bbox 2021 1648 2116 1686; x_wconf 69' lang='lat' dir='ltr'>docti</span> <span class='ocrx_word' id='word_1_293' title='bbox 2136 1650 2173 1685; x_wconf 87' lang='lat'>&amp;</span> <span class='ocrx_word' id='word_1_294' title='bbox 2194 1643 2342 1683; x_wconf 81' lang='lat' dir='ltr'>historiae</span> 
     </span>
     <span class='ocr_line' id='line_1_32' title="bbox 1327 1695 2344 1743; baseline -0.003 -8"><span class='ocrx_word' id='word_1_295' title='bbox 1327 1699 1501 1737; x_wconf 81' lang='lat' dir='ltr'>Romanae</span> <span class='ocrx_word' id='word_1_296' title='bbox 1521 1699 1743 1738; x_wconf 81' lang='lat' dir='ltr'>callentiffimi</span> <span class='ocrx_word' id='word_1_297' title='bbox 1760 1695 1982 1738; x_wconf 66' lang='lat' dir='ltr'>hallucinatio</span> <span class='ocrx_word' id='word_1_298' title='bbox 2005 1728 2017 1743; x_wconf 94' lang='lat'><em>,</em></span> <span class='ocrx_word' id='word_1_299' title='bbox 2058 1711 2132 1737; x_wconf 87' lang='lat' dir='ltr'>non</span> <span class='ocrx_word' id='word_1_300' title='bbox 2161 1710 2232 1734; x_wconf 92' lang='lat' dir='ltr'>uno</span> <span class='ocrx_word' id='word_1_301' title='bbox 2261 1695 2344 1733; x_wconf 90' lang='lat' dir='ltr'>loco</span> 
     </span>
     <span class='ocr_line' id='line_1_33' title="bbox 1328 1746 2342 1799; baseline 0.001 -16"><span class='ocrx_word' id='word_1_302' title='bbox 1328 1746 1535 1786; x_wconf 82' lang='lat' dir='ltr'>affirmantis</span> <span class='ocrx_word' id='word_1_303' title='bbox 1552 1750 1769 1790; x_wconf 88' lang='lat' dir='ltr'>scribendum</span> <span class='ocrx_word' id='word_1_304' title='bbox 1789 1749 1853 1788; x_wconf 74' lang='lat' dir='ltr'>esse</span> <span class='ocrx_word' id='word_1_305' title='bbox 1877 1751 2020 1788; x_wconf 82' lang='lat' dir='ltr'>Incitato</span> <span class='ocrx_word' id='word_1_306' title='bbox 2044 1762 2138 1799; x_wconf 80' lang='lat' dir='ltr'>equo.</span> <span class='ocrx_word' id='word_1_307' title='bbox 2174 1746 2342 1784; x_wconf 80' lang='lat' dir='ltr'>nimirum</span> 
     </span>
     <span class='ocr_line' id='line_1_34' title="bbox 1328 1795 2344 1852; baseline 0.001 -19"><span class='ocrx_word' id='word_1_308' title='bbox 1328 1798 1453 1836; x_wconf 86' lang='lat' dir='ltr'>oblitus</span> <span class='ocrx_word' id='word_1_309' title='bbox 1473 1812 1543 1838; x_wconf 89' lang='lat' dir='ltr'>erat</span> <span class='ocrx_word' id='word_1_310' title='bbox 1560 1814 1681 1839; x_wconf 88' lang='lat' dir='ltr'>eorum</span> <span class='ocrx_word' id='word_1_311' title='bbox 1693 1831 1704 1845; x_wconf 92' lang='lat'>‚</span> <span class='ocrx_word' id='word_1_312' title='bbox 1732 1815 1808 1852; x_wconf 80' lang='lat' dir='ltr'>quae</span> <span class='ocrx_word' id='word_1_313' title='bbox 1831 1801 1966 1852; x_wconf 85' lang='lat' dir='ltr'>pridem</span> <span class='ocrx_word' id='word_1_314' title='bbox 1983 1800 2073 1852; x_wconf 89' lang='lat' dir='ltr'>apud</span> <span class='ocrx_word' id='word_1_315' title='bbox 2092 1799 2252 1836; x_wconf 89' lang='lat' dir='ltr'>Dionem</span> <span class='ocrx_word' id='word_1_316' title='bbox 2268 1795 2344 1834; x_wconf 69' lang='lat' dir='ltr'>abss</span> 
     </span>
     <span class='ocr_line' id='line_1_35' title="bbox 1328 1849 1927 1902; baseline 0.008 -18"><span class='ocrx_word' id='word_1_317' title='bbox 1328 1862 1394 1898; x_wconf 88' lang='lat' dir='ltr'>que</span> <span class='ocrx_word' id='word_1_318' title='bbox 1412 1849 1521 1888; x_wconf 89' lang='lat' dir='ltr'>dubio</span> <span class='ocrx_word' id='word_1_319' title='bbox 1536 1852 1665 1901; x_wconf 70' lang='lat' dir='ltr'>legerat</span> <span class='ocrx_word' id='word_1_320' title='bbox 1680 1852 1723 1890; x_wconf 91' lang='lat' dir='ltr'>de</span> <span class='ocrx_word' id='word_1_321' title='bbox 1742 1853 1811 1890; x_wconf 88' lang='lat' dir='ltr'>hoc</span> <span class='ocrx_word' id='word_1_322' title='bbox 1827 1865 1927 1902; x_wconf 89' lang='lat' dir='ltr'>equo.</span> 
     </span>
    </p>

    <p class='ocr_par' dir='ltr' id='par_1_9' title="bbox 1327 1899 2346 2053">
     <span class='ocr_line' id='line_1_36' title="bbox 1383 1899 2345 1951; baseline -0.001 -15"><span class='ocrx_word' id='word_1_323' title='bbox 1383 1904 1530 1938; x_wconf 82' lang='lat' dir='ltr'>Nomine</span> <span class='ocrx_word' id='word_1_324' title='bbox 1547 1916 1612 1951; x_wconf 68' lang='lat' dir='ltr'>ejus</span> <span class='ocrx_word' id='word_1_325' title='bbox 1629 1903 1813 1949; x_wconf 84' lang='lat' dir='ltr'>invitati.]</span> <span class='ocrx_word' id='word_1_326' title='bbox 1866 1906 1907 1939; x_wconf 88' lang='lat' dir='ltr'>Et</span> <span class='ocrx_word' id='word_1_327' title='bbox 1931 1902 2066 1940; x_wconf 87' lang='lat' dir='ltr'>Incitati</span> <span class='ocrx_word' id='word_1_328' title='bbox 2095 1899 2173 1951; x_wconf 88' lang='lat' dir='ltr'>equi</span> <span class='ocrx_word' id='word_1_329' title='bbox 2200 1900 2345 1936; x_wconf 89' lang='lat' dir='ltr'>nomine</span> 
     </span>
     <span class='ocr_line' id='line_1_37' title="bbox 1327 1948 2342 2002; baseline 0.003 -18"><span class='ocrx_word' id='word_1_330' title='bbox 1327 1948 1382 1985; x_wconf 84' lang='lat' dir='ltr'>alii</span> <span class='ocrx_word' id='word_1_331' title='bbox 1400 1951 1532 1989; x_wconf 86' lang='lat' dir='ltr'>invitari</span> <span class='ocrx_word' id='word_1_332' title='bbox 1551 1952 1656 1997; x_wconf 88' lang='lat' dir='ltr'>soliti,</span> <span class='ocrx_word' id='word_1_333' title='bbox 1685 1958 1721 1991; x_wconf 65' lang='grc' dir='ltr'>ὃς</span> <span class='ocrx_word' id='word_1_334' title='bbox 1737 1953 1806 2002; x_wconf 88' lang='lat' dir='ltr'>ipse</span> <span class='ocrx_word' id='word_1_335' title='bbox 1822 1955 1984 1990; x_wconf 85' lang='lat' dir='ltr'>Incitatus</span> <span class='ocrx_word' id='word_1_336' title='bbox 2003 1965 2022 1989; x_wconf 87' lang='lat' dir='ltr'>a</span> <span class='ocrx_word' id='word_1_337' title='bbox 2039 1951 2205 2001; x_wconf 85' lang='lat' dir='ltr'>Principe.</span> <span class='ocrx_word' id='word_1_338' title='bbox 2246 1950 2342 1994; x_wconf 81' lang='lat' dir='ltr'>Dio,</span> 
     </span>
     <span class='ocr_line' id='line_1_38' title="bbox 1328 1998 2346 2053; baseline 0.002 -18"><span class='ocrx_word' id='word_1_339' title='bbox 1328 1998 1384 2035; x_wconf 65' lang='grc' dir='ltr'>ἕνα</span> <span class='ocrx_word' id='word_1_340' title='bbox 1405 2001 1453 2037; x_wconf 72' lang='grc' dir='ltr'>τὸν</span> <span class='ocrx_word' id='word_1_341' title='bbox 1468 2003 1575 2040; x_wconf 69' lang='grc' dir='ltr'><strong><em>ἵππον</em></strong></span> <span class='ocrx_word' id='word_1_342' title='bbox 1603 2002 1632 2040; x_wconf 73' lang='grc' dir='ltr'>ἓν</span> <span class='ocrx_word' id='word_1_343' title='bbox 1652 2004 1840 2048; x_wconf 73' lang='grc' dir='ltr'>Ἰγκίτοιτον</span> <span class='ocrx_word' id='word_1_344' title='bbox 1860 2003 2018 2053; x_wconf 75' lang='grc' dir='ltr'>ῶνῶμοιζε</span> <span class='ocrx_word' id='word_1_345' title='bbox 2029 2030 2042 2046; x_wconf 90' lang='lat'><em>,</em></span> <span class='ocrx_word' id='word_1_346' title='bbox 2064 2001 2124 2038; x_wconf 64' lang='grc' dir='ltr'>καὶ</span> <span class='ocrx_word' id='word_1_347' title='bbox 2147 1998 2346 2038; x_wconf 65' lang='grc' dir='ltr'><strong><em>ἶπὶδεῖπνω</em></strong></span> 
     </span>
    </p>
   </div>
   <div class='ocr_carea' id='block_1_7' title="bbox 654 2001 1458 2091">
    <p class='ocr_par' dir='ltr' id='par_1_10' title="bbox 654 2001 1458 2091">
     <span class='ocr_line' id='line_1_39' title="bbox 654 2001 1391 2061; baseline 0.003 -25"><span class='ocrx_word' id='word_1_348' title='bbox 654 2001 705 2036; x_wconf 86' lang='lat' dir='ltr'>Sic</span> <span class='ocrx_word' id='word_1_349' title='bbox 722 2004 759 2038; x_wconf 73' lang='grc' dir='ltr'>δε</span> <span class='ocrx_word' id='word_1_350' title='bbox 779 2005 821 2038; x_wconf 91' lang='lat' dir='ltr'>L.</span> <span class='ocrx_word' id='word_1_351' title='bbox 840 2003 954 2038; x_wconf 88' lang='lat' dir='ltr'>Verus</span> <span class='ocrx_word' id='word_1_352' title='bbox 970 2001 1162 2038; x_wconf 85' lang='lat' dir='ltr'>Antoninus</span> <span class='ocrx_word' id='word_1_353' title='bbox 1188 2013 1278 2050; x_wconf 91' lang='lat' dir='ltr'>equo</span> <span class='ocrx_word' id='word_1_354' title='bbox 1334 2048 1343 2060; x_wconf 58' lang='lat'><strong>‚</strong></span> <span class='ocrx_word' id='word_1_355' title='bbox 1383 2050 1391 2061; x_wconf 49' lang='grc' dir='ltr'><em>Ι</em></span> 
     </span>
     <span class='ocr_line' id='line_1_40' title="bbox 1330 2061 1458 2091; baseline 0.039 -8"><span class='ocrx_word' id='word_1_356' title='bbox 1330 2061 1458 2091; x_wconf 56' lang='lat' dir='ltr'>emanet.</span> 
     </span>
    </p>
   </div>
   <div class='ocr_carea' id='block_1_8' title="bbox 262 2047 1287 2350">
    <p class='ocr_par' dir='ltr' id='par_1_11' title="bbox 262 2047 1287 2350">
     <span class='ocr_line' id='line_1_41' title="bbox 265 2047 1279 2093; baseline 0.002 -8"><span class='ocrx_word' id='word_1_357' title='bbox 265 2048 321 2085; x_wconf 85' lang='lat' dir='ltr'>cui</span> <span class='ocrx_word' id='word_1_358' title='bbox 339 2047 492 2086; x_wconf 90' lang='lat' dir='ltr'>Volucer</span> <span class='ocrx_word' id='word_1_359' title='bbox 509 2062 646 2086; x_wconf 89' lang='lat' dir='ltr'>nomen</span> <span class='ocrx_word' id='word_1_360' title='bbox 656 2062 747 2093; x_wconf 88' lang='lat' dir='ltr'>erat,</span> <span class='ocrx_word' id='word_1_361' title='bbox 766 2063 910 2087; x_wconf 86' lang='lat' dir='ltr'>aureum</span> <span class='ocrx_word' id='word_1_362' title='bbox 918 2051 1279 2091; x_wconf 83' lang='lat' dir='ltr'>viventifimulacrum</span> 
     </span>
     <span class='ocr_line' id='line_1_42' title="bbox 262 2098 1279 2150; baseline 0.004 -16"><span class='ocrx_word' id='word_1_363' title='bbox 262 2098 369 2142; x_wconf 86' lang='lat' dir='ltr'>fecit,</span> <span class='ocrx_word' id='word_1_364' title='bbox 396 2103 435 2135; x_wconf 89' lang='lat'>&amp;</span> <span class='ocrx_word' id='word_1_365' title='bbox 452 2110 593 2137; x_wconf 87' lang='lat' dir='ltr'>mortuo</span> <span class='ocrx_word' id='word_1_366' title='bbox 609 2099 799 2150; x_wconf 86' lang='lat' dir='ltr'>sepulcrum</span> <span class='ocrx_word' id='word_1_367' title='bbox 819 2101 933 2137; x_wconf 87' lang='lat' dir='ltr'>erexit.</span> <span class='ocrx_word' id='word_1_368' title='bbox 991 2106 1112 2138; x_wconf 83' lang='lat' dir='ltr'>Errant</span> <span class='ocrx_word' id='word_1_369' title='bbox 1128 2114 1213 2138; x_wconf 88' lang='lat' dir='ltr'>vero</span> <span class='ocrx_word' id='word_1_370' title='bbox 1228 2103 1279 2138; x_wconf 88' lang='lat' dir='ltr'>in-</span> 
     </span>
     <span class='ocr_line' id='line_1_43' title="bbox 269 2151 1280 2200; baseline 0.004 -14"><span class='ocrx_word' id='word_1_371' title='bbox 269 2160 435 2198; x_wconf 87' lang='lat' dir='ltr'>terpretes</span> <span class='ocrx_word' id='word_1_372' title='bbox 451 2178 464 2193; x_wconf 85' lang='lat'><em>,</em></span> <span class='ocrx_word' id='word_1_373' title='bbox 509 2151 567 2200; x_wconf 84' lang='lat' dir='ltr'>qui</span> <span class='ocrx_word' id='word_1_374' title='bbox 593 2152 670 2200; x_wconf 88' lang='lat' dir='ltr'>equi</span> <span class='ocrx_word' id='word_1_375' title='bbox 694 2163 828 2188; x_wconf 88' lang='lat' dir='ltr'>nomen</span> <span class='ocrx_word' id='word_1_376' title='bbox 854 2151 1011 2199; x_wconf 74' lang='lat' dir='ltr'>agitatori</span> <span class='ocrx_word' id='word_1_377' title='bbox 1038 2152 1091 2188; x_wconf 78' lang='lat' dir='ltr'>hic</span> <span class='ocrx_word' id='word_1_378' title='bbox 1119 2151 1280 2190; x_wconf 87' lang='lat' dir='ltr'>tribuunt.</span> 
     </span>
     <span class='ocr_line' id='line_1_44' title="bbox 267 2201 1282 2250; baseline 0.003 -16"><span class='ocrx_word' id='word_1_379' title='bbox 267 2201 481 2249; x_wconf 73' lang='lat' dir='ltr'>Quanquam</span> <span class='ocrx_word' id='word_1_380' title='bbox 501 2201 665 2237; x_wconf 81' lang='lat' dir='ltr'>Incitatus</span> <span class='ocrx_word' id='word_1_381' title='bbox 689 2205 725 2238; x_wconf 76' lang='grc' dir='ltr'>δε</span> <span class='ocrx_word' id='word_1_382' title='bbox 749 2201 878 2250; x_wconf 79' lang='lat' dir='ltr'>egregii</span> <span class='ocrx_word' id='word_1_383' title='bbox 899 2202 1096 2250; x_wconf 78' lang='lat' dir='ltr'>agitatoris,</span> <span class='ocrx_word' id='word_1_384' title='bbox 1142 2205 1180 2237; x_wconf 72' lang='grc' dir='ltr'>δε</span> <span class='ocrx_word' id='word_1_385' title='bbox 1208 2215 1282 2237; x_wconf 89' lang='lat' dir='ltr'>mu-</span> 
     </span>
     <span class='ocr_line' id='line_1_45' title="bbox 265 2248 1284 2301; baseline 0.005 -16"><span class='ocrx_word' id='word_1_386' title='bbox 265 2248 369 2286; x_wconf 79' lang='lat' dir='ltr'>lionis</span> <span class='ocrx_word' id='word_1_387' title='bbox 390 2262 524 2287; x_wconf 88' lang='lat' dir='ltr'>nomen</span> <span class='ocrx_word' id='word_1_388' title='bbox 541 2251 588 2287; x_wconf 91' lang='lat' dir='ltr'>est</span> <span class='ocrx_word' id='word_1_389' title='bbox 614 2251 704 2299; x_wconf 82' lang='lat' dir='ltr'>apud</span> <span class='ocrx_word' id='word_1_390' title='bbox 727 2251 923 2288; x_wconf 66' lang='lat' dir='ltr'>Martialem</span> <span class='ocrx_word' id='word_1_391' title='bbox 946 2252 1003 2288; x_wconf 91' lang='lat' dir='ltr'>lib.</span> <span class='ocrx_word' id='word_1_392' title='bbox 1020 2266 1076 2288; x_wconf 83' lang='lat' dir='ltr'>xr.</span> <span class='ocrx_word' id='word_1_393' title='bbox 1113 2252 1225 2301; x_wconf 80' lang='lat' dir='ltr'>Epigr.</span> <span class='ocrx_word' id='word_1_394' title='bbox 1257 2267 1284 2290; x_wconf 88' lang='lat'>1.</span> 
     </span>
     <span class='ocr_line' id='line_1_46' title="bbox 270 2298 1287 2350; baseline 0.001 -14"><span class='ocrx_word' id='word_1_395' title='bbox 270 2303 310 2336; x_wconf 70' lang='grc' dir='ltr'>δι</span> <span class='ocrx_word' id='word_1_396' title='bbox 330 2298 387 2336; x_wconf 87' lang='lat' dir='ltr'>lib.</span> <span class='ocrx_word' id='word_1_397' title='bbox 402 2314 433 2338; x_wconf 89' lang='lat' dir='ltr'>x.</span> <span class='ocrx_word' id='word_1_398' title='bbox 463 2302 558 2350; x_wconf 79' lang='lat' dir='ltr'>Epig.</span> <span class='ocrx_word' id='word_1_399' title='bbox 576 2313 700 2339; x_wconf 78' lang='lat' dir='ltr'>Lxxv1.</span> <span class='ocrx_word' id='word_1_400' title='bbox 713 2299 775 2337; x_wconf 88' lang='lat' dir='ltr'>nifi</span> <span class='ocrx_word' id='word_1_401' title='bbox 795 2300 946 2338; x_wconf 88' lang='lat' dir='ltr'>eundern</span> <span class='ocrx_word' id='word_1_402' title='bbox 964 2313 1086 2338; x_wconf 84' lang='lat' dir='ltr'>tamen</span> <span class='ocrx_word' id='word_1_403' title='bbox 1103 2301 1287 2339; x_wconf 88' lang='lat' dir='ltr'>hominem</span> 
     </span>
    </p>
   </div>
   <div class='ocr_carea' id='block_1_9' title="bbox 272 1543 2351 3114">
    <p class='ocr_par' dir='ltr' id='par_1_12' title="bbox 272 1543 2351 3114">
     <span class='ocr_line' id='line_1_47' title="bbox 312 1543 2340 1597; baseline 0 -15"><span class='ocrx_word' id='word_1_404' title='bbox 312 1546 514 1595; x_wconf 62' lang='lat' dir='ltr'>Columba]</span> <span class='ocrx_word' id='word_1_405' title='bbox 557 1549 759 1585; x_wconf 88' lang='lat' dir='ltr'>Mirmilloni</span> <span class='ocrx_word' id='word_1_406' title='bbox 776 1560 904 1597; x_wconf 86' lang='lat' dir='ltr'>nempe</span> <span class='ocrx_word' id='word_1_407' title='bbox 921 1575 935 1592; x_wconf 93' lang='lat'>,</span> <span class='ocrx_word' id='word_1_408' title='bbox 971 1544 1138 1597; x_wconf 87' lang='lat' dir='ltr'>cumipse</span> <span class='ocrx_word' id='word_1_409' title='bbox 1167 1543 1279 1582; x_wconf 82' lang='lat' dir='ltr'>Thra-</span> <span class='ocrx_word' id='word_1_410' title='bbox 1326 1545 1422 1583; x_wconf 87' lang='lat' dir='ltr'>scribi</span> <span class='ocrx_word' id='word_1_411' title='bbox 1444 1547 1582 1587; x_wconf 74' lang='lat' dir='ltr'>debere.</span> <span class='ocrx_word' id='word_1_412' title='bbox 1639 1549 1795 1587; x_wconf 85' lang='lat' dir='ltr'>Politiani</span> <span class='ocrx_word' id='word_1_413' title='bbox 1815 1559 1935 1586; x_wconf 86' lang='lat' dir='ltr'>tamen</span> <span class='ocrx_word' id='word_1_414' title='bbox 1952 1547 2037 1587; x_wconf 87' lang='lat' dir='ltr'>liber</span> <span class='ocrx_word' id='word_1_415' title='bbox 2058 1546 2103 1584; x_wconf 86' lang='lat' dir='ltr'>fic</span> <span class='ocrx_word' id='word_1_416' title='bbox 2126 1562 2136 1584; x_wconf 73' lang='grc' dir='ltr'>ι</span> <span class='ocrx_word' id='word_1_417' title='bbox 2164 1545 2340 1595; x_wconf 74' lang='lat' dir='ltr'>Agitatori</span> 
     </span>
     <span class='ocr_line' id='line_1_48' title="bbox 1385 2099 2348 2152; baseline 0.001 -16"><span class='ocrx_word' id='word_1_418' title='bbox 1385 2102 1606 2150; x_wconf 77' lang='lat' dir='ltr'>Consulatum</span> <span class='ocrx_word' id='word_1_419' title='bbox 1624 2117 1685 2152; x_wconf 80' lang='lat' dir='ltr'>quo</span> <span class='ocrx_word' id='word_1_420' title='bbox 1710 2118 1748 2140; x_wconf 88' lang='lat' dir='ltr'>ue</span> <span class='ocrx_word' id='word_1_421' title='bbox 1767 2105 1892 2140; x_wconf 79' lang='lat' dir='ltr'>dicitur</span> <span class='ocrx_word' id='word_1_422' title='bbox 1908 2101 2113 2151; x_wconf 68' lang='lat' dir='ltr'>destinaffie.]</span> <span class='ocrx_word' id='word_1_423' title='bbox 2146 2101 2187 2139; x_wconf 88' lang='lat' dir='ltr'>Id</span> <span class='ocrx_word' id='word_1_424' title='bbox 2205 2100 2288 2138; x_wconf 86' lang='lat' dir='ltr'>serio</span> <span class='ocrx_word' id='word_1_425' title='bbox 2298 2099 2348 2138; x_wconf 82' lang='lat' dir='ltr'>af-</span> 
     </span>
     <span class='ocr_line' id='line_1_49' title="bbox 1336 2118 2346 2202; baseline 0.002 -15"><span class='ocrx_word' id='word_1_426' title='bbox 1336 2149 1451 2188; x_wconf 78' lang='lat' dir='ltr'>firmat</span> <span class='ocrx_word' id='word_1_427' title='bbox 1469 2154 1540 2189; x_wconf 94' lang='lat' dir='ltr'>Dio</span> <span class='ocrx_word' id='word_1_428' title='bbox 1561 2169 1571 2191; x_wconf 73' lang='grc' dir='ltr'>ι</span> <span class='ocrx_word' id='word_1_429' title='bbox 1601 2118 1735 2202; x_wconf 64' lang='lat' dir='ltr'>proi-[qus</span> <span class='ocrx_word' id='word_1_430' title='bbox 1758 2155 1851 2190; x_wconf 87' lang='lat' dir='ltr'>enim</span> <span class='ocrx_word' id='word_1_431' title='bbox 1867 2152 2039 2190; x_wconf 63' lang='lat' dir='ltr'>facturum</span> <span class='ocrx_word' id='word_1_432' title='bbox 2061 2165 2144 2189; x_wconf 88' lang='lat' dir='ltr'>eum</span> <span class='ocrx_word' id='word_1_433' title='bbox 2166 2151 2346 2189; x_wconf 86' lang='lat' dir='ltr'>consulem</span> 
     </span>
     <span class='ocr_line' id='line_1_50' title="bbox 1334 2198 2345 2254; baseline 0.002 -18"><span class='ocrx_word' id='word_1_434' title='bbox 1334 2198 1427 2238; x_wconf 74' lang='lat' dir='ltr'>fuisse</span> <span class='ocrx_word' id='word_1_435' title='bbox 1445 2230 1457 2246; x_wconf 94' lang='lat'><em>‚</em></span> <span class='ocrx_word' id='word_1_436' title='bbox 1502 2202 1564 2239; x_wconf 83' lang='lat' dir='ltr'>nifi</span> <span class='ocrx_word' id='word_1_437' title='bbox 1599 2216 1696 2240; x_wconf 87' lang='lat' dir='ltr'>mors</span> <span class='ocrx_word' id='word_1_438' title='bbox 1723 2202 1926 2254; x_wconf 72' lang='lat' dir='ltr'>occupasset.</span> <span class='ocrx_word' id='word_1_439' title='bbox 1967 2204 2026 2239; x_wconf 70' lang='grc' dir='ltr'>καὶ</span> <span class='ocrx_word' id='word_1_440' title='bbox 2054 2204 2345 2251; x_wconf 68' lang='grc' dir='ltr'>προσυπισχνεῖτο</span> 
     </span>
     <span class='ocr_line' id='line_1_51' title="bbox 1336 2249 2344 2302; baseline 0.001 -15"><span class='ocrx_word' id='word_1_441' title='bbox 1336 2251 1395 2287; x_wconf 71' lang='lat' dir='ltr'>na&gt;</span> <span class='ocrx_word' id='word_1_442' title='bbox 1419 2249 1545 2290; x_wconf 61' lang='grc' dir='ltr'><strong><em>ὕπατον</em></strong></span> <span class='ocrx_word' id='word_1_443' title='bbox 1564 2253 1660 2289; x_wconf 68' lang='grc' dir='ltr'>ἁντὶν</span> <span class='ocrx_word' id='word_1_444' title='bbox 1678 2253 1883 2302; x_wconf 53' lang='grc' dir='ltr'>ἀποδείξειν·</span> <span class='ocrx_word' id='word_1_445' title='bbox 1900 2253 1959 2289; x_wconf 68' lang='lat' dir='ltr'>noo}</span> <span class='ocrx_word' id='word_1_446' title='bbox 1980 2253 2109 2292; x_wconf 65' lang='grc' dir='ltr'><strong><em>πάντως</em></strong></span> <span class='ocrx_word' id='word_1_447' title='bbox 2121 2252 2158 2289; x_wconf 72' lang='grc' dir='ltr'>οὲν</span> <span class='ocrx_word' id='word_1_448' title='bbox 2176 2252 2236 2289; x_wconf 71' lang='lat' dir='ltr'>nal</span> <span class='ocrx_word' id='word_1_449' title='bbox 2257 2254 2344 2290; x_wconf 70' lang='grc' dir='ltr'>τέτο</span> 
     </span>
     <span class='ocr_line' id='line_1_52' title="bbox 1338 2300 2021 2354; baseline 0.009 -19"><span class='ocrx_word' id='word_1_450' title='bbox 1338 2300 1558 2347; x_wconf 66' lang='grc' dir='ltr'>ἐπεποιήκει,</span> <span class='ocrx_word' id='word_1_451' title='bbox 1584 2304 1612 2339; x_wconf 81' lang='grc' dir='ltr'>εἷ</span> <span class='ocrx_word' id='word_1_452' title='bbox 1634 2304 1747 2340; x_wconf 72' lang='grc' dir='ltr'><em>πλείω</em></span> <span class='ocrx_word' id='word_1_453' title='bbox 1766 2305 1877 2351; x_wconf 78' lang='grc' dir='ltr'><strong><em>χρόνον</em></strong></span> <span class='ocrx_word' id='word_1_454' title='bbox 1896 2304 2021 2354; x_wconf 70' lang='grc' dir='ltr'>ἐξήκει.</span> 
     </span>
     <span class='ocr_line' id='line_1_53' title="bbox 272 2351 2345 2402; baseline 0.002 -16"><span class='ocrx_word' id='word_1_455' title='bbox 272 2361 418 2400; x_wconf 82' lang='lat' dir='ltr'>utroque</span> <span class='ocrx_word' id='word_1_456' title='bbox 436 2363 472 2387; x_wconf 88' lang='lat' dir='ltr'>m</span> <span class='ocrx_word' id='word_1_457' title='bbox 489 2352 744 2401; x_wconf 80' lang='lat' dir='ltr'>epigrammate</span> <span class='ocrx_word' id='word_1_458' title='bbox 759 2351 1000 2401; x_wconf 82' lang='lat' dir='ltr'>intelligamus.</span> <span class='ocrx_word' id='word_1_459' title='bbox 1393 2360 1445 2396; x_wconf 82' lang='lat'>56.</span> <span class='ocrx_word' id='word_1_460' title='bbox 1459 2357 1548 2389; x_wconf 75' lang='lat' dir='ltr'>Cum</span> <span class='ocrx_word' id='word_1_461' title='bbox 1561 2353 1731 2402; x_wconf 76' lang='lat' dir='ltr'>placmſjet</span> <span class='ocrx_word' id='word_1_462' title='bbox 1741 2355 1912 2391; x_wconf 77' lang='lat' dir='ltr'>Palatinis</span> <span class='ocrx_word' id='word_1_463' title='bbox 1931 2353 2058 2402; x_wconf 44' lang='lat' dir='ltr'>luda]</span> <span class='ocrx_word' id='word_1_464' title='bbox 2097 2357 2168 2390; x_wconf 90' lang='lat' dir='ltr'>Cur</span> <span class='ocrx_word' id='word_1_465' title='bbox 2183 2353 2226 2390; x_wconf 89' lang='lat' dir='ltr'>ad</span> <span class='ocrx_word' id='word_1_466' title='bbox 2244 2352 2345 2390; x_wconf 87' lang='lat' dir='ltr'>stabi-</span> 
     </span>
     <span class='ocr_line' id='line_1_54' title="bbox 332 2399 2350 2455; baseline 0.002 -19"><span class='ocrx_word' id='word_1_467' title='bbox 332 2407 385 2445; x_wconf 76' lang='lat'>56.</span> <span class='ocrx_word' id='word_1_468' title='bbox 415 2399 603 2449; x_wconf 83' lang='lat' dir='ltr'>Animus.]</span> <span class='ocrx_word' id='word_1_469' title='bbox 634 2401 730 2439; x_wconf 86' lang='lat' dir='ltr'>Libri</span> <span class='ocrx_word' id='word_1_470' title='bbox 752 2401 822 2439; x_wconf 92' lang='lat' dir='ltr'>duo</span> <span class='ocrx_word' id='word_1_471' title='bbox 845 2400 1038 2449; x_wconf 72' lang='lat' dir='ltr'>confilium,</span> <span class='ocrx_word' id='word_1_472' title='bbox 1064 2404 1201 2439; x_wconf 87' lang='lat' dir='ltr'>&amp;mox</span> <span class='ocrx_word' id='word_1_473' title='bbox 1216 2414 1288 2438; x_wconf 78' lang='lat' dir='ltr'>una</span> <span class='ocrx_word' id='word_1_474' title='bbox 1338 2401 1488 2439; x_wconf 85' lang='lat' dir='ltr'>liendam</span> <span class='ocrx_word' id='word_1_475' title='bbox 1511 2404 1606 2449; x_wconf 75' lang='lat' dir='ltr'>liuius</span> <span class='ocrx_word' id='word_1_476' title='bbox 1624 2405 1690 2441; x_wconf 85' lang='lat' dir='ltr'>loci</span> <span class='ocrx_word' id='word_1_477' title='bbox 1706 2404 1904 2455; x_wconf 79' lang='lat' dir='ltr'>scripturam</span> <span class='ocrx_word' id='word_1_478' title='bbox 1918 2434 1930 2448; x_wconf 90' lang='lat'><em>,</em></span> <span class='ocrx_word' id='word_1_479' title='bbox 1975 2418 2050 2454; x_wconf 84' lang='lat' dir='ltr'>quae</span> <span class='ocrx_word' id='word_1_480' title='bbox 2078 2405 2111 2440; x_wconf 85' lang='lat' dir='ltr'>in</span> <span class='ocrx_word' id='word_1_481' title='bbox 2132 2403 2295 2454; x_wconf 85' lang='lat' dir='ltr'>plerisque</span> <span class='ocrx_word' id='word_1_482' title='bbox 2311 2404 2350 2441; x_wconf 85' lang='lat' dir='ltr'>li·</span> 
     </span>
     <span class='ocr_line' id='line_1_55' title="bbox 272 2449 2351 2504; baseline 0.002 -18"><span class='ocrx_word' id='word_1_483' title='bbox 272 2449 446 2499; x_wconf 73' lang='lat' dir='ltr'>alteruque</span> <span class='ocrx_word' id='word_1_484' title='bbox 466 2464 528 2501; x_wconf 86' lang='lat' dir='ltr'>pro</span> <span class='ocrx_word' id='word_1_485' title='bbox 551 2463 621 2487; x_wconf 82' lang='lat' dir='ltr'>una</span> <span class='ocrx_word' id='word_1_486' title='bbox 636 2452 689 2494; x_wconf 51' lang='grc' dir='ltr'>Εἴ</span> <span class='ocrx_word' id='word_1_487' title='bbox 699 2452 820 2489; x_wconf 81' lang='lat' dir='ltr'>altera.</span> <span class='ocrx_word' id='word_1_488' title='bbox 878 2451 972 2488; x_wconf 85' lang='lat' dir='ltr'>Nihil</span> <span class='ocrx_word' id='word_1_489' title='bbox 988 2463 1087 2488; x_wconf 89' lang='lat' dir='ltr'>muto</span> <span class='ocrx_word' id='word_1_490' title='bbox 1101 2464 1233 2489; x_wconf 88' lang='lat' dir='ltr'>tamen.</span> <span class='ocrx_word' id='word_1_491' title='bbox 1337 2451 1404 2488; x_wconf 83' lang='lat' dir='ltr'>bris</span> <span class='ocrx_word' id='word_1_492' title='bbox 1422 2466 1581 2504; x_wconf 86' lang='lat' dir='ltr'>corrupta</span> <span class='ocrx_word' id='word_1_493' title='bbox 1601 2454 1669 2498; x_wconf 90' lang='lat' dir='ltr'>est,</span> <span class='ocrx_word' id='word_1_494' title='bbox 1700 2457 1746 2492; x_wconf 88' lang='lat' dir='ltr'>uti</span> <span class='ocrx_word' id='word_1_495' title='bbox 1765 2456 1862 2491; x_wconf 86' lang='lat' dir='ltr'>malit</span> <span class='ocrx_word' id='word_1_496' title='bbox 1879 2456 2081 2492; x_wconf 86' lang='lat' dir='ltr'>Torrentius</span> <span class='ocrx_word' id='word_1_497' title='bbox 2099 2455 2221 2492; x_wconf 86' lang='lat' dir='ltr'>Dionis</span> <span class='ocrx_word' id='word_1_498' title='bbox 2232 2456 2351 2492; x_wconf 53' lang='lat' dir='ltr'>aueto-</span> 
     </span>
     <span class='ocr_line' id='line_1_56' title="bbox 329 2500 2347 2553; baseline 0.004 -19"><span class='ocrx_word' id='word_1_499' title='bbox 329 2500 498 2547; x_wconf 77' lang='lat' dir='ltr'>Potentiffi</span> <span class='ocrx_word' id='word_1_500' title='bbox 513 2500 747 2549; x_wconf 80' lang='lat' dir='ltr'>libertorum.]</span> <span class='ocrx_word' id='word_1_501' title='bbox 780 2506 863 2539; x_wconf 84' lang='lat' dir='ltr'>Hoc</span> <span class='ocrx_word' id='word_1_502' title='bbox 876 2503 946 2546; x_wconf 88' lang='lat' dir='ltr'>est,</span> <span class='ocrx_word' id='word_1_503' title='bbox 970 2502 1062 2551; x_wconf 82' lang='lat' dir='ltr'>quod</span> <span class='ocrx_word' id='word_1_504' title='bbox 1073 2502 1134 2539; x_wconf 85' lang='lat' dir='ltr'>suis</span> <span class='ocrx_word' id='word_1_505' title='bbox 1146 2516 1229 2539; x_wconf 88' lang='lat' dir='ltr'>eum</span> <span class='ocrx_word' id='word_1_506' title='bbox 1241 2515 1288 2538; x_wconf 86' lang='lat' dir='ltr'>te-</span> <span class='ocrx_word' id='word_1_507' title='bbox 1338 2504 1432 2538; x_wconf 83' lang='lat' dir='ltr'>ritate</span> <span class='ocrx_word' id='word_1_508' title='bbox 1450 2517 1557 2552; x_wconf 78' lang='lat' dir='ltr'>quam</span> <span class='ocrx_word' id='word_1_509' title='bbox 1573 2504 1735 2553; x_wconf 76' lang='lat' dir='ltr'>Joseplii,</span> <span class='ocrx_word' id='word_1_510' title='bbox 1764 2505 1913 2542; x_wconf 73' lang='lat' dir='ltr'>caussam</span> <span class='ocrx_word' id='word_1_511' title='bbox 1931 2518 2003 2541; x_wconf 86' lang='lat' dir='ltr'>non</span> <span class='ocrx_word' id='word_1_512' title='bbox 2018 2506 2131 2543; x_wconf 86' lang='lat' dir='ltr'>video.</span> <span class='ocrx_word' id='word_1_513' title='bbox 2149 2505 2231 2541; x_wconf 89' lang='lat' dir='ltr'>nihil</span> <span class='ocrx_word' id='word_1_514' title='bbox 2252 2505 2347 2542; x_wconf 88' lang='lat' dir='ltr'>enim</span> 
     </span>
     <span class='ocr_line' id='line_1_57' title="bbox 1336 2551 2343 2606; baseline 0.005 -19"><span class='ocrx_word' id='word_1_515' title='bbox 1336 2551 1509 2590; x_wconf 86' lang='lat' dir='ltr'>dilucidius</span> <span class='ocrx_word' id='word_1_516' title='bbox 1537 2557 1664 2591; x_wconf 83' lang='lat' dir='ltr'>narrari</span> <span class='ocrx_word' id='word_1_517' title='bbox 1686 2555 1794 2605; x_wconf 87' lang='lat' dir='ltr'>potest</span> <span class='ocrx_word' id='word_1_518' title='bbox 1812 2584 1824 2599; x_wconf 91' lang='lat'><em>,</em></span> <span class='ocrx_word' id='word_1_519' title='bbox 1867 2568 1976 2606; x_wconf 89' lang='lat' dir='ltr'>quam</span> <span class='ocrx_word' id='word_1_520' title='bbox 2000 2568 2036 2591; x_wconf 88' lang='lat' dir='ltr'>ut</span> <span class='ocrx_word' id='word_1_521' title='bbox 2061 2555 2144 2592; x_wconf 80' lang='lat' dir='ltr'>facit</span> <span class='ocrx_word' id='word_1_522' title='bbox 2167 2555 2343 2599; x_wconf 74' lang='lat' dir='ltr'>josephus.</span> 
     </span>
     <span class='ocr_line' id='line_1_58' title="bbox 1335 2603 2348 2643; baseline 0.003 -5"><span class='ocrx_word' id='word_1_523' title='bbox 1335 2605 1412 2639; x_wconf 90' lang='lat' dir='ltr'>Nos</span> <span class='ocrx_word' id='word_1_524' title='bbox 1428 2616 1543 2640; x_wconf 73' lang='lat' dir='ltr'>autem</span> <span class='ocrx_word' id='word_1_525' title='bbox 1555 2606 1678 2642; x_wconf 91' lang='lat' dir='ltr'>Dionis</span> <span class='ocrx_word' id='word_1_526' title='bbox 1695 2606 1814 2643; x_wconf 89' lang='lat' dir='ltr'>locum</span> <span class='ocrx_word' id='word_1_527' title='bbox 1834 2606 1877 2642; x_wconf 90' lang='lat' dir='ltr'>de</span> <span class='ocrx_word' id='word_1_528' title='bbox 1893 2605 2097 2642; x_wconf 88' lang='lat' dir='ltr'>institutione</span> <span class='ocrx_word' id='word_1_529' title='bbox 2117 2603 2348 2642; x_wconf 87' lang='lat' dir='ltr'>horumludo-</span> 
     </span>
     <span class='ocr_line' id='line_1_59' title="bbox 1336 2653 2347 2705; baseline 0.002 -16"><span class='ocrx_word' id='word_1_530' title='bbox 1336 2666 1413 2689; x_wconf 86' lang='lat' dir='ltr'>rum</span> <span class='ocrx_word' id='word_1_531' title='bbox 1433 2653 1503 2690; x_wconf 84' lang='lat' dir='ltr'>fine</span> <span class='ocrx_word' id='word_1_532' title='bbox 1521 2655 1595 2692; x_wconf 89' lang='lat' dir='ltr'>libri</span> <span class='ocrx_word' id='word_1_533' title='bbox 1606 2667 1685 2694; x_wconf 77' lang='lat' dir='ltr'>Lvi.</span> <span class='ocrx_word' id='word_1_534' title='bbox 1709 2669 1753 2693; x_wconf 90' lang='lat' dir='ltr'>eo</span> <span class='ocrx_word' id='word_1_535' title='bbox 1771 2655 2004 2705; x_wconf 79' lang='lat' dir='ltr'>proferemus,</span> <span class='ocrx_word' id='word_1_536' title='bbox 2036 2667 2070 2692; x_wconf 91' lang='lat' dir='ltr'>ut</span> <span class='ocrx_word' id='word_1_537' title='bbox 2083 2655 2237 2692; x_wconf 80' lang='lat' dir='ltr'>nonnihil</span> <span class='ocrx_word' id='word_1_538' title='bbox 2256 2657 2347 2704; x_wconf 88' lang='lat' dir='ltr'>opti-</span> 
     </span>
     <span class='ocr_line' id='line_1_60' title="bbox 1337 2703 2348 2754; baseline 0 -14"><span class='ocrx_word' id='word_1_539' title='bbox 1337 2716 1400 2741; x_wconf 82' lang='lat' dir='ltr'>mo</span> <span class='ocrx_word' id='word_1_540' title='bbox 1418 2703 1569 2754; x_wconf 85' lang='lat' dir='ltr'>scriptori</span> <span class='ocrx_word' id='word_1_541' title='bbox 1585 2706 1665 2742; x_wconf 90' lang='lat' dir='ltr'>lucis</span> <span class='ocrx_word' id='word_1_542' title='bbox 1683 2705 1826 2744; x_wconf 82' lang='lat' dir='ltr'>demus:</span> <span class='ocrx_word' id='word_1_543' title='bbox 1855 2707 1876 2746; x_wconf 72' lang='grc' dir='ltr'>η’</span> <span class='ocrx_word' id='word_1_544' title='bbox 1895 2705 2005 2743; x_wconf 62' lang='lat' dir='ltr'>Areia</span> <span class='ocrx_word' id='word_1_545' title='bbox 2025 2705 2112 2742; x_wconf 64' lang='grc' dir='ltr'><strong><em>ἰδίων</em></strong></span> <span class='ocrx_word' id='word_1_546' title='bbox 2129 2703 2170 2744; x_wconf 63' lang='grc' dir='ltr'>δή</span> <span class='ocrx_word' id='word_1_547' title='bbox 2189 2718 2260 2741; x_wconf 58' lang='grc' dir='ltr'>τινα,</span> <span class='ocrx_word' id='word_1_548' title='bbox 2286 2707 2348 2740; x_wconf 66' lang='grc' dir='ltr'>οἱν-</span> 
     </span>
     <span class='ocr_line' id='line_1_61' title="bbox 1313 2752 2350 3114; baseline -0.002 -325"><span class='ocrx_word' id='word_1_549' title='bbox 1313 2755 1392 3114; x_wconf 49' lang='grc' dir='ltr'>Χ’τῷ</span> <span class='ocrx_word' id='word_1_550' title='bbox 1414 2754 1599 2804; x_wconf 64' lang='grc' dir='ltr'>πανήγυριν</span> <span class='ocrx_word' id='word_1_551' title='bbox 1618 2756 1675 2791; x_wconf 73' lang='grc' dir='ltr'>ἐπὶ</span> <span class='ocrx_word' id='word_1_552' title='bbox 1694 2759 1777 2804; x_wconf 74' lang='grc' dir='ltr'><em>τρεῖς</em></span> <span class='ocrx_word' id='word_1_553' title='bbox 1795 2756 1918 2805; x_wconf 66' lang='grc' dir='ltr'>ἡμέρας</span> <span class='ocrx_word' id='word_1_554' title='bbox 1941 2757 1970 2792; x_wconf 78' lang='grc' dir='ltr'>ἐν</span> <span class='ocrx_word' id='word_1_555' title='bbox 1982 2756 2031 2801; x_wconf 69' lang='grc' dir='ltr'>τῷ</span> <span class='ocrx_word' id='word_1_556' title='bbox 2049 2753 2217 2801; x_wconf 63' lang='grc' dir='ltr'>παλαια-ίῳ</span> <span class='ocrx_word' id='word_1_557' title='bbox 2229 2752 2350 2795; x_wconf 64' lang='grc' dir='ltr'>ἧφι-οἰη-</span> 
     </span>
    </p>
   </div>
   <div class='ocr_carea' id='block_1_10' title="bbox 274 2548 2351 3006">
    <p class='ocr_par' dir='ltr' id='par_1_13' title="bbox 274 2548 1286 2653">
     <span class='ocr_line' id='line_1_62' title="bbox 274 2548 1286 2603; baseline 0.003 -17"><span class='ocrx_word' id='word_1_558' title='bbox 274 2549 314 2587; x_wconf 77' lang='lat' dir='ltr'>lis</span> <span class='ocrx_word' id='word_1_559' title='bbox 335 2548 528 2587; x_wconf 70' lang='lat' dir='ltr'>confosshm</span> <span class='ocrx_word' id='word_1_560' title='bbox 547 2551 626 2588; x_wconf 86' lang='lat' dir='ltr'>dicit</span> <span class='ocrx_word' id='word_1_561' title='bbox 648 2552 731 2590; x_wconf 89' lang='lat' dir='ltr'>Plin.</span> <span class='ocrx_word' id='word_1_562' title='bbox 746 2552 802 2589; x_wconf 93' lang='lat' dir='ltr'>lib.</span> <span class='ocrx_word' id='word_1_563' title='bbox 816 2566 901 2589; x_wconf 75' lang='lat' dir='ltr'>xxxi</span> <span class='ocrx_word' id='word_1_564' title='bbox 915 2566 943 2589; x_wconf 93' lang='lat'>1.</span> <span class='ocrx_word' id='word_1_565' title='bbox 971 2565 1043 2603; x_wconf 83' lang='lat' dir='ltr'>cap.</span> <span class='ocrx_word' id='word_1_566' title='bbox 1071 2567 1123 2590; x_wconf 87' lang='lat'>11.</span> <span class='ocrx_word' id='word_1_567' title='bbox 1166 2553 1286 2596; x_wconf 83' lang='lat' dir='ltr'>Adde,</span> 
     </span>
     <span class='ocr_line' id='line_1_63' title="bbox 274 2599 984 2653; baseline 0.006 -17"><span class='ocrx_word' id='word_1_568' title='bbox 274 2599 302 2636; x_wconf 85' lang='lat' dir='ltr'>ss</span> <span class='ocrx_word' id='word_1_569' title='bbox 321 2599 434 2644; x_wconf 89' lang='lat' dir='ltr'>lubet,</span> <span class='ocrx_word' id='word_1_570' title='bbox 457 2601 644 2652; x_wconf 81' lang='lat' dir='ltr'>Josephum</span> <span class='ocrx_word' id='word_1_571' title='bbox 662 2602 890 2653; x_wconf 88' lang='lat' dir='ltr'>Antiquit.lib.</span> <span class='ocrx_word' id='word_1_572' title='bbox 902 2616 984 2640; x_wconf 75' lang='lat' dir='ltr'>xix,</span> 
     </span>
    </p>

    <p class='ocr_par' dir='ltr' id='par_1_14' title="bbox 275 2650 2351 3006">
     <span class='ocr_line' id='line_1_64' title="bbox 332 2650 1290 2698; baseline 0.005 -13"><span class='ocrx_word' id='word_1_573' title='bbox 332 2650 500 2687; x_wconf 80' lang='lat' dir='ltr'>Palatinis</span> <span class='ocrx_word' id='word_1_574' title='bbox 518 2652 649 2698; x_wconf 46' lang='lat' dir='ltr'>luda]</span> <span class='ocrx_word' id='word_1_575' title='bbox 679 2653 773 2689; x_wconf 88' lang='lat' dir='ltr'>Libri</span> <span class='ocrx_word' id='word_1_576' title='bbox 791 2664 857 2691; x_wconf 88' lang='lat' dir='ltr'>tres</span> <span class='ocrx_word' id='word_1_577' title='bbox 876 2652 1031 2689; x_wconf 86' lang='lat' dir='ltr'>Palatini</span> <span class='ocrx_word' id='word_1_578' title='bbox 1052 2651 1127 2688; x_wconf 79' lang='lat' dir='ltr'>ludi</span> <span class='ocrx_word' id='word_1_579' title='bbox 1143 2681 1155 2696; x_wconf 92' lang='lat'><em>,</em></span> <span class='ocrx_word' id='word_1_580' title='bbox 1186 2664 1223 2691; x_wconf 87' lang='lat' dir='ltr'>ut</span> <span class='ocrx_word' id='word_1_581' title='bbox 1247 2654 1290 2690; x_wconf 87' lang='lat' dir='ltr'>ad</span> 
     </span>
     <span class='ocr_line' id='line_1_65' title="bbox 275 2700 1290 2752; baseline 0.005 -17"><span class='ocrx_word' id='word_1_582' title='bbox 275 2700 505 2740; x_wconf 64' lang='lat' dir='ltr'>aladiatorum</span> <span class='ocrx_word' id='word_1_583' title='bbox 530 2701 759 2752; x_wconf 65' lang='lat' dir='ltr'>spectaculum</span> <span class='ocrx_word' id='word_1_584' title='bbox 778 2701 903 2741; x_wconf 85' lang='lat' dir='ltr'>referre</span> <span class='ocrx_word' id='word_1_585' title='bbox 923 2701 1101 2752; x_wconf 81' lang='lat' dir='ltr'>possimus.</span> <span class='ocrx_word' id='word_1_586' title='bbox 1132 2702 1178 2740; x_wconf 79' lang='lat' dir='ltr'>lic</span> <span class='ocrx_word' id='word_1_587' title='bbox 1196 2705 1290 2740; x_wconf 87' lang='lat' dir='ltr'>enim</span> 
     </span>
     <span class='ocr_line' id='line_1_66' title="bbox 276 2731 1291 2796; baseline 0.006 -12"><span class='ocrx_word' id='word_1_588' title='bbox 276 2731 375 2786; x_wconf 52' lang='lat' dir='ltr'>‘litatus</span> <span class='ocrx_word' id='word_1_589' title='bbox 391 2752 601 2796; x_wconf 77' lang='lat' dir='ltr'>matutinas,</span> <span class='ocrx_word' id='word_1_590' title='bbox 630 2756 666 2789; x_wconf 76' lang='grc' dir='ltr'>ὃ(</span> <span class='ocrx_word' id='word_1_591' title='bbox 693 2753 792 2789; x_wconf 79' lang='lat' dir='ltr'>ludas</span> <span class='ocrx_word' id='word_1_592' title='bbox 814 2752 974 2789; x_wconf 81' lang='lat' dir='ltr'>Gallicas.</span> <span class='ocrx_word' id='word_1_593' title='bbox 1034 2756 1170 2791; x_wconf 86' lang='lat' dir='ltr'>Verum</span> <span class='ocrx_word' id='word_1_594' title='bbox 1198 2767 1291 2792; x_wconf 87' lang='lat' dir='ltr'>rece—</span> 
     </span>
     <span class='ocr_line' id='line_1_67' title="bbox 280 2799 1289 2853; baseline 0.006 -19"><span class='ocrx_word' id='word_1_595' title='bbox 280 2810 376 2848; x_wconf 84' lang='lat' dir='ltr'>ptam</span> <span class='ocrx_word' id='word_1_596' title='bbox 395 2799 579 2839; x_wconf 70' lang='lat' dir='ltr'>lestionem</span> <span class='ocrx_word' id='word_1_597' title='bbox 590 2804 741 2846; x_wconf 84' lang='lat' dir='ltr'>retineo,</span> <span class='ocrx_word' id='word_1_598' title='bbox 771 2816 843 2841; x_wconf 88' lang='lat' dir='ltr'>non</span> <span class='ocrx_word' id='word_1_599' title='bbox 860 2814 932 2839; x_wconf 83' lang='lat' dir='ltr'>tam</span> <span class='ocrx_word' id='word_1_600' title='bbox 951 2803 1108 2853; x_wconf 83' lang='lat' dir='ltr'>Josephi,</span> <span class='ocrx_word' id='word_1_601' title='bbox 1138 2803 1196 2851; x_wconf 88' lang='lat' dir='ltr'>qui</span> <span class='ocrx_word' id='word_1_602' title='bbox 1213 2817 1289 2840; x_wconf 83' lang='lat' dir='ltr'>rem</span> 
     </span>
     <span class='ocr_line' id='line_1_68' title="bbox 281 2849 1290 2904; baseline 0.007 -21"><span class='ocrx_word' id='word_1_603' title='bbox 281 2862 355 2884; x_wconf 86' lang='lat' dir='ltr'>non</span> <span class='ocrx_word' id='word_1_604' title='bbox 374 2849 448 2886; x_wconf 82' lang='lat' dir='ltr'>satis</span> <span class='ocrx_word' id='word_1_605' title='bbox 477 2851 640 2900; x_wconf 80' lang='lat' dir='ltr'>explicat,</span> <span class='ocrx_word' id='word_1_606' title='bbox 666 2856 866 2890; x_wconf 58' lang='lat' dir='ltr'>auctoritate</span> <span class='ocrx_word' id='word_1_607' title='bbox 883 2881 895 2896; x_wconf 91' lang='lat'>,</span> <span class='ocrx_word' id='word_1_608' title='bbox 928 2865 1034 2902; x_wconf 82' lang='lat' dir='ltr'>quam</span> <span class='ocrx_word' id='word_1_609' title='bbox 1053 2854 1197 2896; x_wconf 85' lang='lat' dir='ltr'>Dionis,</span> <span class='ocrx_word' id='word_1_610' title='bbox 1233 2856 1290 2904; x_wconf 90' lang='lat' dir='ltr'>qui</span> 
     </span>
     <span class='ocr_line' id='line_1_69' title="bbox 280 2899 2349 2957; baseline 0.004 -23"><span class='ocrx_word' id='word_1_611' title='bbox 280 2910 438 2934; x_wconf 78' lang='lat' dir='ltr'>extremo</span> <span class='ocrx_word' id='word_1_612' title='bbox 456 2899 512 2938; x_wconf 85' lang='lat' dir='ltr'>lib.</span> <span class='ocrx_word' id='word_1_613' title='bbox 526 2913 603 2938; x_wconf 79' lang='lat' dir='ltr'>Lvi.</span> <span class='ocrx_word' id='word_1_614' title='bbox 622 2902 785 2939; x_wconf 67' lang='lat' dir='ltr'>defuneto</span> <span class='ocrx_word' id='word_1_615' title='bbox 802 2903 954 2944; x_wconf 64' lang='lat' dir='ltr'>Auzusto</span> <span class='ocrx_word' id='word_1_616' title='bbox 975 2932 985 2946; x_wconf 92' lang='lat'><em>‚</em></span> <span class='ocrx_word' id='word_1_617' title='bbox 1021 2915 1140 2953; x_wconf 83' lang='lat' dir='ltr'>praeter</span> <span class='ocrx_word' id='word_1_618' title='bbox 1158 2915 1198 2939; x_wconf 84' lang='lat' dir='ltr'>ea</span> <span class='ocrx_word' id='word_1_619' title='bbox 1215 2917 1290 2953; x_wconf 83' lang='lat' dir='ltr'>quae</span> <span class='ocrx_word' id='word_1_620' title='bbox 1342 2904 1457 2943; x_wconf 87' lang='lat' dir='ltr'>datio:</span> <span class='ocrx_word' id='word_1_621' title='bbox 1497 2905 1555 2942; x_wconf 90' lang='lat' dir='ltr'>sed</span> <span class='ocrx_word' id='word_1_622' title='bbox 1573 2918 1680 2957; x_wconf 87' lang='lat' dir='ltr'>quam</span> <span class='ocrx_word' id='word_1_623' title='bbox 1698 2919 1809 2955; x_wconf 88' lang='lat' dir='ltr'>neque</span> <span class='ocrx_word' id='word_1_624' title='bbox 1826 2908 2021 2955; x_wconf 86' lang='lat' dir='ltr'>interpretes</span> <span class='ocrx_word' id='word_1_625' title='bbox 2031 2904 2207 2949; x_wconf 85' lang='lat' dir='ltr'>viderunt,</span> <span class='ocrx_word' id='word_1_626' title='bbox 2237 2919 2349 2956; x_wconf 88' lang='lat' dir='ltr'>neque</span> 
     </span>
     <span class='ocr_line' id='line_1_70' title="bbox 282 2948 2351 3006; baseline 0.004 -22"><span class='ocrx_word' id='word_1_627' title='bbox 282 2948 475 2998; x_wconf 75' lang='lat' dir='ltr'>Augustali-a</span> <span class='ocrx_word' id='word_1_628' title='bbox 495 2962 620 2985; x_wconf 80' lang='lat' dir='ltr'>vocata</span> <span class='ocrx_word' id='word_1_629' title='bbox 641 2953 714 2991; x_wconf 83' lang='lat' dir='ltr'>sunt</span> <span class='ocrx_word' id='word_1_630' title='bbox 733 2980 744 2995; x_wconf 91' lang='lat'><em>,</em></span> <span class='ocrx_word' id='word_1_631' title='bbox 776 2950 912 2992; x_wconf 67' lang='lat' dir='ltr'>Liviam</span> <span class='ocrx_word' id='word_1_632' title='bbox 933 2953 1032 2990; x_wconf 86' lang='lat' dir='ltr'>ludos</span> <span class='ocrx_word' id='word_1_633' title='bbox 1051 2954 1156 2991; x_wconf 84' lang='lat' dir='ltr'>etiam</span> <span class='ocrx_word' id='word_1_634' title='bbox 1176 2955 1211 2989; x_wconf 85' lang='lat' dir='ltr'>in</span> <span class='ocrx_word' id='word_1_635' title='bbox 1228 2957 1291 2991; x_wconf 83' lang='lat' dir='ltr'>Pa·</span> <span class='ocrx_word' id='word_1_636' title='bbox 1343 2956 1406 2992; x_wconf 84' lang='lat' dir='ltr'>viri</span> <span class='ocrx_word' id='word_1_637' title='bbox 1424 2955 1608 2993; x_wconf 68' lang='lat' dir='ltr'>doetiffimi</span> <span class='ocrx_word' id='word_1_638' title='bbox 1621 2985 1632 2998; x_wconf 85' lang='lat'>,</span> <span class='ocrx_word' id='word_1_639' title='bbox 1653 2957 1708 3006; x_wconf 87' lang='lat' dir='ltr'>qui</span> <span class='ocrx_word' id='word_1_640' title='bbox 1727 2956 1770 2992; x_wconf 82' lang='lat' dir='ltr'>de</span> <span class='ocrx_word' id='word_1_641' title='bbox 1789 2955 1872 2991; x_wconf 88' lang='lat' dir='ltr'>ludis</span> <span class='ocrx_word' id='word_1_642' title='bbox 1894 2954 2051 2992; x_wconf 79' lang='lat' dir='ltr'>Palatinis</span> <span class='ocrx_word' id='word_1_643' title='bbox 2067 2954 2250 2994; x_wconf 84' lang='lat' dir='ltr'>scribentes</span> <span class='ocrx_word' id='word_1_644' title='bbox 2269 2970 2351 2993; x_wconf 87' lang='lat' dir='ltr'>eum</span> 
     </span>
    </p>
   </div>
   <div class='ocr_carea' id='block_1_11' title="bbox 279 2997 2350 3088">
    <p class='ocr_par' dir='ltr' id='par_1_15' title="bbox 279 2997 2350 3088">
     <span class='ocr_line' id='line_1_71' title="bbox 279 2997 2350 3087; baseline 0.005 -54"><span class='ocrx_word' id='word_1_645' title='bbox 279 2997 549 3087; x_wconf 74' lang='lat' dir='ltr'>latliobinstituisse</span> <span class='ocrx_word' id='word_1_646' title='bbox 575 2999 703 3045; x_wconf 81' lang='lat' dir='ltr'>scribit,</span> <span class='ocrx_word' id='word_1_647' title='bbox 737 3015 824 3050; x_wconf 83' lang='lat' dir='ltr'>quos</span> <span class='ocrx_word' id='word_1_648' title='bbox 843 3004 953 3041; x_wconf 71' lang='lat' dir='ltr'>caeteri</span> <span class='ocrx_word' id='word_1_649' title='bbox 972 3003 1096 3043; x_wconf 81' lang='lat' dir='ltr'>deinde</span> <span class='ocrx_word' id='word_1_650' title='bbox 1120 3005 1294 3059; x_wconf 74' lang='lat' dir='ltr'>Principes</span> <span class='ocrx_word' id='word_1_651' title='bbox 1346 3006 1468 3043; x_wconf 91' lang='lat' dir='ltr'>locum</span> <span class='ocrx_word' id='word_1_652' title='bbox 1487 3005 1737 3056; x_wconf 85' lang='lat' dir='ltr'>descripserunt.</span> <span class='ocrx_word' id='word_1_653' title='bbox 1776 3016 1809 3041; x_wconf 84' lang='lat' dir='ltr'>at</span> <span class='ocrx_word' id='word_1_654' title='bbox 1829 3018 1976 3054; x_wconf 87' lang='lat' dir='ltr'>nuperus</span> <span class='ocrx_word' id='word_1_655' title='bbox 2001 3009 2179 3044; x_wconf 64' lang='lat' dir='ltr'>correoor</span> <span class='ocrx_word' id='word_1_656' title='bbox 2209 3013 2252 3045; x_wconf 86' lang='lat' dir='ltr'>ne</span> <span class='ocrx_word' id='word_1_657' title='bbox 2270 3006 2350 3044; x_wconf 91' lang='lat' dir='ltr'>illud</span> 
     </span>
     <span class='ocr_line' id='line_1_72' title="bbox 281 3054 1660 3088; baseline 0 -2"><span class='ocrx_word' id='word_1_658' title='bbox 281 3061 353 3086; x_wconf 82' lang='lat' dir='ltr'>cee</span> <span class='ocrx_word' id='word_1_659' title='bbox 381 3060 503 3088; x_wconf 79' lang='lat' dir='ltr'>rarum.</span> <span class='ocrx_word' id='word_1_660' title='bbox 1570 3056 1577 3064; x_wconf 85' lang='lat'><strong><em>&#39;</em></strong></span> <span class='ocrx_word' id='word_1_661' title='bbox 1654 3054 1660 3063; x_wconf 85' lang='lat'><em>‘</em></span> 
     </span>
    </p>
   </div>
   <div class='ocr_carea' id='block_1_12' title="bbox 1340 2803 2350 2902">
    <p class='ocr_par' dir='ltr' id='par_1_16' title="bbox 1340 2803 2350 2902">
     <span class='ocr_line' id='line_1_73' title="bbox 1340 2803 2349 2854; baseline 0.001 -16"><span class='ocrx_word' id='word_1_662' title='bbox 1340 2820 1413 2848; x_wconf 73' lang='grc' dir='ltr'>σευ,</span> <span class='ocrx_word' id='word_1_663' title='bbox 1444 2804 1466 2845; x_wconf 67' lang='lat' dir='ltr'>‘n‘</span> <span class='ocrx_word' id='word_1_664' title='bbox 1482 2807 1540 2842; x_wconf 68' lang='lat' dir='ltr'>aa&gt;</span> <span class='ocrx_word' id='word_1_665' title='bbox 1562 2803 1655 2854; x_wconf 62' lang='grc' dir='ltr'>δεῧρο</span> <span class='ocrx_word' id='word_1_666' title='bbox 1676 2808 1731 2842; x_wconf 75' lang='grc' dir='ltr'>ἀεὶ</span> <span class='ocrx_word' id='word_1_667' title='bbox 1754 2807 1812 2843; x_wconf 78' lang='grc' dir='ltr'>ὑπ’</span> <span class='ocrx_word' id='word_1_668' title='bbox 1830 2808 1940 2844; x_wconf 66' lang='grc' dir='ltr'><em>ἀυτῶν</em></span> <span class='ocrx_word' id='word_1_669' title='bbox 1958 2805 2021 2841; x_wconf 72' lang='grc' dir='ltr'>τᾶἷν</span> <span class='ocrx_word' id='word_1_670' title='bbox 2037 2807 2090 2840; x_wconf 67' lang='grc' dir='ltr'>ἀεὶ</span> <span class='ocrx_word' id='word_1_671' title='bbox 2103 2803 2349 2852; x_wconf 69' lang='grc' dir='ltr'>ἀυτοκροιτόρων</span> 
     </span>
     <span class='ocr_line' id='line_1_74' title="bbox 1340 2853 2350 2902; baseline 0.002 -12"><span class='ocrx_word' id='word_1_672' title='bbox 1340 2857 1504 2893; x_wconf 64' lang='grc' dir='ltr'>τελεῖται.</span> <span class='ocrx_word' id='word_1_673' title='bbox 1537 2856 1667 2893; x_wconf 87' lang='lat' dir='ltr'>editum</span> <span class='ocrx_word' id='word_1_674' title='bbox 1685 2856 1732 2893; x_wconf 85' lang='lat' dir='ltr'>est</span> <span class='ocrx_word' id='word_1_675' title='bbox 1749 2856 1768 2897; x_wconf 65' lang='grc' dir='ltr'><em>ἥ</em></span> <span class='ocrx_word' id='word_1_676' title='bbox 1788 2853 1998 2902; x_wconf 56' lang='grc' dir='ltr'>καὶδευτέρας,</span> <span class='ocrx_word' id='word_1_677' title='bbox 2018 2853 2085 2891; x_wconf 71' lang='lat' dir='ltr'>o&#39;m&#39;.</span> <span class='ocrx_word' id='word_1_678' title='bbox 2113 2854 2218 2892; x_wconf 78' lang='lat' dir='ltr'>facilis</span> <span class='ocrx_word' id='word_1_679' title='bbox 2230 2869 2350 2893; x_wconf 85' lang='lat' dir='ltr'>emen-</span> 
     </span>
    </p>
   </div>
   <div class='ocr_carea' id='block_1_13' title="bbox 1346 3055 2359 3146">
    <p class='ocr_par' dir='ltr' id='par_1_17' title="bbox 1346 3055 2359 3146">
     <span class='ocr_line' id='line_1_75' title="bbox 1346 3055 2352 3110; baseline 0.002 -18"><span class='ocrx_word' id='word_1_680' title='bbox 1346 3055 1489 3110; x_wconf 84' lang='lat' dir='ltr'>quidem</span> <span class='ocrx_word' id='word_1_681' title='bbox 1500 3056 1612 3100; x_wconf 69' lang='lat' dir='ltr'>seivit,</span> <span class='ocrx_word' id='word_1_682' title='bbox 1631 3070 1660 3091; x_wconf 79' lang='lat' dir='ltr'>os</span> <span class='ocrx_word' id='word_1_683' title='bbox 1680 3055 1733 3092; x_wconf 69' lang='grc' dir='ltr'>ἀεὶ</span> <span class='ocrx_word' id='word_1_684' title='bbox 1753 3056 1990 3105; x_wconf 70' lang='grc' dir='ltr'>οἱω-οκρατορες</span> <span class='ocrx_word' id='word_1_685' title='bbox 2005 3057 2352 3108; x_wconf 81' lang='lat' dir='ltr'>genusdicendiGrae-</span> 
     </span>
     <span class='ocr_line' id='line_1_76' title="bbox 2231 3119 2359 3146; baseline 0 0"><span class='ocrx_word' id='word_1_686' title='bbox 2231 3119 2359 3146; x_wconf 79' lang='lat' dir='ltr'>corum.</span> 
     </span>
    </p>
   </div>
  </div>
 </body>
</html>
