2504 3425
284 161 374 199 ,ΞΟ

303 301 346 327 Ἣ
391 292 538 328 Palem,
566 295 633 332 qua
656 279 808 317 mulieres
825 277 871 311 ad
892 289 940 310 res
964 274 1105 309 divinas
1122 283 1320 318 uterentur,

305 316 364 375 &e
433 332 640 382 Huiusmodi
667 339 779 378 patera
809 325 902 361 casca
932 336 1020 361 voce
1049 324 1157 359 etiam
1191 324 1319 371 Calpas

305 402 324 425 ‘1
351 366 393 426 rid
418 386 564 423 Festum.
623 383 747 426 Neque
765 374 937 412 Romanis
952 384 1108 416 tantum,
1137 373 1192 409 sed
1213 375 1323 422 genti-

306 402 370 477 lalits
391 438 493 474 ctiam
509 434 578 469 aliis
597 428 757 478 plerisque
772 426 824 462 hic
841 426 940 467 ritus,
966 436 1001 461 ut
1021 436 1137 473 patera
1151 424 1320 482 Didonis,

307 487 445 526 AEneide
470 498 498 520 1.
535 484 656 517 Pater-a
682 476 823 513 Pterelae
856 476 945 523 regis
967 503 978 519 ‚
1018 474 1125 510 Plauti
1150 475 1319 523 Amphitr.

305 536 497 584 Vestigium
514 542 653 582 quoque
671 530 705 564 in
719 526 832 563 litteris
854 525 952 562 sacris
972 553 986 569 ,
1021 536 1057 561 ut
1074 526 1270 562 Rectorum
1289 539 1319 563 c.

303 598 405 626 xxxv.

358 640 483 671 Latum
504 631 643 669 clavum
668 640 867 679 quanquam
877 625 994 672 fratre
1015 627 1144 675 adepto,
1161 627 1177 674 ]
1230 626 1322 664 Ade-

305 698 402 723 -itutn
419 685 526 722 latum
545 683 682 719 clavum
700 679 850 728 intellige
869 690 889 713 a
910 678 1066 728 Principe
1085 679 1319 729 impetratum.

304 709 521 774 iti-<rumano
553 736 601 769 est
629 732 760 781 Papinii
782 730 878 766 locus
909 728 998 766 Silva
1025 729 1152 778 penult.
1180 729 1239 768 lib.
1269 742 1320 767 1v.

305 769 410 835 qui-’m
441 786 558 822 locum
577 783 748 820 restituere
767 782 802 816 in
828 778 1078 817 animadversis
1107 780 1150 816 ad
1178 783 1218 817 C.
1241 783 1323 818 Sue-

303 839 440 874 tonium
467 833 639 885 aggi-effi,
678 831 868 869 destituere.
925 834 978 868 Sic
1009 842 1131 868 autern
1156 830 1323 881 legendus

305 886 486 987 estQippe
507 933 560 978 Εἴ
577 932 706 983 opes&
717 932 801 981 origo
804 929 944 981 finum,
962 931 1026 968 hac
1035 931 1194 981 lampade
1204 933 1323 981 prima

358 988 530 1024 patritias
546 986 678 1023 intrare
689 984 802 1029 fores,
831 996 869 1018 ac
881 984 966 1030 pube
978 983 1043 1031 sub
1059 984 1129 1031 ipsa

363 1038 378 1085 (
389 1039 422 1074 Si
442 1037 538 1074 mode
549 1045 657 1084 prona
676 1034 765 1070 bonis
783 1033 907 1069 invicti
925 1033 1063 1081 Cefim's
1080 1031 1194 1082 adsint

358 1086 541 1133 Numina)
574 1084 724 1122 Romulei
739 1084 841 1120 limen
854 1082 986 1130 pulsare
995 1084 1150 1130 senatus.

298 1140 423 1190 ἼΟΡεεε,
450 1138 558 1186 inquit
576 1165 588 1179 ,
615 1149 639 1172 ο
658 1133 863 1171 Menecratis
882 1131 955 1175 fili,
988 1137 1024 1169 ὃ(
1042 1134 1142 1181 origo
1162 1131 1275 1169 {inunt
1293 1144 1328 1178 te

306 1191 481 1240 patritium
507 1199 651 1238 puerum
670 1184 768 1227 fieri,
798 1182 822 1218 st
845 1195 966 1218 tamen
986 1183 1148 1232 placitum
1167 1184 1327 1233 Principi.

309 1243 445 1291 Quippe
475 1250 510 1275 ut
535 1250 638 1286 eques
665 1247 685 1271 a
711 1234 863 1283 Principe
881 1232 1017 1269 senator
1037 1232 1134 1270 fieret
1150 1262 1162 1276 ,
1193 1234 1263 1271 cluo
1278 1246 1330 1270 re·

310 1290 427 1340 quifita
450 1319 462 1333 ‚
503 1287 619 1325 census
635 1290 672 1323 ὃς
691 1284 849 1335 splendor
865 1285 1011 1333 generis.
1071 1287 1190 1332 Quare
1208 1284 1330 1322 01)Ιί-

309 1342 383 1378 nius
412 1339 504 1390 epist.
533 1352 610 1376 111.
649 1335 708 1373 lib.
733 1349 764 1372 x.
810 1334 889 1372 cum
927 1347 947 1371 a
985 1336 1141 1381 Traiano
1175 1346 1327 1384 peteret,

308 1403 344 1428 ut
381 1390 587 1429 Voconium
636 1391 842 1424 Romanum
888 1387 923 1422 in
968 1384 1124 1422 senatum
1170 1387 1329 1436 legeret,

310 1441 482 1484 ostendit,
530 1441 560 1477 ei
605 1437 745 1476 censum
792 1435 856 1474 esse
902 1440 940 1474 ὅ(
976 1435 1197 1488 splendorem
1238 1449 1334 1475 nata-

310 1491 406 1531 lium.

365 1544 479 1594 Atque
503 1541 610 1579 iidem
639 1539 682 1576 illi
702 1540 758 1590 qui
776 1538 870 1576 male
896 1537 1072 1577 restituunt
1091 1538 1213 1576 locum
1232 1540 1332 1589 Papi-

310 1594 387 1637 nii,
431 1595 582 1630 etiamne
629 1592 722 1628 reste
765 1589 905 1627 censent
932 1590 1087 1626 tunicam
1118 1589 1330 1627 laticlaviam

310 1644 508 1681 senatorum
537 1643 649 1680 liberis
687 1654 760 1678 non
794 1641 888 1679 aliter
915 1638 1012 1678 fuisse
1029 1668 1043 1683 ,
1087 1652 1197 1691 quam
1222 1640 1333 1677 indul-

311 1697 425 1744 gentia
453 1694 524 1735 five
554 1691 728 1731 beneficio
747 1693 942 1742 Principis?
977 1692 1092 1740 Atque
1123 1691 1330 1742 distinguere

310 1735 496 1794 oportuit:
533 1758 661 1795 nempe
695 1743 759 1787 iis,
803 1744 861 1793 qui
888 1756 963 1779 non
1003 1740 1107 1779 ess'ent
1132 1741 1332 1779 senatorum

311 1796 430 1840 liberi,
464 1809 551 1846 opus
567 1795 775 1843 indulgentia
794 1794 848 1830 illa
871 1793 1059 1843 Principis,
1096 1804 1132 1828 ut
1152 1806 1242 1830 nunc
1274 1797 1331 1830 Sa-

300 1846 400 1884 bino
429 1858 469 1883 ac
498 1843 711 1896 Vespafiano
733 1860 743 1881 ε
791 1856 826 1881 at
851 1844 1049 1883 senatorum
1075 1842 1190 1880 liberis
1215 1845 1333 1880 omni-

315 1896 379 1934 bus
407 1896 474 1933 hoc
503 1897 555 1942 jus
583 1895 640 1931 lati
669 1894 783 1939 clavi,
827 1897 864 1930 ὃ(
894 1908 975 1931 cum
1001 1905 1086 1944 toga
1113 1893 1199 1931 virili
1223 1894 1333 1932 sumta

315 1946 418 1984 simul
435 1947 548 1985 tunica
570 1945 737 1986 liticlavia.
788 1946 881 1982 Hinc
909 1944 988 1982 illud
1012 1945 1144 1995 Papinii
1166 1943 1256 1984 Silva
1280 1959 1332 1982 11.

316 1997 419 2037 lib.v.

370 2071 415 2080 ··--
440 2054 528 2085 Λίοκ
555 2053 588 2084 T
584 2048 669 2096 yrias
697 2058 739 2083 ex
765 2057 854 2083 more
875 2044 966 2094 finus
986 2073 1000 2089 ,
1042 2046 1262 2096 tunicamque
1279 2054 1336 2094 po-

488 2108 616 2135 tentem

369 2148 555 2198 'Agnovere
574 2148 729 2191 humeri,
757 2150 826 2184 &c.
896 2198 899 2200 v

319 2199 443 2238 melius
478 2200 561 2243 alii,
607 2201 826 2247 tunicamque
858 2205 1046 2245 patentem.
1099 2197 1156 2234 Ait
1190 2210 1336 2248 puerum

320 2250 519 2301 Crispinum
545 2249 647 2287 ssmul
673 2262 754 2286 cum
789 2247 910 2284 calceis
933 2247 1054 2285 lunatis
1094 2249 1200 2284 etiam
1228 2248 1337 2286 latum

320 2301 459 2339 clavum
475 2331 486 2345 ‚
518 2299 590 2339 sive
619 2300 771 2338 tunicam
797 2298 1003 2337 laticlaviam
1021 2327 1038 2342 „
1070 2296 1221 2335 sumfiffe
1237 2328 1249 2342 ,
1291 2299 1339 2335 id-

320 2364 388 2401 que
416 2350 550 2390 factum
581 2351 627 2389 de
659 2363 761 2389 more
776 2378 795 2394 „
817 2363 971 2401 nempe,
1004 2349 1202 2387 senatorum
1230 2349 1342 2388 liberis

319 2401 431 2440 inlito.

375 2455 572 2504 Opponunt
588 2452 705 2489 locum
723 2451 874 2495 Isidori,
903 2450 966 2505 qui
978 2464 1008 2488 c.
1033 2464 1083 2489 lv.
1106 2450 1164 2489 lib.
1188 2463 1243 2489 1x.
1270 2453 1338 2496 ait,

320 2502 519 2542 senatorum
558 2504 683 2540 liberos
723 2504 852 2553 equites
883 2500 977 2538 fuisse
996 2529 1008 2545 ,
1048 2501 1150 2552 usque
1174 2502 1217 2538 ad
1234 2502 1343 2552 legiti-

724 136 828 193 IN
902 135 969 189 C.
1036 134 1485 187 SUETON.

303 235 485 274 libationes
506 261 519 279 ,
557 243 673 284 patera
699 241 856 277 nempe:
896 238 932 262 ut
959 223 1138 260 Ciceronis
1171 225 1319 261 Verrina
1378 223 1467 274 piani
1483 225 1529 260 D.
1546 222 1588 260 de
1608 225 1846 270 Senator-ibus,

1561 133 1988 192 VESPA*S.

1873 229 1953 279 quia
1968 229 2024 267 lati
2048 228 2137 270 clavi
2161 233 2399 283 praerogativae

1380 274 1543 322 plurimae.
1876 292 1879 293 ⁷

1437 338 1464 360 1.
1506 323 1661 373 Qtaestio
1689 354 1703 368 ,
1746 328 1801 363 An
1835 329 1937 365 etiam
1969 330 2148 381 adoptatus
2173 344 2195 369 a
2222 332 2401 380 senatore,

1379 372 1419 409 fit
1433 374 1597 412 senatoris
1615 373 1705 412 filius
1725 405 1736 419 ,
1764 376 1834 416 five
1853 381 1902 425 jus
1920 379 1977 417 lati
1997 381 2083 420 clavi
2106 383 2256 424 habeat?
2285 383 2402 423 Adfir-

1380 437 1495 462 matur
1515 426 1535 462 l.
1550 440 1584 463 v.
1605 428 1651 463 D.
1670 428 1748 463 eod.

1442 490 1494 513 Η.
1523 478 1577 513 An
1607 478 1709 513 etiam
1731 477 1785 514 ille
1811 477 1974 518 senatoris
1993 480 2083 519 filius
2105 512 2118 527 ‚
2153 485 2210 533 qui
2238 484 2407 538 susceptus

1381 528 1471 574 patri
1500 539 1580 564 ante
1607 527 1815 575 senatoriam
1844 529 2047 579 dignitatem
2072 535 2083 570 ἓ
2118 533 2331 574 Adfirmatur
2367 538 2402 576 d.

1382 576 1402 613 l.
1415 591 1447 614 v.
1469 581 1506 614 ὅ(
1522 578 1543 616 l.
1561 593 1612 615 11.
1635 583 1664 622 ᾗ.
1684 579 1824 626 Infiliis.
1855 580 1897 617 de
1916 583 2180 622 Decurionibus.
2209 585 2231 623 l.
2249 589 2359 624 Moris
2371 592 2401 632 §.

1383 629 1509 678 penult.
1552 628 1596 665 de
1614 631 1732 667 Poenis
1752 632 1798 666 D.
1822 633 1948 682 Neque
1965 631 2077 670 obstat
2091 632 2182 671 l.x1.
2212 639 2255 674 C.
2283 638 2326 675 de
2346 640 2408 675 Di-

1382 680 1502 728 gnitat.
1563 682 1661 717 Nam
1680 680 1816 719 turbide
1834 682 2031 720 admodum
2059 696 2079 720 a
2108 683 2248 722 librariis
2270 701 2408 740 accepta

1383 730 1457 775 est,
1487 730 1535 767 fic
1556 743 1674 768 autem
1700 732 1914 781 digerenda:
1942 735 1978 770 Si
1992 735 2124 781 senator
2149 740 2206 773 vel
2223 736 2314 776 alius
2339 742 2407 776 cta-
2444 781 2448 786 ,

1380 780 1520 830 rtffimus
1532 785 1690 831 privatos
1705 782 1828 820 habeat
1837 783 1946 832 filios,
1959 786 2062 824 editos
2078 787 2215 837 quippe,
2226 799 2412 840 antequam

1374 833 1551 881 sztset'peret
1567 831 1773 882 dignitatem
1806 834 1820 881 (
1835 849 1910 872 cum
1921 845 2080 884 paternos
2099 846 2237 875 honores
2254 839 2410 878 invidere

1374 883 1460 930 filiis
1477 897 1543 919 non
1560 884 1735 932 oporteat)
1764 898 1785 920 a
1796 885 1952 934 senatore
1979 889 2037 924 vel
2054 889 2122 925 alio
2147 889 2323 937 clariffimo
2343 894 2410 940 su]-

1384 942 1534 982 ceptnm,
1562 936 1599 971 in
1616 933 1864 983 Clariffimatus
1879 936 2056 985 sciendum
2076 938 2117 985 est
2128 939 2295 988 dignitate
2311 955 2410 978 man-

1377 985 1511 1032 fiaerum.
1572 987 1674 1033 Qod
1691 999 1758 1022 non
1773 987 1885 1034 solum
1910 989 1999 1025 circat
2023 990 2187 1038 masculos
2212 991 2411 1040 dignoscitur

1388 1035 1623 1080 constitutum,
1651 1050 1773 1073 verum
1792 1037 1897 1073 etiam
1921 1040 2009 1076 circu
2021 1039 2116 1087 filias
2126 1039 2235 1088 fimili
2250 1043 2410 1078 conditio-

1388 1099 1428 1120 ne
1439 1086 1668 1132 servandum.
1726 1088 1805 1123 Scio
1823 1087 1932 1126 visum
1954 1090 2026 1127 aliis
2043 1091 2138 1128 aliter
2152 1120 2163 1134 ‚
2192 1090 2250 1128 sed
2266 1104 2301 1129 ut
2316 1093 2416 1130 Plau-

1389 1146 1443 1171 tus
1459 1135 1562 1178 dixit‚
1587 1137 1694 1172 etiam
1714 1137 1811 1172 oculis
1828 1150 1888 1174 eos
1903 1141 2093 1179 utilitatem
2110 1142 2173 1179 hac
2192 1143 2227 1179 in
2244 1157 2280 1180 re.
2287 1152 2418 1192 parum

1390 1185 1569 1222 obtinuisse
1587 1185 1667 1223 scio.

1450 1250 1461 1272 1
1476 1250 1485 1272 1
1500 1251 1528 1274 1.
1554 1237 1630 1280 An,
1647 1237 1704 1287 qui
1720 1236 1900 1288 adoptatus
1915 1251 1935 1275 a
1953 1239 2108 1278 senatore
2124 1271 2137 1287 ,
2160 1247 2196 1280 ὅ(
2211 1245 2285 1295 post
2296 1258 2418 1282 eman-

1389 1287 1518 1337 cipatus
1537 1316 1549 1331 ,
1586 1299 1729 1324 maneat
1756 1300 1876 1326 tamen
1899 1287 1988 1330 filius
2019 1291 2215 1332 senatoris?
2251 1298 2409 1345 Negatut·

1387 1336 1409 1374 l.
1424 1349 1482 1374 vr.
1514 1340 1561 1375 D.
1584 1339 1628 1375 de
1648 1339 1879 1377 Senator-ibus.

1449 1402 1502 1427 1v.
1532 1391 1587 1425 An
1618 1389 1781 1427 senatoris
1807 1389 1898 1428 filius
1923 1391 2022 1430 datus
2047 1395 2082 1430 in
2109 1396 2336 1447 adoptionem
2365 1398 2417 1442 ei,

1388 1439 1446 1489 qui
1460 1438 1631 1489 dignitatis
1651 1440 1820 1478 inferioris
1837 1441 1885 1479 est
1907 1465 1918 1480 ‚
1958 1455 2102 1482 maneat
2124 1445 2287 1484 senatoris
2305 1445 2418 1488 filius?

1389 1489 1606 1528 Adfirmatur
1623 1491 1657 1529 d.
1671 1492 1691 1530 l.
1705 1506 1766 1530 vl.

1443 1554 1476 1579 v.
1509 1542 1566 1578 An
1591 1541 1679 1580 filius
1705 1543 1867 1580 naturalis
1886 1547 2125 1596 emancipatus
2153 1559 2174 1584 a
2202 1559 2296 1599 patre
2322 1543 2419 1586 sena-

1386 1601 1463 1678 ἕπε
1483 1620 1497 1635 ,
1509 1593 1703 1679 dhabeatur
1719 1591 1810 1633 filius
1828 1594 1995 1634 senatoris
2015 1600 2030 1635 ἓ,
2062 1596 2276 1636 Adfirmatur
2294 1599 2316 1636 l.
2333 1612 2376 1638 v1
2389 1614 2424 1638 1„

1427 1669 1434 1679 .
1461 1656 1505 1679 eo
1532 1673 1540 1681 .

1439 1707 1497 1732 vr.
1528 1695 1584 1731 An
1602 1695 1781 1746 postumus

1387 1755 1502 1781 matut·
1523 1744 1556 1782 d.
1573 1744 1688 1785 l.v11.

1442 1809 1524 1833 v11.
1551 1797 1607 1833 An
1631 1797 1688 1846 qui
1711 1808 1901 1848 conceptus
1922 1802 1960 1836 &
1985 1811 2081 1837 natus
2101 1828 2112 1845 ,
2149 1799 2330 1851 postquam
2355 1813 2415 1852 pa->

1388 1857 1437 1881 ter
1457 1845 1572 1883 senatu
1590 1859 1709 1884 motus
1727 1847 1797 1891 est,
1827 1848 1993 1888 senatoris
2016 1849 2127 1890 filius?
2156 1853 2317 1900 Negatur
2335 1852 2368 1890 d.
2384 1852 2407 1890 l.

1390 1909 1476 1934 V11..
2209 1945 2211 1948 ¹

1444 1959 1485 1983 V1
1499 1961 1510 1983 1
1523 1960 1551 1984 1.
1580 1948 1651 1994 Qui
1661 1959 1846 1996 conceptus
1864 1961 1958 2000 patre
1979 1949 2153 1992 senatore,
2181 1962 2418 1991 natustautem

1392 2006 1485 2047 patre
1504 1999 1575 2044 §am
1593 1997 1795 2048 regradato,
1824 2010 1870 2036 an
1887 2001 2052 2037 senatoris
2070 1998 2159 2037 fflius
2179 2004 2190 2039 Ξ
2232 2000 2413 2040 Adfirma-

1392 2059 1445 2084 tur
1472 2047 1635 2086 d.l.v11.
2218 2053 2224 2055 ’

1450 2111 1500 2135 xx.
1536 2102 1571 2136 Is
1599 2100 1653 2136 cui
1677 2104 1717 2138 δε
1736 2111 1830 2150 pater
1865 2104 1903 2138 <Sc
1935 2113 2020 2139 avus
2046 2100 2212 2145 senator,
2248 2101 2306 2139 sed
2322 2114 2418 2154 patet·

1389 2149 1507 2186 senatu
1533 2161 1648 2186 motus
1665 2179 1678 2194 ,
1711 2162 1900 2201 antequam
1912 2154 1938 2188 is
1957 2153 2221 2202 conciperetur3
2248 2164 2315 2196 an,
2337 2155 2416 2204 quia

1390 2199 1553 2237 senatoris
1580 2198 1667 2238 filius
1696 2216 1768 2238 non
1797 2202 1872 2245 est,
1919 2203 2025 2239 etiam
2048 2216 2158 2253 nepos
2175 2203 2340 2242 senatoris
2358 2205 2419 2243 ha-

1392 2249 1526 2287 bendus
1544 2264 1616 2287 non
1641 2250 1702 2290 fit?
1732 2256 1890 2301 Negatur
1905 2252 1938 2290 d.
1958 2253 1978 2290 l.
1994 2267 2035 2291 vx
2048 2268 2081 2291 1..

1448 2303 1564 2349 Affagis
1588 2304 1735 2338 convicio
1752 2332 1765 2347 ,
1801 2316 1905 2350 quam
1934 2305 2178 2353 anelorztate]
2219 2307 2327 2343 Patris
2354 2319 2418 2357 po-

1394 2350 1494 2388 testas
1515 2351 1587 2389 five
1606 2353 1769 2399 majesta-s
1786 2353 1934 2398 dicitur,
1958 2357 2078 2393 matris
2095 2357 2288 2395 auam-itas.
2315 2360 2418 2395 Pater

1396 2402 1514 2449 jubere
1533 2403 1641 2453 potest
1662 2433 1680 2447 ‚v
1708 2416 1826 2441 mater⁴
1837 2418 1909 2441 non
1931 2405 2041 2454 potest
2061 2436 2073 2451 ,
2109 2409 2187 2458 quia
2214 2421 2287 2445 non
2313 2407 2420 2446 habet

1396 2455 1430 2489 in
1453 2455 1616 2504 potestate
1635 2473 1652 2499 52
1692 2454 1762 2491 ssve
1783 2457 1883 2505 patris
1903 2454 2000 2502 juffus
2027 2458 2076 2494 est
2095 2460 2165 2503 iure
2185 2458 2272 2497 civili
2293 2488 2304 2503 ‚
2341 2470 2418 2496 ma-

1394 2506 1450 2541 tris
1477 2518 1547 2542 non
1577 2505 1625 2541 est
1661 2504 1793 2552 jussirs,¹
1826 2506 1883 2543 sed
1915 2510 2097 2545 auctoritas
2133 2521 2254 2546 tamen
2290 2509 2414 2560 aliqua.

1806 1680 1949 1746 quoque
1969 1696 2133 1736 senatoris
2147 1697 2235 1737 filius
2256 1702 2269 1739 ἰ
2305 1697 2419 1737 Adfir-

322 2566 422 2592 mam
441 2566 580 2591 aetatem
598 2583 609 2597 ,
640 2552 711 2591 five
734 2567 864 2590 annum
883 2554 1038 2603 quintum
1056 2552 1340 2601 &wigefimum.
1395 2555 1497 2592 Unde
1527 2556 1607 2592 illud
1623 2556 1642 2592 l.
1662 2571 1742 2594 xxx.
1784 2559 1824 2592 C.
1859 2556 1901 2593 de
1922 2556 2037 2596 Inoffi
2075 2558 2147 2598 test.
2188 2559 2278 2596 Filia
2305 2570 2418 2598 matre

321 2604 387 2640 Sed
407 2605 486 2641 nihil
502 2607 598 2651 juvat
620 2617 683 2641 eos
699 2602 871 2662 Isidorus...

325 2656 615 2742 ἓιὲυὲιζεέυξῖἒξο,
642 2655 698 2691 sed
717 2655 883 2692 laticlavu.

919 2606 1005 2639 Non
1021 2602 1118 2639 liberi
1146 2605 1343 2641 senatorum
1367 2642 1370 2655 ἰ
1394 2607 1528 2642 volente
1547 2606 1655 2654 nupfit
1674 2636 1686 2650 ,
1727 2611 1797 2644 &c.
1839 2609 1951 2658 itaque
1978 2611 2095 2647 matris
2126 2610 2273 2660 potestas
2305 2611 2418 2660 aliqua

941 2654 1054 2703 Atque
1072 2656 1138 2690 hoc
1155 2653 1343 2692 institutum
1366 2661 1370 2705 j
1396 2656 1555 2693 naturalis
1570 2670 1705 2694 tantum
1725 2668 1743 2690 ε.
1764 2659 1865 2708 patris
1883 2662 1924 2695 ὃς.
1945 2661 2103 2697 naturalis
2122 2661 2284 2699 &civilis.
2322 2663 2415 2698 Hinc

681 2717 715 2742 ut
737 2717 829 2755 patet
855 2708 898 2743 C.
914 2706 1064 2742 Suetonii
1083 2717 1340 2754 cap.xxxvu1.
1367 2711 1370 2765 f
1396 2709 1498 2757 patris
1536 2711 1575 2744 ὃς
1612 2709 1730 2745 matris
1769 2708 1917 2759 potestas
1950 2711 2125 2762 ixztaequalis
2157 2711 2275 2749 dicitur
2313 2709 2333 2748 l.
2363 2725 2414 2750 ιν,

327 2754 385 2790 ubi
404 2785 414 2799 ,
434 2758 585 2802 protinus
605 2785 624 2800 ,A
655 2757 830 2806 intellige,
869 2768 947 2792 ante
964 2755 1154 2805 legitimam
1181 2768 1342 2800 aetatem,
1366 2776 1369 2784 ·
1396 2761 1443 2795 D.
1475 2758 1518 2795 de
1537 2761 1627 2796 Cur..
1646 2758 1762 2797 furios.
1802 2762 1853 2797 M.
1874 2764 2003 2798 Seneca
2031 2761 2251 2801 Controvers.
2278 2774 2329 2800 ιν,
2357 2761 2414 2799 lib.

330 2802 401 2838 ssve
421 2806 539 2853 paritet·
565 2820 645 2842 cum
671 2818 754 2856 toga
782 2806 876 2845 virili.
936 2810 1143 2843 Senatorum
1169 2808 1281 2857 itaque
1306 2808 1343 2844 li-

334 2852 405 2888 beri
423 2868 492 2890 non
509 2854 603 2891 fuere
622 2857 794 2894 senatores
810 2869 888 2894 ante
907 2856 1100 2907 legitimam
1117 2868 1277 2904 aetatem3
1307 2870 1342 2895 at

333 2902 486 2939 l-niclavii
506 2902 608 2941 fuere.

391 2953 442 2987 Ad
480 2955 527 2997 ius
554 2955 663 3003 itaque
691 2956 756 2991 hoc
785 2957 839 2993 lati
865 2958 979 3001 clavi,
1016 2957 1110 3008 quod
1143 2957 1340 2996 senatorum

335 3001 446 3037 liberis
463 3030 472 3044 ,
506 3015 689 3050 ame-quam
716 3006 885 3044 senatores
909 3007 1033 3044 fierent
1049 3036 1060 3051 ,
1091 3010 1313 3059 competebat
1333 3039 1346 3054 ,

337 3054 506 3103 pertinent
524 3053 586 3089 illa:
613 3055 644 3090 in
672 3057 747 3097 jure
771 3058 856 3098 cirili
879 3058 1082 3109 quaessiones
1106 3061 1197 3098 Pauli
1224 3063 1261 3097 δε
1287 3060 1345 3098 Ul-

1365 2789 1486 2860 lm..

1535 2810 1656 2848 Pm‘mae
1673 2818 1789 2859 partes
1804 2811 1889 2858 Jimt
1908 2813 2021 2860 patris
2035 2841 2048 2857 ,
2087 2813 2232 2861 ftcunda
2272 2814 2417 2856 matris,

1396 2862 1474 2897 δίς..

1453 2915 1515 2947 Per
1540 2910 1778 2948 contumeliam
1804 2911 2096 2950 anteambulonem
2115 2911 2287 2960 fratris.]
2325 2912 2417 2948 Salu-

1366 2972 1370 3020 Ι
1396 2971 1524 2998 tator-es
1540 2960 1611 3000 five
1635 2963 1836 2999 antelucana
1855 2961 1973 2999 officia
1995 2967 2123 2999 Romae
2150 2962 2229 2998 dicti
2256 2973 2416 2999 anteam-

1399 3011 1543 3049 bulones.
1599 3013 1760 3050 Martialis
1781 3014 1887 3063 epigr.
1901 3025 2025 3054 Lxxiv.
2042 3013 2097 3049 lib.
2109 3024 2141 3049 x,

1447 3083 1507 3093 ----
1534 3064 1719 3110 Qamrliu
1729 3063 1901 3113 salutator

2250 3119 2431 3151 „lt-meam-
